<?xml version="1.0" encoding="UTF-8"?>
<!DOCTYPE html PUBLIC "-//W3C//DTD XHTML 1.0 Transitional//EN"
    "http://www.w3.org/TR/xhtml1/DTD/xhtml1-transitional.dtd">
<html xmlns="http://www.w3.org/1999/xhtml" xml:lang="en" lang="en">
 <head>
  <title>
</title>
<meta http-equiv="Content-Type" content="text/html;charset=utf-8" />
  <meta name='ocr-system' content='tesseract 3.04.00' />
  <meta name='ocr-capabilities' content='ocr_page ocr_carea ocr_par ocr_line ocrx_word'/>
</head>
<body>
  <div class='ocr_page' id='page_1' title='image "./ulrichihuttenie12huttgoog_0137.png"; bbox 0 0 3410 5524; ppageno 0'>
   <div class='ocr_carea' id='block_1_1' title="bbox 326 385 1609 466">
    <p class='ocr_par' dir='ltr' id='par_1_1' title="bbox 326 385 1609 466">
     <span class='ocr_line' id='line_1_1' title="bbox 326 385 1609 466; baseline -0.009 -6"><span class='ocrx_word' id='word_1_1' title='bbox 326 385 397 460; x_wconf 71' lang='lat'><strong>¹20</strong></span> <span class='ocrx_word' id='word_1_2' title='bbox 417 415 540 454; x_wconf 77' lang='lat' dir='ltr'><strong>nvrrsur</strong></span> <span class='ocrx_word' id='word_1_3' title='bbox 549 415 586 452; x_wconf 82' lang='lat' dir='ltr'><strong>an</strong></span> <span class='ocrx_word' id='word_1_4' title='bbox 597 413 744 459; x_wconf 73' lang='lat' dir='ltr'><strong>rasurum</strong></span> <span class='ocrx_word' id='word_1_5' title='bbox 757 415 841 450; x_wconf 76' lang='lat' dir='ltr'><strong>orsa.</strong></span> <span class='ocrx_word' id='word_1_6' title='bbox 850 415 885 452; x_wconf 83' lang='lat' dir='ltr'><strong>vr</strong></span> <span class='ocrx_word' id='word_1_7' title='bbox 898 415 1010 451; x_wconf 67' lang='lat' dir='ltr'><strong>amavit</strong></span> <span class='ocrx_word' id='word_1_8' title='bbox 1023 415 1122 452; x_wconf 80' lang='lat' dir='ltr'><strong>runcis</strong></span> <span class='ocrx_word' id='word_1_9' title='bbox 1136 413 1276 466; x_wconf 79' lang='lat' dir='ltr'><strong>rurrpaar</strong></span> <span class='ocrx_word' id='word_1_10' title='bbox 1290 413 1515 450; x_wconf 77' lang='lat' dir='ltr'><strong>sxaosraronra.</strong></span> <span class='ocrx_word' id='word_1_11' title='bbox 1526 397 1609 462; x_wconf 80' lang='lat' dir='ltr'><strong>(tots.)</strong></span> 
     </span>
    </p>
   </div>
   <div class='ocr_carea' id='block_1_2' title="bbox 231 565 1700 4828">
    <p class='ocr_par' dir='ltr' id='par_1_2' title="bbox 231 565 1700 4828">
     <span class='ocr_line' id='line_1_2' title="bbox 323 565 1609 648; baseline -0.004 -15"><span class='ocrx_word' id='word_1_12' title='bbox 323 573 418 633; x_wconf 80' lang='lat' dir='ltr'><strong>manis</strong></span> <span class='ocrx_word' id='word_1_13' title='bbox 445 569 564 632; x_wconf 75' lang='lat' dir='ltr'><strong>ambitio</strong></span> <span class='ocrx_word' id='word_1_14' title='bbox 592 574 638 630; x_wconf 87' lang='lat' dir='ltr'><strong>ost</strong></span> <span class='ocrx_word' id='word_1_15' title='bbox 664 585 730 648; x_wconf 77' lang='lat' dir='ltr'><strong>que</strong></span> <span class='ocrx_word' id='word_1_16' title='bbox 759 586 811 630; x_wconf 88' lang='lat' dir='ltr'><strong>vos</strong></span> <span class='ocrx_word' id='word_1_17' title='bbox 839 567 962 638; x_wconf 73' lang='lat' dir='ltr'><strong>dirimit,</strong></span> <span class='ocrx_word' id='word_1_18' title='bbox 993 566 1038 631; x_wconf 85' lang='lat' dir='ltr'><strong>cui</strong></span> <span class='ocrx_word' id='word_1_19' title='bbox 1067 585 1167 646; x_wconf 81' lang='lat' dir='ltr'><strong>quaeso</strong></span> <span class='ocrx_word' id='word_1_20' title='bbox 1196 565 1241 629; x_wconf 84' lang='lat' dir='ltr'><strong>uel</strong></span> <span class='ocrx_word' id='word_1_21' title='bbox 1268 565 1305 630; x_wconf 88' lang='lat' dir='ltr'><strong>ad</strong></span> <span class='ocrx_word' id='word_1_22' title='bbox 1331 575 1448 646; x_wconf 87' lang='lat' dir='ltr'><strong>tempos</strong></span> <span class='ocrx_word' id='word_1_23' title='bbox 1469 569 1609 631; x_wconf 71' lang='lat' dir='ltr'>resistite:</span> 
     </span>
     <span class='ocr_line' id='line_1_3' title="bbox 324 669 1610 759; baseline -0.004 -22"><span class='ocrx_word' id='word_1_24' title='bbox 324 673 421 750; x_wconf 76' lang='lat' dir='ltr'><strong>magni</strong></span> <span class='ocrx_word' id='word_1_25' title='bbox 444 677 488 736; x_wconf 83' lang='lat' dir='ltr'><strong>eu</strong></span> <span class='ocrx_word' id='word_1_26' title='bbox 509 669 598 732; x_wconf 89' lang='lat' dir='ltr'><strong>animi</strong></span> <span class='ocrx_word' id='word_1_27' title='bbox 619 671 767 759; x_wconf 83' lang='lat' dir='ltr'><strong>imperare</strong></span> <span class='ocrx_word' id='word_1_28' title='bbox 789 669 941 731; x_wconf 80' lang='lat' dir='ltr'><strong>clientibus</strong></span> <span class='ocrx_word' id='word_1_29' title='bbox 963 688 998 730; x_wconf 89' lang='lat' dir='ltr'><strong>ac</strong></span> <span class='ocrx_word' id='word_1_30' title='bbox 1019 669 1140 730; x_wconf 89' lang='lat' dir='ltr'><strong>rationis</strong></span> <span class='ocrx_word' id='word_1_31' title='bbox 1162 669 1252 730; x_wconf 88' lang='lat' dir='ltr'><strong>ductu</strong></span> <span class='ocrx_word' id='word_1_32' title='bbox 1272 671 1342 746; x_wconf 74' lang='lat' dir='ltr'><strong>agi,&#39;</strong></span> <span class='ocrx_word' id='word_1_33' title='bbox 1359 685 1414 730; x_wconf 83' lang='lat' dir='ltr'><strong>nec</strong></span> <span class='ocrx_word' id='word_1_34' title='bbox 1437 670 1509 731; x_wconf 88' lang='lat' dir='ltr'><strong>ierri</strong></span> <span class='ocrx_word' id='word_1_35' title='bbox 1530 673 1610 748; x_wconf 90' lang='lat' dir='ltr'><strong>cupi-</strong></span> 
     </span>
     <span class='ocr_line' id='line_1_4' title="bbox 326 769 1609 852; baseline -0.002 -17"><span class='ocrx_word' id='word_1_36' title='bbox 326 773 447 836; x_wconf 88' lang='lat' dir='ltr'><strong>ditatum</strong></span> <span class='ocrx_word' id='word_1_37' title='bbox 468 779 569 852; x_wconf 88' lang='lat' dir='ltr'><strong>raptu:</strong></span> <span class='ocrx_word' id='word_1_38' title='bbox 599 772 702 852; x_wconf 81' lang='lat' dir='ltr'><strong>crigite</strong></span> <span class='ocrx_word' id='word_1_39' title='bbox 732 789 783 832; x_wconf 89' lang='lat' dir='ltr'><strong>uos</strong></span> <span class='ocrx_word' id='word_1_40' title='bbox 804 789 839 831; x_wconf 88' lang='lat' dir='ltr'><strong>ac</strong></span> <span class='ocrx_word' id='word_1_41' title='bbox 861 769 947 834; x_wconf 88' lang='lat' dir='ltr'><strong>altius</strong></span> <span class='ocrx_word' id='word_1_42' title='bbox 969 789 1033 832; x_wconf 86' lang='lat' dir='ltr'><strong>rem</strong></span> <span class='ocrx_word' id='word_1_43' title='bbox 1052 771 1247 851; x_wconf 83' lang='lat' dir='ltr'><strong>introspicite,</strong></span> <span class='ocrx_word' id='word_1_44' title='bbox 1276 769 1348 832; x_wconf 86' lang='lat' dir='ltr'><strong>nibil</strong></span> <span class='ocrx_word' id='word_1_45' title='bbox 1369 769 1427 832; x_wconf 89' lang='lat' dir='ltr'><strong>tale</strong></span> <span class='ocrx_word' id='word_1_46' title='bbox 1448 772 1609 840; x_wconf 80' lang='lat' dir='ltr'><strong>inuenietis,</strong></span> 
     </span>
     <span class='ocr_line' id='line_1_5' title="bbox 324 869 1700 954; baseline -0.001 -18"><span class='ocrx_word' id='word_1_47' title='bbox 324 877 349 936; x_wconf 91' lang='lat' dir='ltr'><strong>si</strong></span> <span class='ocrx_word' id='word_1_48' title='bbox 371 874 415 936; x_wconf 82' lang='lat' dir='ltr'><strong>vel</strong></span> <span class='ocrx_word' id='word_1_49' title='bbox 437 893 473 936; x_wconf 87' lang='lat' dir='ltr'><strong>ex</strong></span> <span class='ocrx_word' id='word_1_50' title='bbox 495 879 563 934; x_wconf 89' lang='lat' dir='ltr'><strong>uoto</strong></span> <span class='ocrx_word' id='word_1_51' title='bbox 584 871 628 934; x_wconf 93' lang='lat' dir='ltr'><strong>illi</strong></span> <span class='ocrx_word' id='word_1_52' title='bbox 648 871 799 934; x_wconf 77' lang='lat' dir='ltr'><strong>ambitioni</strong></span> <span class='ocrx_word' id='word_1_53' title='bbox 821 873 998 954; x_wconf 84' lang='lat' dir='ltr'><strong>respondeat</strong></span> <span class='ocrx_word' id='word_1_54' title='bbox 1019 873 1091 934; x_wconf 86' lang='lat' dir='ltr'><strong>deus</strong></span> <span class='ocrx_word' id='word_1_55' title='bbox 1113 879 1164 934; x_wconf 91' lang='lat' dir='ltr'><strong>aut</strong></span> <span class='ocrx_word' id='word_1_56' title='bbox 1184 873 1317 942; x_wconf 76' lang='lat' dir='ltr'><strong>fortuna,</strong></span> <span class='ocrx_word' id='word_1_57' title='bbox 1340 871 1419 950; x_wconf 88' lang='lat' dir='ltr'><strong>quod</strong></span> <span class='ocrx_word' id='word_1_58' title='bbox 1441 891 1511 936; x_wconf 83' lang='lat' dir='ltr'><strong>cunr</strong></span> <span class='ocrx_word' id='word_1_59' title='bbox 1525 873 1610 934; x_wconf 87' lang='lat' dir='ltr'><strong>huius</strong></span> <span class='ocrx_word' id='word_1_60' title='bbox 1699 869 1700 948; x_wconf 70' lang='lat' dir='ltr'><strong>l</strong></span> 
     </span>
     <span class='ocr_line' id='line_1_6' title="bbox 255 973 1629 1062; baseline -0.003 -22"><span class='ocrx_word' id='word_1_61' title='bbox 255 973 497 1062; x_wconf 76' lang='lat' dir='ltr'><strong>§.liaconcprdiao</strong></span> <span class='ocrx_word' id='word_1_62' title='bbox 519 973 598 1036; x_wconf 92' lang='lat' dir='ltr'><strong>bono</strong></span> <span class='ocrx_word' id='word_1_63' title='bbox 620 973 832 1036; x_wconf 82' lang='lat' dir='ltr'><strong>conterendum</strong></span> <span class='ocrx_word' id='word_1_64' title='bbox 854 976 900 1036; x_wconf 87' lang='lat' dir='ltr'><strong>sit.</strong></span> <span class='ocrx_word' id='word_1_65' title='bbox 944 975 1009 1036; x_wconf 83' lang='lat' dir='ltr'><strong>Dixi</strong></span> <span class='ocrx_word' id='word_1_66' title='bbox 1031 974 1272 1054; x_wconf 86' lang='lat' dir='ltr'><strong>uniuscorporis</strong></span> <span class='ocrx_word' id='word_1_67' title='bbox 1294 973 1427 1036; x_wconf 85' lang='lat' dir='ltr'><strong>membra</strong></span> <span class='ocrx_word' id='word_1_68' title='bbox 1451 993 1516 1036; x_wconf 68' lang='lat' dir='ltr'><strong>msc</strong></span> <span class='ocrx_word' id='word_1_69' title='bbox 1544 994 1629 1036; x_wconf 62' lang='lat' dir='ltr'><strong>roszo</strong></span> 
     </span>
     <span class='ocr_line' id='line_1_7' title="bbox 328 1074 1609 1158; baseline -0.003 -18"><span class='ocrx_word' id='word_1_70' title='bbox 328 1079 395 1157; x_wconf 76' lang='lat' dir='ltr'><strong>dato</strong></span> <span class='ocrx_word' id='word_1_71' title='bbox 422 1095 545 1158; x_wconf 88' lang='lat' dir='ltr'><strong>operam</strong></span> <span class='ocrx_word' id='word_1_72' title='bbox 573 1075 681 1156; x_wconf 73' lang='lat' dir='ltr'><strong>singidi</strong></span> <span class='ocrx_word' id='word_1_73' title='bbox 707 1094 745 1138; x_wconf 90' lang='lat' dir='ltr'><strong>ne</strong></span> <span class='ocrx_word' id='word_1_74' title='bbox 774 1075 843 1158; x_wconf 86' lang='lat' dir='ltr'><strong>quid</strong></span> <span class='ocrx_word' id='word_1_75' title='bbox 872 1095 889 1138; x_wconf 90' lang='lat' dir='ltr'><strong>a</strong></span> <span class='ocrx_word' id='word_1_76' title='bbox 911 1079 1014 1156; x_wconf 89' lang='lat' dir='ltr'><strong>quovis</strong></span> <span class='ocrx_word' id='word_1_77' title='bbox 1034 1074 1132 1137; x_wconf 82' lang='lat' dir='ltr'><strong>morbi</strong></span> <span class='ocrx_word' id='word_1_78' title='bbox 1153 1077 1184 1138; x_wconf 88' lang='lat' dir='ltr'><strong>iu</strong></span> <span class='ocrx_word' id='word_1_79' title='bbox 1206 1077 1374 1138; x_wconf 79' lang='lat' dir='ltr'><strong>universim</strong></span> <span class='ocrx_word' id='word_1_80' title='bbox 1396 1077 1609 1154; x_wconf 79' lang='lat' dir='ltr'><strong>proficiscatur.</strong></span> 
     </span>
     <span class='ocr_line' id='line_1_8' title="bbox 324 1175 1610 1266; baseline -0.002 -23"><span class='ocrx_word' id='word_1_81' title='bbox 324 1178 473 1266; x_wconf 82' lang='lat' dir='ltr'><strong>atquelbi</strong></span> <span class='ocrx_word' id='word_1_82' title='bbox 494 1177 665 1240; x_wconf 88' lang='lat' dir='ltr'><strong>ambitiosos</strong></span> <span class='ocrx_word' id='word_1_83' title='bbox 686 1195 750 1240; x_wconf 85' lang='lat' dir='ltr'><strong>esse</strong></span> <span class='ocrx_word' id='word_1_84' title='bbox 771 1195 823 1238; x_wconf 83' lang='lat' dir='ltr'><strong>uos</strong></span> <span class='ocrx_word' id='word_1_85' title='bbox 836 1179 970 1242; x_wconf 81' lang='lat' dir='ltr'><strong>maxime</strong></span> <span class='ocrx_word' id='word_1_86' title='bbox 991 1175 1094 1240; x_wconf 85' lang='lat' dir='ltr'><strong>v&#39;elim:</strong></span> <span class='ocrx_word' id='word_1_87' title='bbox 1117 1178 1187 1259; x_wconf 86' lang='lat' dir='ltr'><strong>quid</strong></span> <span class='ocrx_word' id='word_1_88' title='bbox 1208 1177 1356 1248; x_wconf 75' lang='lat' dir='ltr'><strong>salubrius</strong></span> <span class='ocrx_word' id='word_1_89' title='bbox 1378 1179 1458 1240; x_wconf 86' lang='lat' dir='ltr'><strong>enim</strong></span> <span class='ocrx_word' id='word_1_90' title='bbox 1474 1178 1544 1240; x_wconf 79' lang='lat' dir='ltr'><strong>bric</strong></span> <span class='ocrx_word' id='word_1_91' title='bbox 1558 1181 1610 1240; x_wconf 88' lang='lat' dir='ltr'><strong>im-</strong></span> 
     </span>
     <span class='ocr_line' id='line_1_9' title="bbox 324 1278 1610 1362; baseline -0.002 -18"><span class='ocrx_word' id='word_1_92' title='bbox 324 1283 424 1362; x_wconf 85' lang='lat' dir='ltr'><strong>perio,</strong></span> <span class='ocrx_word' id='word_1_93' title='bbox 454 1280 483 1341; x_wconf 96' lang='lat' dir='ltr'><strong>id</strong></span> <span class='ocrx_word' id='word_1_94' title='bbox 514 1286 559 1341; x_wconf 91' lang='lat' dir='ltr'><strong>est</strong></span> <span class='ocrx_word' id='word_1_95' title='bbox 587 1280 705 1358; x_wconf 81' lang='lat' dir='ltr'><strong>corpori</strong></span> <span class='ocrx_word' id='word_1_96' title='bbox 733 1285 850 1350; x_wconf 77' lang='lat' dir='ltr'><strong>annuo,</strong></span> <span class='ocrx_word' id='word_1_97' title='bbox 878 1297 966 1360; x_wconf 87' lang='lat' dir='ltr'><strong>quam</strong></span> <span class='ocrx_word' id='word_1_98' title='bbox 993 1281 1097 1342; x_wconf 87' lang='lat' dir='ltr'><strong>siuns</strong></span> <span class='ocrx_word' id='word_1_99' title='bbox 1124 1287 1157 1344; x_wconf 92' lang='lat' dir='ltr'><strong>ut</strong></span> <span class='ocrx_word' id='word_1_100' title='bbox 1183 1278 1355 1360; x_wconf 80' lang='lat' dir='ltr'><strong>principalia</strong></span> <span class='ocrx_word' id='word_1_101' title='bbox 1377 1279 1512 1342; x_wconf 85' lang='lat' dir='ltr'><strong>membra</strong></span> <span class='ocrx_word' id='word_1_102' title='bbox 1534 1283 1610 1346; x_wconf 86' lang='lat' dir='ltr'><strong>circa</strong></span> 
     </span>
     <span class='ocr_line' id='line_1_10' title="bbox 325 1377 1700 1480; baseline -0.001 -36"><span class='ocrx_word' id='word_1_103' title='bbox 325 1381 490 1447; x_wconf 88' lang='lat' dir='ltr'><strong>communis</strong></span> <span class='ocrx_word' id='word_1_104' title='bbox 511 1377 612 1444; x_wconf 87' lang='lat' dir='ltr'><strong>salutis</strong></span> <span class='ocrx_word' id='word_1_105' title='bbox 633 1397 735 1444; x_wconf 87' lang='lat' dir='ltr'><strong>curam</strong></span> <span class='ocrx_word' id='word_1_106' title='bbox 757 1379 793 1442; x_wconf 88' lang='lat' dir='ltr'><strong>ad</strong></span> <span class='ocrx_word' id='word_1_107' title='bbox 816 1379 1030 1456; x_wconf 80' lang='lat' dir='ltr'><strong>aemulationem</strong></span> <span class='ocrx_word' id='word_1_108' title='bbox 1051 1399 1146 1462; x_wconf 81' lang='lat' dir='ltr'><strong>usquc</strong></span> <span class='ocrx_word' id='word_1_109' title='bbox 1169 1380 1369 1442; x_wconf 77' lang='lat' dir='ltr'><strong>contendunt</strong></span> <span class='ocrx_word' id='word_1_110' title='bbox 1396 1388 1426 1442; x_wconf 88' lang='lat' dir='ltr'><strong>et</strong></span> <span class='ocrx_word' id='word_1_111' title='bbox 1447 1382 1520 1444; x_wconf 84' lang='lat' dir='ltr'><strong>laxit</strong></span> <span class='ocrx_word' id='word_1_112' title='bbox 1540 1383 1610 1444; x_wconf 85' lang='lat' dir='ltr'><strong>dous</strong></span> <span class='ocrx_word' id='word_1_113' title='bbox 1699 1417 1700 1480; x_wconf 43' lang='lat' dir='ltr'><strong>p</strong></span> 
     </span>
     <span class='ocr_line' id='line_1_11' title="bbox 325 1467 1700 1566; baseline 0 -20"><span class='ocrx_word' id='word_1_114' title='bbox 325 1487 453 1564; x_wconf 89' lang='lat' dir='ltr'><strong>optimus</strong></span> <span class='ocrx_word' id='word_1_115' title='bbox 474 1467 645 1555; x_wconf 69' lang='lat' dir='ltr'><strong>monimus,¹</strong></span> <span class='ocrx_word' id='word_1_116' title='bbox 662 1489 696 1546; x_wconf 90' lang='lat' dir='ltr'><strong>ut</strong></span> <span class='ocrx_word' id='word_1_117' title='bbox 724 1485 779 1544; x_wconf 93' lang='lat' dir='ltr'><strong>isto</strong></span> <span class='ocrx_word' id='word_1_118' title='bbox 801 1501 853 1544; x_wconf 91' lang='lat' dir='ltr'><strong>vos</strong></span> <span class='ocrx_word' id='word_1_119' title='bbox 874 1482 1148 1566; x_wconf 82' lang='lat' dir='ltr'><strong>aliquandoteneri</strong></span> <span class='ocrx_word' id='word_1_120' title='bbox 1170 1483 1265 1562; x_wconf 78' lang='lat' dir='ltr'><strong>studio</strong></span> <span class='ocrx_word' id='word_1_121' title='bbox 1288 1481 1416 1546; x_wconf 79' lang='lat' dir='ltr'><strong>videam:</strong></span> <span class='ocrx_word' id='word_1_122' title='bbox 1439 1489 1512 1546; x_wconf 88' lang='lat' dir='ltr'><strong>tnnc</strong></span> <span class='ocrx_word' id='word_1_123' title='bbox 1526 1503 1606 1546; x_wconf 82' lang='lat' dir='ltr'><strong>sane·</strong></span> <span class='ocrx_word' id='word_1_124' title='bbox 1619 1502 1639 1540; x_wconf 87' lang='lat' dir='ltr'><strong>u</strong></span> <span class='ocrx_word' id='word_1_125' title='bbox 1699 1483 1700 1546; x_wconf 68' lang='lat'><em>3</em></span> 
     </span>
     <span class='ocr_line' id='line_1_12' title="bbox 231 1571 1700 1666; baseline -0.003 -14"><span class='ocrx_word' id='word_1_126' title='bbox 231 1581 239 1600; x_wconf 84' lang='lat'><em>&#39;</em></span> <span class='ocrx_word' id='word_1_127' title='bbox 325 1595 409 1652; x_wconf 82' lang='lat' dir='ltr'><strong>soant</strong></span> <span class='ocrx_word' id='word_1_128' title='bbox 433 1586 512 1649; x_wconf 88' lang='lat' dir='ltr'><strong>enim</strong></span> <span class='ocrx_word' id='word_1_129' title='bbox 539 1580 647 1666; x_wconf 87' lang='lat' dir='ltr'><strong>quibus</strong></span> <span class='ocrx_word' id='word_1_130' title='bbox 667 1604 719 1646; x_wconf 85' lang='lat' dir='ltr'><strong>vos</strong></span> <span class='ocrx_word' id='word_1_131' title='bbox 739 1585 877 1648; x_wconf 88' lang='lat' dir='ltr'><strong>morbum</strong></span> <span class='ocrx_word' id='word_1_132' title='bbox 900 1586 1068 1656; x_wconf 79' lang='lat' dir='ltr'><strong>induxistis,</strong></span> <span class='ocrx_word' id='word_1_133' title='bbox 1095 1592 1167 1648; x_wconf 89' lang='lat' dir='ltr'><strong>tunc</strong></span> <span class='ocrx_word' id='word_1_134' title='bbox 1189 1586 1243 1646; x_wconf 90' lang='lat' dir='ltr'><strong>ista</strong></span> <span class='ocrx_word' id='word_1_135' title='bbox 1264 1584 1319 1646; x_wconf 90' lang='lat' dir='ltr'><strong>sibi</strong></span> <span class='ocrx_word' id='word_1_136' title='bbox 1342 1584 1489 1646; x_wconf 88' lang='lat' dir='ltr'><strong>constabit</strong></span> <span class='ocrx_word' id='word_1_137' title='bbox 1510 1604 1610 1665; x_wconf 80' lang='lat' dir='ltr'><strong>raspo-</strong></span> <span class='ocrx_word' id='word_1_138' title='bbox 1699 1571 1700 1626; x_wconf 41' lang='lat' dir='ltr'><strong>l</strong></span> 
     </span>
     <span class='ocr_line' id='line_1_13' title="bbox 256 1673 1700 1767; baseline -0.001 -15"><span class='ocrx_word' id='word_1_139' title='bbox 256 1688 417 1752; x_wconf 76' lang='lat' dir='ltr'><strong>§.unblica</strong></span> <span class='ocrx_word' id='word_1_140' title='bbox 461 1685 569 1749; x_wconf 84' lang='lat' dir='ltr'><strong>Videtis</strong></span> <span class='ocrx_word' id='word_1_141' title='bbox 590 1687 757 1750; x_wconf 85' lang='lat' dir='ltr'><strong>humanum.</strong></span> <span class='ocrx_word' id='word_1_142' title='bbox 773 1673 883 1767; x_wconf 83' lang='lat' dir='ltr'><strong>&#39;corpus</strong></span> <span class='ocrx_word' id='word_1_143' title='bbox 904 1695 937 1750; x_wconf 90' lang='lat' dir='ltr'><strong>ut</strong></span> <span class='ocrx_word' id='word_1_144' title='bbox 958 1687 1080 1758; x_wconf 81' lang='lat' dir='ltr'><strong>laboret,</strong></span> <span class='ocrx_word' id='word_1_145' title='bbox 1103 1687 1158 1750; x_wconf 89' lang='lat' dir='ltr'><strong>nisi</strong></span> <span class='ocrx_word' id='word_1_146' title='bbox 1180 1686 1317 1766; x_wconf 83' lang='lat' dir='ltr'><strong>quodque</strong></span> <span class='ocrx_word' id='word_1_147' title='bbox 1338 1686 1506 1750; x_wconf 77' lang='lat' dir='ltr'><strong>membrum</strong></span> <span class='ocrx_word' id='word_1_148' title='bbox 1527 1707 1609 1750; x_wconf 84' lang='lat' dir='ltr'><strong>suum</strong></span> <span class='ocrx_word' id='word_1_149' title='bbox 1699 1711 1700 1720; x_wconf 51' lang='lat'>¹</span> 
     </span>
     <span class='ocr_line' id='line_1_14' title="bbox 324 1785 1609 1868; baseline 0.001 -18"><span class='ocrx_word' id='word_1_150' title='bbox 324 1789 413 1864; x_wconf 84' lang='lat' dir='ltr'><strong>iaciat¹</strong></span> <span class='ocrx_word' id='word_1_151' title='bbox 433 1789 583 1851; x_wconf 73' lang='lat' dir='ltr'><strong>officium?</strong></span> <span class='ocrx_word' id='word_1_152' title='bbox 606 1789 655 1850; x_wconf 90' lang='lat' dir='ltr'><strong>&#39;sic</strong></span> <span class='ocrx_word' id='word_1_153' title='bbox 681 1790 711 1850; x_wconf 90' lang='lat' dir='ltr'><strong>in</strong></span> <span class='ocrx_word' id='word_1_154' title='bbox 738 1790 863 1868; x_wconf 90' lang='lat' dir='ltr'><strong>imperio</strong></span> <span class='ocrx_word' id='word_1_155' title='bbox 878 1785 954 1860; x_wconf 81' lang='lat' dir='ltr'><strong>&#39;est‚</strong></span> <span class='ocrx_word' id='word_1_156' title='bbox 981 1792 1064 1852; x_wconf 88' lang='lat' dir='ltr'><strong>cuius</strong></span> <span class='ocrx_word' id='word_1_157' title='bbox 1086 1807 1137 1853; x_wconf 84' lang='lat' dir='ltr'><strong>vos</strong></span> <span class='ocrx_word' id='word_1_158' title='bbox 1158 1789 1312 1852; x_wconf 85' lang='lat' dir='ltr'><strong>consilium</strong></span> <span class='ocrx_word' id='word_1_159' title='bbox 1335 1808 1370 1850; x_wconf 90' lang='lat' dir='ltr'><strong>ac</strong></span> <span class='ocrx_word' id='word_1_160' title='bbox 1391 1795 1512 1852; x_wconf 89' lang='lat' dir='ltr'><strong>senatus</strong></span> <span class='ocrx_word' id='word_1_161' title='bbox 1533 1793 1609 1858; x_wconf 83' lang='lat' dir='ltr'><strong>estis.</strong></span> 
     </span>
     <span class='ocr_line' id='line_1_15' title="bbox 295 1873 1700 1990; baseline 0.002 -38"><span class='ocrx_word' id='word_1_162' title='bbox 295 1873 299 1882; x_wconf 42' lang='lat'><strong>¹</strong></span> <span class='ocrx_word' id='word_1_163' title='bbox 325 1892 377 1970; x_wconf 78' lang='lat' dir='ltr'><strong>uui</strong></span> <span class='ocrx_word' id='word_1_164' title='bbox 398 1891 455 1952; x_wconf 89' lang='lat' dir='ltr'><strong>nisi</strong></span> <span class='ocrx_word' id='word_1_165' title='bbox 476 1898 557 1952; x_wconf 84' lang='lat' dir='ltr'><strong>recta</strong></span> <span class='ocrx_word' id='word_1_166' title='bbox 580 1890 754 1982; x_wconf 84' lang='lat' dir='ltr'><strong>consulatis,</strong></span> <span class='ocrx_word' id='word_1_167' title='bbox 778 1891 835 1953; x_wconf 90' lang='lat' dir='ltr'><strong>iam</strong></span> <span class='ocrx_word' id='word_1_168' title='bbox 857 1893 911 1953; x_wconf 88' lang='lat' dir='ltr'><strong>ista</strong></span> <span class='ocrx_word' id='word_1_169' title='bbox 934 1891 1062 1988; x_wconf 72' lang='lat' dir='ltr'><strong>solvetur</strong></span> <span class='ocrx_word' id='word_1_170' title='bbox 1084 1907 1243 1970; x_wconf 79' lang='lat' dir='ltr'><strong>compago,</strong></span> <span class='ocrx_word' id='word_1_171' title='bbox 1266 1889 1302 1952; x_wconf 90' lang='lat' dir='ltr'><strong>ad</strong></span> <span class='ocrx_word' id='word_1_172' title='bbox 1325 1909 1413 1972; x_wconf 82' lang='lat' dir='ltr'><strong>quarn</strong></span> <span class='ocrx_word' id='word_1_173' title='bbox 1435 1909 1609 1955; x_wconf 79' lang='lat' dir='ltr'><strong>conservan-</strong></span> <span class='ocrx_word' id='word_1_174' title='bbox 1699 1901 1700 1990; x_wconf 60' lang='lat' dir='ltr'><strong>t</strong></span> 
     </span>
     <span class='ocr_line' id='line_1_16' title="bbox 326 1985 1700 2076; baseline -0.004 -22"><span class='ocrx_word' id='word_1_175' title='bbox 326 1993 394 2054; x_wconf 87' lang='lat' dir='ltr'><strong>darn</strong></span> <span class='ocrx_word' id='word_1_176' title='bbox 417 2011 492 2072; x_wconf 88' lang='lat' dir='ltr'><strong>opos</strong></span> <span class='ocrx_word' id='word_1_177' title='bbox 514 2001 559 2060; x_wconf 84' lang='lat' dir='ltr'><strong>est</strong></span> <span class='ocrx_word' id='word_1_178' title='bbox 585 1985 699 2056; x_wconf 82' lang='lat' dir='ltr'><strong>summa</strong></span> <span class='ocrx_word' id='word_1_179' title='bbox 728 1995 949 2065; x_wconf 90' lang='lat' dir='ltr'><strong>coniunctione,</strong></span> <span class='ocrx_word' id='word_1_180' title='bbox 979 2012 1082 2074; x_wconf 88' lang='lat' dir='ltr'><strong>quam,</strong></span> <span class='ocrx_word' id='word_1_181' title='bbox 1112 2012 1184 2064; x_wconf 60' lang='lat' dir='ltr'><strong>oro,v</strong></span> <span class='ocrx_word' id='word_1_182' title='bbox 1208 2011 1311 2054; x_wconf 86' lang='lat' dir='ltr'><strong>omncs</strong></span> <span class='ocrx_word' id='word_1_183' title='bbox 1339 1993 1481 2076; x_wconf 86' lang='lat' dir='ltr'><strong>appetite,</strong></span> <span class='ocrx_word' id='word_1_184' title='bbox 1510 2011 1639 2056; x_wconf 80' lang='lat' dir='ltr'><strong>omnesn</strong></span> <span class='ocrx_word' id='word_1_185' title='bbox 1699 1995 1700 2072; x_wconf 68' lang='lat' dir='ltr'><strong>l</strong></span> 
     </span>
     <span class='ocr_line' id='line_1_17' title="bbox 259 2094 1610 2194; baseline 0.004 -42"><span class='ocrx_word' id='word_1_186' title='bbox 259 2095 465 2173; x_wconf 71' lang='lat' dir='ltr'><strong>sunsccipite.</strong></span> <span class='ocrx_word' id='word_1_187' title='bbox 508 2095 635 2173; x_wconf 77' lang='lat' dir='ltr'><strong>Humani</strong></span> <span class='ocrx_word' id='word_1_188' title='bbox 657 2097 775 2178; x_wconf 77' lang='lat' dir='ltr'><strong>quoipuo</strong></span> <span class='ocrx_word' id='word_1_189' title='bbox 796 2095 940 2162; x_wconf 88' lang='lat' dir='ltr'><strong>habitudo</strong></span> <span class='ocrx_word' id='word_1_190' title='bbox 960 2095 1093 2175; x_wconf 81' lang='lat' dir='ltr'><strong>corpor&#39;s</strong></span> <span class='ocrx_word' id='word_1_191' title='bbox 1115 2115 1151 2158; x_wconf 84' lang='lat' dir='ltr'><strong>ex</strong></span> <span class='ocrx_word' id='word_1_192' title='bbox 1172 2094 1262 2187; x_wconf 86' lang='lat' dir='ltr'><strong>rebus</strong></span> <span class='ocrx_word' id='word_1_193' title='bbox 1284 2102 1399 2158; x_wconf 89' lang='lat' dir='ltr'><strong>constat</strong></span> <span class='ocrx_word' id='word_1_194' title='bbox 1413 2096 1542 2159; x_wconf 85' lang='lat' dir='ltr'><strong>maxime</strong></span> <span class='ocrx_word' id='word_1_195' title='bbox 1555 2097 1610 2194; x_wconf 84' lang='lat' dir='ltr'><strong>dis</strong></span> 
     </span>
     <span class='ocr_line' id='line_1_18' title="bbox 325 2196 1700 2286; baseline 0.003 -28"><span class='ocrx_word' id='word_1_196' title='bbox 325 2196 479 2270; x_wconf 87' lang='lat' dir='ltr'><strong>cordibus,</strong></span> <span class='ocrx_word' id='word_1_197' title='bbox 509 2197 562 2259; x_wconf 88' lang='lat' dir='ltr'><strong>sod</strong></span> <span class='ocrx_word' id='word_1_198' title='bbox 589 2215 655 2278; x_wconf 78' lang='lat' dir='ltr'><strong>quae</strong></span> <span class='ocrx_word' id='word_1_199' title='bbox 683 2199 920 2278; x_wconf 83' lang='lat' dir='ltr'><strong>coniunctionem</strong></span> <span class='ocrx_word' id='word_1_200' title='bbox 941 2200 1108 2278; x_wconf 87' lang='lat' dir='ltr'><strong>patiuntur:</strong></span> <span class='ocrx_word' id='word_1_201' title='bbox 1136 2196 1231 2278; x_wconf 90' lang='lat' dir='ltr'><strong>qualis</strong></span> <span class='ocrx_word' id='word_1_202' title='bbox 1253 2198 1330 2258; x_wconf 87' lang='lat' dir='ltr'><strong>enim</strong></span> <span class='ocrx_word' id='word_1_203' title='bbox 1352 2205 1611 2276; x_wconf 75' lang='lat' dir='ltr'><strong>temperaturam</strong></span> <span class='ocrx_word' id='word_1_204' title='bbox 1699 2201 1700 2286; x_wconf 52' lang='lat' dir='ltr'><strong>u</strong></span> 
     </span>
     <span class='ocr_line' id='line_1_19' title="bbox 323 2297 1610 2382; baseline 0.004 -23"><span class='ocrx_word' id='word_1_205' title='bbox 323 2297 444 2362; x_wconf 88' lang='lat' dir='ltr'><strong>humido</strong></span> <span class='ocrx_word' id='word_1_206' title='bbox 467 2307 496 2362; x_wconf 90' lang='lat' dir='ltr'><strong>et</strong></span> <span class='ocrx_word' id='word_1_207' title='bbox 517 2300 615 2361; x_wconf 81' lang='lat' dir='ltr'><strong>sicco?</strong></span> <span class='ocrx_word' id='word_1_208' title='bbox 642 2318 820 2382; x_wconf 84' lang='lat' dir='ltr'><strong>rursumque</strong></span> <span class='ocrx_word' id='word_1_209' title='bbox 846 2300 985 2380; x_wconf 76' lang='lat' dir='ltr'><strong>frigidum</strong></span> <span class='ocrx_word' id='word_1_210' title='bbox 1008 2305 1037 2360; x_wconf 86' lang='lat' dir='ltr'><strong>et</strong></span> <span class='ocrx_word' id='word_1_211' title='bbox 1059 2298 1185 2360; x_wconf 88' lang='lat' dir='ltr'><strong>calidum</strong></span> <span class='ocrx_word' id='word_1_212' title='bbox 1208 2317 1294 2378; x_wconf 90' lang='lat' dir='ltr'><strong>quam</strong></span> <span class='ocrx_word' id='word_1_213' title='bbox 1316 2307 1384 2380; x_wconf 87' lang='lat' dir='ltr'><strong>apte</strong></span> <span class='ocrx_word' id='word_1_214' title='bbox 1406 2297 1447 2360; x_wconf 91' lang='lat' dir='ltr'><strong>ibi</strong></span> <span class='ocrx_word' id='word_1_215' title='bbox 1469 2317 1610 2364; x_wconf 80' lang='lat' dir='ltr'><strong>convenc-</strong></span> 
     </span>
     <span class='ocr_line' id='line_1_20' title="bbox 324 2400 1700 2482; baseline 0.001 -19"><span class='ocrx_word' id='word_1_216' title='bbox 324 2402 412 2463; x_wconf 85' lang='lat' dir='ltr'><strong>runt?</strong></span> <span class='ocrx_word' id='word_1_217' title='bbox 440 2409 527 2482; x_wconf 73' lang='lat' dir='ltr'><strong>nque</strong></span> <span class='ocrx_word' id='word_1_218' title='bbox 555 2401 611 2464; x_wconf 89' lang='lat' dir='ltr'><strong>boc</strong></span> <span class='ocrx_word' id='word_1_219' title='bbox 639 2410 743 2465; x_wconf 88' lang='lat' dir='ltr'><strong>natura</strong></span> <span class='ocrx_word' id='word_1_220' title='bbox 766 2401 863 2472; x_wconf 85' lang='lat' dir='ltr'><strong>dedit,</strong></span> <span class='ocrx_word' id='word_1_221' title='bbox 888 2421 978 2482; x_wconf 90' lang='lat' dir='ltr'><strong>quam</strong></span> <span class='ocrx_word' id='word_1_222' title='bbox 1000 2402 1067 2481; x_wconf 84' lang='lat' dir='ltr'><strong>quia</strong></span> <span class='ocrx_word' id='word_1_223' title='bbox 1089 2400 1190 2468; x_wconf 74' lang='lat' dir='ltr'><strong>bestia</strong></span> <span class='ocrx_word' id='word_1_224' title='bbox 1216 2417 1334 2482; x_wconf 77' lang='lat' dir='ltr'><strong>qumque</strong></span> <span class='ocrx_word' id='word_1_225' title='bbox 1360 2401 1484 2466; x_wconf 88' lang='lat' dir='ltr'><strong>rationis</strong></span> <span class='ocrx_word' id='word_1_226' title='bbox 1512 2404 1611 2482; x_wconf 77' lang='lat' dir='ltr'><strong>inopes</strong></span> <span class='ocrx_word' id='word_1_227' title='bbox 1699 2431 1700 2470; x_wconf 63' lang='lat' dir='ltr'><strong>u</strong></span> 
     </span>
     <span class='ocr_line' id='line_1_21' title="bbox 325 2483 1700 2584; baseline 0.004 -22"><span class='ocrx_word' id='word_1_228' title='bbox 325 2511 489 2582; x_wconf 83' lang='lat' dir='ltr'><strong>sequuntur</strong></span> <span class='ocrx_word' id='word_1_229' title='bbox 511 2503 633 2574; x_wconf 87' lang='lat' dir='ltr'><strong>ducem,</strong></span> <span class='ocrx_word' id='word_1_230' title='bbox 663 2505 756 2584; x_wconf 79' lang='lat' dir='ltr'><strong>agite,</strong></span> <span class='ocrx_word' id='word_1_231' title='bbox 784 2503 893 2582; x_wconf 90' lang='lat' dir='ltr'><strong>aliquid</strong></span> <span class='ocrx_word' id='word_1_232' title='bbox 921 2502 1096 2576; x_wconf 72' lang='lat' dir='ltr'><strong>homiuibus,</strong></span> <span class='ocrx_word' id='word_1_233' title='bbox 1117 2504 1253 2581; x_wconf 50' lang='lat' dir='ltr'><strong>dunum,</strong></span> <span class='ocrx_word' id='word_1_234' title='bbox 1282 2501 1390 2564; x_wconf 83' lang='lat' dir='ltr'><strong>nedum</strong></span> <span class='ocrx_word' id='word_1_235' title='bbox 1416 2489 1638 2583; x_wconf 71' lang='lat' dir='ltr'><strong>principibuso</strong></span> <span class='ocrx_word' id='word_1_236' title='bbox 1699 2483 1700 2524; x_wconf 58' lang='lat'><strong>³</strong></span> 
     </span>
     <span class='ocr_line' id='line_1_22' title="bbox 255 2597 1700 2686; baseline -0.003 -14"><span class='ocrx_word' id='word_1_237' title='bbox 255 2611 480 2684; x_wconf 73' lang='lat' dir='ltr'><strong>§.unusurpata</strong></span> <span class='ocrx_word' id='word_1_238' title='bbox 525 2604 578 2666; x_wconf 86' lang='lat' dir='ltr'><strong>Vol</strong></span> <span class='ocrx_word' id='word_1_239' title='bbox 599 2606 630 2665; x_wconf 92' lang='lat' dir='ltr'><strong>in</strong></span> <span class='ocrx_word' id='word_1_240' title='bbox 652 2605 752 2668; x_wconf 89' lang='lat' dir='ltr'><strong>odium</strong></span> <span class='ocrx_word' id='word_1_241' title='bbox 771 2605 948 2678; x_wconf 76' lang='lat' dir='ltr'><strong>Turonium,</strong></span> <span class='ocrx_word' id='word_1_242' title='bbox 972 2597 1081 2686; x_wconf 77' lang='lat' dir='ltr'><strong>unibus</strong></span> <span class='ocrx_word' id='word_1_243' title='bbox 1104 2607 1157 2666; x_wconf 89' lang='lat' dir='ltr'><strong>ista</strong></span> <span class='ocrx_word' id='word_1_244' title='bbox 1180 2605 1321 2666; x_wconf 85' lang='lat' dir='ltr'><strong>dissensio</strong></span> <span class='ocrx_word' id='word_1_245' title='bbox 1334 2605 1402 2666; x_wconf 89' lang='lat' dir='ltr'><strong>usui</strong></span> <span class='ocrx_word' id='word_1_246' title='bbox 1418 2607 1547 2669; x_wconf 83' lang='lat' dir='ltr'><strong>inarime</strong></span> <span class='ocrx_word' id='word_1_247' title='bbox 1561 2615 1610 2677; x_wconf 87' lang='lat' dir='ltr'><strong>est,</strong></span> <span class='ocrx_word' id='word_1_248' title='bbox 1699 2655 1700 2660; x_wconf 31' lang='lat'>1</span> 
     </span>
     <span class='ocr_line' id='line_1_23' title="bbox 323 2705 1700 2792; baseline 0.001 -24"><span class='ocrx_word' id='word_1_249' title='bbox 323 2707 481 2768; x_wconf 79' lang='lat' dir='ltr'><strong>conuenire</strong></span> <span class='ocrx_word' id='word_1_250' title='bbox 502 2724 554 2767; x_wconf 83' lang='lat' dir='ltr'><strong>vos</strong></span> <span class='ocrx_word' id='word_1_251' title='bbox 575 2708 693 2768; x_wconf 82' lang='lat' dir='ltr'><strong>iuverit:</strong></span> <span class='ocrx_word' id='word_1_252' title='bbox 716 2709 850 2785; x_wconf 85' lang='lat' dir='ltr'><strong>proiecto</strong></span> <span class='ocrx_word' id='word_1_253' title='bbox 873 2709 950 2770; x_wconf 92' lang='lat' dir='ltr'><strong>onim</strong></span> <span class='ocrx_word' id='word_1_254' title='bbox 972 2716 1004 2770; x_wconf 92' lang='lat' dir='ltr'><strong>ut</strong></span> <span class='ocrx_word' id='word_1_255' title='bbox 1025 2707 1233 2770; x_wconf 84' lang='lat' dir='ltr'><strong>dissidentibus</strong></span> <span class='ocrx_word' id='word_1_256' title='bbox 1255 2707 1337 2768; x_wconf 86' lang='lat' dir='ltr'><strong>uobis</strong></span> <span class='ocrx_word' id='word_1_257' title='bbox 1358 2725 1466 2786; x_wconf 77' lang='lat' dir='ltr'><strong>magno</strong></span> <span class='ocrx_word' id='word_1_258' title='bbox 1486 2705 1530 2773; x_wconf 90' lang='lat' dir='ltr'><strong>illi</strong></span> <span class='ocrx_word' id='word_1_259' title='bbox 1552 2710 1610 2770; x_wconf 76' lang='lat' dir='ltr'><strong>liu·</strong></span> <span class='ocrx_word' id='word_1_260' title='bbox 1699 2745 1700 2792; x_wconf 46' lang='lat' dir='ltr'><strong>p</strong></span> 
     </span>
     <span class='ocr_line' id='line_1_24' title="bbox 324 2807 1700 2890; baseline 0.002 -22"><span class='ocrx_word' id='word_1_261' title='bbox 324 2815 415 2869; x_wconf 81' lang='lat' dir='ltr'><strong>untur</strong></span> <span class='ocrx_word' id='word_1_262' title='bbox 438 2807 610 2880; x_wconf 86' lang='lat' dir='ltr'><strong>commodo,</strong></span> <span class='ocrx_word' id='word_1_263' title='bbox 634 2810 672 2870; x_wconf 93' lang='lat' dir='ltr'><strong>ita</strong></span> <span class='ocrx_word' id='word_1_264' title='bbox 694 2826 754 2869; x_wconf 93' lang='lat' dir='ltr'><strong>non</strong></span> <span class='ocrx_word' id='word_1_265' title='bbox 776 2810 913 2888; x_wconf 85' lang='lat' dir='ltr'><strong>ignorant</strong></span> <span class='ocrx_word' id='word_1_266' title='bbox 933 2809 1005 2888; x_wconf 90' lang='lat' dir='ltr'><strong>quid</strong></span> <span class='ocrx_word' id='word_1_267' title='bbox 1026 2827 1058 2872; x_wconf 90' lang='lat' dir='ltr'><strong>se</strong></span> <span class='ocrx_word' id='word_1_268' title='bbox 1081 2815 1278 2890; x_wconf 85' lang='lat' dir='ltr'><strong>consequatur</strong></span> <span class='ocrx_word' id='word_1_269' title='bbox 1299 2809 1443 2888; x_wconf 87' lang='lat' dir='ltr'><strong>siquando</strong></span> <span class='ocrx_word' id='word_1_270' title='bbox 1467 2829 1520 2873; x_wconf 88' lang='lat' dir='ltr'><strong>vos</strong></span> <span class='ocrx_word' id='word_1_271' title='bbox 1541 2811 1611 2872; x_wconf 79' lang='lat' dir='ltr'><strong>dotis</strong></span> <span class='ocrx_word' id='word_1_272' title='bbox 1699 2815 1700 2820; x_wconf 77' lang='grc'>’</span> 
     </span>
     <span class='ocr_line' id='line_1_25' title="bbox 323 2908 1700 2994; baseline 0.004 -24"><span class='ocrx_word' id='word_1_273' title='bbox 323 2908 428 2988; x_wconf 85' lang='lat' dir='ltr'><strong>aliquis</strong></span> <span class='ocrx_word' id='word_1_274' title='bbox 450 2911 643 2972; x_wconf 80' lang='lat' dir='ltr'><strong>coniunxerit.</strong></span> <span class='ocrx_word' id='word_1_275' title='bbox 688 2927 775 2990; x_wconf 67' lang='lat' dir='ltr'><strong>mam</strong></span> <span class='ocrx_word' id='word_1_276' title='bbox 798 2919 865 2990; x_wconf 87' lang='lat' dir='ltr'><strong>apto</strong></span> <span class='ocrx_word' id='word_1_277' title='bbox 886 2914 975 2990; x_wconf 79' lang='lat' dir='ltr'><strong>igitur</strong></span> <span class='ocrx_word' id='word_1_278' title='bbox 997 2913 1028 2972; x_wconf 91' lang='lat' dir='ltr'><strong>in</strong></span> <span class='ocrx_word' id='word_1_279' title='bbox 1050 2911 1105 2973; x_wconf 91' lang='lat' dir='ltr'><strong>hos</strong></span> <span class='ocrx_word' id='word_1_280' title='bbox 1127 2910 1339 2994; x_wconf 82' lang='lat' dir='ltr'><strong>contulerimus</strong></span> <span class='ocrx_word' id='word_1_281' title='bbox 1360 2911 1438 2972; x_wconf 87' lang='lat' dir='ltr'><strong>banc</strong></span> <span class='ocrx_word' id='word_1_282' title='bbox 1459 2919 1609 2974; x_wconf 85' lang='lat' dir='ltr'><strong>concarta-</strong></span> <span class='ocrx_word' id='word_1_283' title='bbox 1699 2923 1700 2974; x_wconf 84' lang='lat' dir='ltr'><strong>t</strong></span> 
     </span>
     <span class='ocr_line' id='line_1_26' title="bbox 324 2996 1700 3092; baseline 0.004 -21"><span class='ocrx_word' id='word_1_284' title='bbox 324 3012 448 3083; x_wconf 86' lang='lat' dir='ltr'><strong>tionem,</strong></span> <span class='ocrx_word' id='word_1_285' title='bbox 472 3011 527 3072; x_wconf 90' lang='lat' dir='ltr'><strong>bos</strong></span> <span class='ocrx_word' id='word_1_286' title='bbox 548 3010 703 3082; x_wconf 79' lang='lat' dir='ltr'><strong>tumultus:</strong></span> <span class='ocrx_word' id='word_1_287' title='bbox 727 3019 815 3092; x_wconf 86' lang='lat' dir='ltr'><strong>atque</strong></span> <span class='ocrx_word' id='word_1_288' title='bbox 837 3013 875 3074; x_wconf 92' lang='lat' dir='ltr'><strong>ita</strong></span> <span class='ocrx_word' id='word_1_289' title='bbox 897 3030 952 3076; x_wconf 93' lang='lat' dir='ltr'><strong>nos</strong></span> <span class='ocrx_word' id='word_1_290' title='bbox 974 3013 1108 3076; x_wconf 84' lang='lat' dir='ltr'><strong>Christus</strong></span> <span class='ocrx_word' id='word_1_291' title='bbox 1129 3021 1221 3088; x_wconf 84' lang='lat' dir='ltr'><strong>amet,</strong></span> <span class='ocrx_word' id='word_1_292' title='bbox 1244 3019 1277 3074; x_wconf 90' lang='lat' dir='ltr'><strong>ut</strong></span> <span class='ocrx_word' id='word_1_293' title='bbox 1297 3013 1355 3074; x_wconf 88' lang='lat' dir='ltr'><strong>boc</strong></span> <span class='ocrx_word' id='word_1_294' title='bbox 1377 2996 1502 3076; x_wconf 81' lang='lat' dir='ltr'><strong>consuto</strong></span> <span class='ocrx_word' id='word_1_295' title='bbox 1521 3021 1638 3076; x_wconf 72' lang='lat' dir='ltr'><strong>nano</strong></span> <span class='ocrx_word' id='word_1_296' title='bbox 1699 2999 1700 3030; x_wconf 52' lang='lat'>³</span> 
     </span>
     <span class='ocr_line' id='line_1_27' title="bbox 254 3107 1700 3200; baseline 0.003 -28"><span class='ocrx_word' id='word_1_297' title='bbox 254 3111 410 3200; x_wconf 58' lang='lat' dir='ltr'><strong>punillam</strong></span> <span class='ocrx_word' id='word_1_298' title='bbox 427 3111 623 3176; x_wconf 85' lang='lat' dir='ltr'><strong>barbarorum</strong></span> <span class='ocrx_word' id='word_1_299' title='bbox 645 3113 838 3177; x_wconf 84' lang='lat' dir='ltr'><strong>colluvionem</strong></span> <span class='ocrx_word' id='word_1_300' title='bbox 861 3133 980 3194; x_wconf 89' lang='lat' dir='ltr'><strong>pessum</strong></span> <span class='ocrx_word' id='word_1_301' title='bbox 1001 3113 1180 3182; x_wconf 87' lang='lat' dir='ltr'><strong>dederimus.</strong></span> <span class='ocrx_word' id='word_1_302' title='bbox 1218 3107 1293 3176; x_wconf 70' lang='lat' dir='ltr'><strong>&#39;nam</strong></span> <span class='ocrx_word' id='word_1_303' title='bbox 1314 3116 1339 3174; x_wconf 88' lang='lat' dir='ltr'><strong>si</strong></span> <span class='ocrx_word' id='word_1_304' title='bbox 1359 3132 1407 3176; x_wconf 88' lang='lat' dir='ltr'><strong>me</strong></span> <span class='ocrx_word' id='word_1_305' title='bbox 1422 3115 1541 3186; x_wconf 88' lang='lat' dir='ltr'><strong>auditis,</strong></span> <span class='ocrx_word' id='word_1_306' title='bbox 1562 3135 1609 3177; x_wconf 86' lang='lat' dir='ltr'><strong>ne·</strong></span> <span class='ocrx_word' id='word_1_307' title='bbox 1699 3165 1700 3170; x_wconf 62' lang='grc'>,</span> 
     </span>
     <span class='ocr_line' id='line_1_28' title="bbox 323 3199 1610 3304; baseline 0.004 -29"><span class='ocrx_word' id='word_1_308' title='bbox 323 3231 381 3294; x_wconf 80' lang='lat' dir='ltr'><strong>que</strong></span> <span class='ocrx_word' id='word_1_309' title='bbox 405 3215 554 3276; x_wconf 86' lang='lat' dir='ltr'><strong>contemni</strong></span> <span class='ocrx_word' id='word_1_310' title='bbox 575 3235 592 3276; x_wconf 87' lang='lat' dir='ltr'><strong>a</strong></span> <span class='ocrx_word' id='word_1_311' title='bbox 613 3215 696 3278; x_wconf 83' lang='lat' dir='ltr'><strong>vobis</strong></span> <span class='ocrx_word' id='word_1_312' title='bbox 718 3215 831 3280; x_wconf 84' lang='lat' dir='ltr'><strong>Turcas</strong></span> <span class='ocrx_word' id='word_1_313' title='bbox 852 3215 917 3304; x_wconf 78' lang='lat' dir='ltr'><strong>uolo</strong></span> <span class='ocrx_word' id='word_1_314' title='bbox 940 3199 1037 3296; x_wconf 66' lang='lat' dir='ltr'><strong>name</strong></span> <span class='ocrx_word' id='word_1_315' title='bbox 1058 3218 1170 3288; x_wconf 89' lang='lat' dir='ltr'><strong>timeri,</strong></span> <span class='ocrx_word' id='word_1_316' title='bbox 1200 3218 1337 3278; x_wconf 90' lang='lat' dir='ltr'><strong>conscius</strong></span> <span class='ocrx_word' id='word_1_317' title='bbox 1358 3217 1525 3298; x_wconf 6' lang='lat' dir='ltr'><strong>mibiwquid</strong></span> <span class='ocrx_word' id='word_1_318' title='bbox 1546 3237 1610 3300; x_wconf 85' lang='lat' dir='ltr'><strong>pos-</strong></span> 
     </span>
     <span class='ocr_line' id='line_1_29' title="bbox 323 3317 1700 3399; baseline 0.004 -23"><span class='ocrx_word' id='word_1_319' title='bbox 323 3318 361 3378; x_wconf 88' lang='lat' dir='ltr'><strong>sit</strong></span> <span class='ocrx_word' id='word_1_320' title='bbox 382 3317 554 3389; x_wconf 86' lang='lat' dir='ltr'><strong>Germania,</strong></span> <span class='ocrx_word' id='word_1_321' title='bbox 583 3319 609 3380; x_wconf 90' lang='lat' dir='ltr'><strong>si</strong></span> <span class='ocrx_word' id='word_1_322' title='bbox 630 3317 701 3380; x_wconf 82' lang='lat' dir='ltr'><strong>velit</strong></span> <span class='ocrx_word' id='word_1_323' title='bbox 721 3319 849 3399; x_wconf 82' lang='lat' dir='ltr'><strong>experiri</strong></span> <span class='ocrx_word' id='word_1_324' title='bbox 871 3337 906 3382; x_wconf 92' lang='lat' dir='ltr'><strong>ac</strong></span> <span class='ocrx_word' id='word_1_325' title='bbox 926 3318 1038 3386; x_wconf 84' lang='lat' dir='ltr'><strong>viribus</strong></span> <span class='ocrx_word' id='word_1_326' title='bbox 1059 3321 1102 3380; x_wconf 91' lang='lat' dir='ltr'><strong>uti</strong></span> <span class='ocrx_word' id='word_1_327' title='bbox 1129 3320 1199 3382; x_wconf 90' lang='lat' dir='ltr'><strong>suis.</strong></span> <span class='ocrx_word' id='word_1_328' title='bbox 1243 3319 1295 3382; x_wconf 89' lang='lat' dir='ltr'><strong>sed</strong></span> <span class='ocrx_word' id='word_1_329' title='bbox 1326 3335 1401 3398; x_wconf 91' lang='lat' dir='ltr'><strong>opus</strong></span> <span class='ocrx_word' id='word_1_330' title='bbox 1428 3327 1475 3382; x_wconf 85' lang='lat' dir='ltr'><strong>est</strong></span> <span class='ocrx_word' id='word_1_331' title='bbox 1501 3320 1610 3382; x_wconf 82' lang='lat' dir='ltr'><strong>sobrie·</strong></span> <span class='ocrx_word' id='word_1_332' title='bbox 1699 3343 1700 3346; x_wconf 43' lang='lat'>¹</span> 
     </span>
     <span class='ocr_line' id='line_1_30' title="bbox 324 3413 1610 3501; baseline 0.002 -22"><span class='ocrx_word' id='word_1_333' title='bbox 324 3425 401 3491; x_wconf 82' lang='lat' dir='ltr'><strong>tate,</strong></span> <span class='ocrx_word' id='word_1_334' title='bbox 425 3435 499 3500; x_wconf 90' lang='lat' dir='ltr'><strong>opus</strong></span> <span class='ocrx_word' id='word_1_335' title='bbox 522 3413 567 3482; x_wconf 84' lang='lat' dir='ltr'><strong>est</strong></span> <span class='ocrx_word' id='word_1_336' title='bbox 588 3419 727 3491; x_wconf 85' lang='lat' dir='ltr'><strong>consilio.</strong></span> <span class='ocrx_word' id='word_1_337' title='bbox 751 3439 826 3501; x_wconf 85' lang='lat' dir='ltr'><strong>opus</strong></span> <span class='ocrx_word' id='word_1_338' title='bbox 847 3421 1029 3484; x_wconf 88' lang='lat' dir='ltr'><strong>assiduitate:</strong></span> <span class='ocrx_word' id='word_1_339' title='bbox 1052 3427 1096 3480; x_wconf 88' lang='lat' dir='ltr'><strong>tot</strong></span> <span class='ocrx_word' id='word_1_340' title='bbox 1117 3420 1174 3482; x_wconf 89' lang='lat' dir='ltr'><strong>iam</strong></span> <span class='ocrx_word' id='word_1_341' title='bbox 1197 3437 1291 3484; x_wconf 90' lang='lat' dir='ltr'><strong>annos</strong></span> <span class='ocrx_word' id='word_1_342' title='bbox 1305 3427 1407 3482; x_wconf 80' lang='lat' dir='ltr'><strong>contra</strong></span> <span class='ocrx_word' id='word_1_343' title='bbox 1422 3421 1537 3484; x_wconf 76' lang='lat' dir='ltr'><strong>&#39;Furcas</strong></span> <span class='ocrx_word' id='word_1_344' title='bbox 1550 3441 1610 3483; x_wconf 84' lang='lat' dir='ltr'><strong>mo·</strong></span> 
     </span>
     <span class='ocr_line' id='line_1_31' title="bbox 254 3521 1637 3604; baseline 0.001 -22"><span class='ocrx_word' id='word_1_345' title='bbox 254 3537 440 3591; x_wconf 61' lang='lat' dir='ltr'><strong>§.irruemus</strong></span> <span class='ocrx_word' id='word_1_346' title='bbox 456 3522 507 3584; x_wconf 91' lang='lat' dir='ltr'><strong>sed</strong></span> <span class='ocrx_word' id='word_1_347' title='bbox 524 3523 590 3602; x_wconf 82' lang='lat' dir='ltr'><strong>quia</strong></span> <span class='ocrx_word' id='word_1_348' title='bbox 606 3521 686 3583; x_wconf 92' lang='lat' dir='ltr'><strong>nullo</strong></span> <span class='ocrx_word' id='word_1_349' title='bbox 701 3521 838 3594; x_wconf 88' lang='lat' dir='ltr'><strong>consilio,</strong></span> <span class='ocrx_word' id='word_1_350' title='bbox 854 3522 933 3586; x_wconf 89' lang='lat' dir='ltr'><strong>nulla</strong></span> <span class='ocrx_word' id='word_1_351' title='bbox 949 3523 1078 3593; x_wconf 87' lang='lat' dir='ltr'><strong>ratione,</strong></span> <span class='ocrx_word' id='word_1_352' title='bbox 1095 3539 1240 3602; x_wconf 88' lang='lat' dir='ltr'><strong>nusquam</strong></span> <span class='ocrx_word' id='word_1_353' title='bbox 1255 3540 1480 3602; x_wconf 85' lang='lat' dir='ltr'><strong>promovemus:</strong></span> <span class='ocrx_word' id='word_1_354' title='bbox 1504 3525 1637 3604; x_wconf 77' lang='lat' dir='ltr'><strong>quippcot</strong></span> 
     </span>
     <span class='ocr_line' id='line_1_32' title="bbox 322 3621 1609 3706; baseline 0.001 -21"><span class='ocrx_word' id='word_1_355' title='bbox 322 3624 392 3686; x_wconf 89' lang='lat' dir='ltr'><strong>dum</strong></span> <span class='ocrx_word' id='word_1_356' title='bbox 414 3642 468 3684; x_wconf 93' lang='lat' dir='ltr'><strong>nos</strong></span> <span class='ocrx_word' id='word_1_357' title='bbox 490 3641 597 3688; x_wconf 85' lang='lat' dir='ltr'><strong>eruces</strong></span> <span class='ocrx_word' id='word_1_358' title='bbox 618 3625 784 3706; x_wconf 72' lang='lat' dir='ltr'><strong>suffigimus</strong></span> <span class='ocrx_word' id='word_1_359' title='bbox 806 3643 842 3686; x_wconf 90' lang='lat' dir='ltr'><strong>ac</strong></span> <span class='ocrx_word' id='word_1_360' title='bbox 863 3626 971 3686; x_wconf 76' lang='lat' dir='ltr'><strong>urium</strong></span> <span class='ocrx_word' id='word_1_361' title='bbox 992 3623 1071 3686; x_wconf 87' lang='lat' dir='ltr'><strong>ballo</strong></span> <span class='ocrx_word' id='word_1_362' title='bbox 1086 3632 1222 3705; x_wconf 87' lang='lat' dir='ltr'><strong>sumptus</strong></span> <span class='ocrx_word' id='word_1_363' title='bbox 1236 3623 1416 3702; x_wconf 76' lang='lat' dir='ltr'><strong>colligimus,</strong></span> <span class='ocrx_word' id='word_1_364' title='bbox 1439 3621 1512 3689; x_wconf 82' lang='lat' dir='ltr'><strong>dum</strong></span> <span class='ocrx_word' id='word_1_365' title='bbox 1528 3643 1609 3692; x_wconf 80' lang='lat' dir='ltr'><strong>exer·</strong></span> 
     </span>
     <span class='ocr_line' id='line_1_33' title="bbox 322 3719 1609 3808; baseline 0.001 -21"><span class='ocrx_word' id='word_1_366' title='bbox 322 3726 412 3787; x_wconf 76' lang='lat' dir='ltr'><strong>citrum</strong></span> <span class='ocrx_word' id='word_1_367' title='bbox 434 3741 590 3804; x_wconf 86' lang='lat' dir='ltr'><strong>paramus.</strong></span> <span class='ocrx_word' id='word_1_368' title='bbox 619 3725 689 3789; x_wconf 88' lang='lat' dir='ltr'><strong>dum</strong></span> <span class='ocrx_word' id='word_1_369' title='bbox 720 3726 873 3791; x_wconf 89' lang='lat' dir='ltr'><strong>ambitiose</strong></span> <span class='ocrx_word' id='word_1_370' title='bbox 894 3719 961 3808; x_wconf 51' lang='lat' dir='ltr'><strong>¹uuis</strong></span> <span class='ocrx_word' id='word_1_371' title='bbox 982 3732 1062 3788; x_wconf 89' lang='lat' dir='ltr'><strong>terra</strong></span> <span class='ocrx_word' id='word_1_372' title='bbox 1083 3727 1217 3808; x_wconf 85' lang='lat' dir='ltr'><strong>marique</strong></span> <span class='ocrx_word' id='word_1_373' title='bbox 1240 3727 1340 3806; x_wconf 86' lang='lat' dir='ltr'><strong>copias</strong></span> <span class='ocrx_word' id='word_1_374' title='bbox 1362 3725 1486 3790; x_wconf 74' lang='lat' dir='ltr'><strong>ductitat</strong></span> <span class='ocrx_word' id='word_1_375' title='bbox 1508 3729 1609 3808; x_wconf 74' lang='lat' dir='ltr'><strong>quari·</strong></span> 
     </span>
     <span class='ocr_line' id='line_1_34' title="bbox 321 3827 1608 3908; baseline 0.001 -19"><span class='ocrx_word' id='word_1_376' title='bbox 321 3845 402 3898; x_wconf 79' lang='lat' dir='ltr'><strong>mars,</strong></span> <span class='ocrx_word' id='word_1_377' title='bbox 432 3827 501 3892; x_wconf 92' lang='lat' dir='ltr'><strong>dum</strong></span> <span class='ocrx_word' id='word_1_378' title='bbox 528 3829 559 3888; x_wconf 91' lang='lat' dir='ltr'><strong>in</strong></span> <span class='ocrx_word' id='word_1_379' title='bbox 580 3827 684 3890; x_wconf 89' lang='lat' dir='ltr'><strong>mediis</strong></span> <span class='ocrx_word' id='word_1_380' title='bbox 705 3827 762 3890; x_wconf 93' lang='lat' dir='ltr'><strong>illis</strong></span> <span class='ocrx_word' id='word_1_381' title='bbox 784 3827 1047 3891; x_wconf 87' lang='lat' dir='ltr'><strong>consultationibus</strong></span> <span class='ocrx_word' id='word_1_382' title='bbox 1068 3829 1106 3902; x_wconf 84' lang='lat' dir='ltr'><strong>ad</strong></span> <span class='ocrx_word' id='word_1_383' title='bbox 1127 3829 1255 3908; x_wconf 87' lang='lat' dir='ltr'><strong>privatas</strong></span> <span class='ocrx_word' id='word_1_384' title='bbox 1276 3828 1483 3892; x_wconf 85' lang='lat' dir='ltr'><strong>contentiones</strong></span> <span class='ocrx_word' id='word_1_385' title='bbox 1504 3850 1539 3892; x_wconf 90' lang='lat' dir='ltr'><strong>ac</strong></span> <span class='ocrx_word' id='word_1_386' title='bbox 1560 3831 1608 3892; x_wconf 92' lang='lat' dir='ltr'><strong>do·</strong></span> 
     </span>
     <span class='ocr_line' id='line_1_35' title="bbox 322 3929 1608 4001; baseline 0.002 -11"><span class='ocrx_word' id='word_1_387' title='bbox 322 3931 457 3992; x_wconf 77' lang='lat' dir='ltr'><strong>meoticas</strong></span> <span class='ocrx_word' id='word_1_388' title='bbox 479 3929 640 3991; x_wconf 88' lang='lat' dir='ltr'><strong>discordias</strong></span> <span class='ocrx_word' id='word_1_389' title='bbox 662 3936 691 3992; x_wconf 88' lang='lat' dir='ltr'><strong>et</strong></span> <span class='ocrx_word' id='word_1_390' title='bbox 712 3929 916 3992; x_wconf 85' lang='lat' dir='ltr'><strong>illasiriuolas</strong></span> <span class='ocrx_word' id='word_1_391' title='bbox 938 3929 1143 3995; x_wconf 88' lang='lat' dir='ltr'><strong>descendimus</strong></span> <span class='ocrx_word' id='word_1_392' title='bbox 1164 3931 1245 4001; x_wconf 87' lang='lat' dir='ltr'><strong>lites,</strong></span> <span class='ocrx_word' id='word_1_393' title='bbox 1270 3932 1381 3994; x_wconf 84' lang='lat' dir='ltr'><strong>interca</strong></span> <span class='ocrx_word' id='word_1_394' title='bbox 1403 3929 1498 3992; x_wconf 88' lang='lat' dir='ltr'><strong>bostis</strong></span> <span class='ocrx_word' id='word_1_395' title='bbox 1519 3932 1608 3994; x_wconf 82' lang='lat' dir='ltr'><strong>frctus</strong></span> 
     </span>
     <span class='ocr_line' id='line_1_36' title="bbox 323 4027 1636 4114; baseline -0.002 -20"><span class='ocrx_word' id='word_1_396' title='bbox 323 4027 444 4094; x_wconf 87' lang='lat' dir='ltr'><strong>consilio</strong></span> <span class='ocrx_word' id='word_1_397' title='bbox 471 4027 636 4112; x_wconf 83' lang='lat' dir='ltr'><strong>opibusque</strong></span> <span class='ocrx_word' id='word_1_398' title='bbox 664 4033 738 4103; x_wconf 86' lang='lat' dir='ltr'><strong>suis,</strong></span> <span class='ocrx_word' id='word_1_399' title='bbox 767 4039 867 4094; x_wconf 87' lang='lat' dir='ltr'><strong>nostra</strong></span> <span class='ocrx_word' id='word_1_400' title='bbox 894 4049 964 4095; x_wconf 87' lang='lat' dir='ltr'><strong>vcro</strong></span> <span class='ocrx_word' id='word_1_401' title='bbox 993 4051 1063 4105; x_wconf 83' lang='lat' dir='ltr'><strong>usus</strong></span> <span class='ocrx_word' id='word_1_402' title='bbox 1088 4033 1216 4104; x_wconf 69' lang='lat' dir='ltr'><strong>deuota</strong></span> <span class='ocrx_word' id='word_1_403' title='bbox 1243 4051 1279 4096; x_wconf 79' lang='lat' dir='ltr'><strong>ex</strong></span> <span class='ocrx_word' id='word_1_404' title='bbox 1300 4035 1365 4094; x_wconf 83' lang='lat' dir='ltr'><strong>Asia</strong></span> <span class='ocrx_word' id='word_1_405' title='bbox 1392 4034 1423 4094; x_wconf 92' lang='lat' dir='ltr'><strong>in</strong></span> <span class='ocrx_word' id='word_1_406' title='bbox 1446 4032 1636 4114; x_wconf 80' lang='lat' dir='ltr'><strong>Europamss</strong></span> 
     </span>
     <span class='ocr_line' id='line_1_37' title="bbox 254 4133 1607 4214; baseline 0.008 -26"><span class='ocrx_word' id='word_1_407' title='bbox 254 4133 387 4197; x_wconf 69' lang='lat' dir='ltr'><strong>§.uniam</strong></span> <span class='ocrx_word' id='word_1_408' title='bbox 402 4151 438 4194; x_wconf 81' lang='lat' dir='ltr'><strong>er</strong></span> <span class='ocrx_word' id='word_1_409' title='bbox 460 4139 586 4214; x_wconf 85' lang='lat' dir='ltr'><strong>utroque</strong></span> <span class='ocrx_word' id='word_1_410' title='bbox 607 4135 638 4194; x_wconf 93' lang='lat' dir='ltr'><strong>in</strong></span> <span class='ocrx_word' id='word_1_411' title='bbox 653 4133 783 4196; x_wconf 77' lang='lat' dir='ltr'><strong>Africam</strong></span> <span class='ocrx_word' id='word_1_412' title='bbox 797 4135 919 4198; x_wconf 81' lang='lat' dir='ltr'><strong>transiit</strong></span> <span class='ocrx_word' id='word_1_413' title='bbox 965 4135 1024 4198; x_wconf 85' lang='lat' dir='ltr'><strong>Sed</strong></span> <span class='ocrx_word' id='word_1_414' title='bbox 1046 4134 1122 4196; x_wconf 85' lang='lat' dir='ltr'><strong>bene</strong></span> <span class='ocrx_word' id='word_1_415' title='bbox 1144 4137 1257 4214; x_wconf 82' lang='lat' dir='ltr'><strong>agitm:</strong></span> <span class='ocrx_word' id='word_1_416' title='bbox 1279 4134 1356 4197; x_wconf 78' lang='lat' dir='ltr'><strong>salsa</strong></span> <span class='ocrx_word' id='word_1_417' title='bbox 1379 4133 1465 4196; x_wconf 91' lang='lat' dir='ltr'><strong>nobis</strong></span> <span class='ocrx_word' id='word_1_418' title='bbox 1487 4155 1537 4198; x_wconf 86' lang='lat' dir='ltr'><strong>res</strong></span> <span class='ocrx_word' id='word_1_419' title='bbox 1558 4142 1607 4206; x_wconf 77' lang='lat' dir='ltr'><strong>ed,</strong></span> 
     </span>
     <span class='ocr_line' id='line_1_38' title="bbox 323 4233 1607 4319; baseline 0.003 -25"><span class='ocrx_word' id='word_1_420' title='bbox 323 4233 462 4296; x_wconf 78' lang='lat' dir='ltr'><strong>consulet</strong></span> <span class='ocrx_word' id='word_1_421' title='bbox 484 4236 579 4307; x_wconf 89' lang='lat' dir='ltr'><strong>enim,</strong></span> <span class='ocrx_word' id='word_1_422' title='bbox 608 4237 726 4316; x_wconf 88' lang='lat' dir='ltr'><strong>iamque</strong></span> <span class='ocrx_word' id='word_1_423' title='bbox 748 4243 792 4297; x_wconf 94' lang='lat' dir='ltr'><strong>tot</strong></span> <span class='ocrx_word' id='word_1_424' title='bbox 813 4236 868 4298; x_wconf 89' lang='lat' dir='ltr'><strong>rite</strong></span> <span class='ocrx_word' id='word_1_425' title='bbox 889 4237 1016 4316; x_wconf 86' lang='lat' dir='ltr'><strong>peractis</strong></span> <span class='ocrx_word' id='word_1_426' title='bbox 1037 4238 1177 4318; x_wconf 77' lang='lat' dir='ltr'><strong>quiescet</strong></span> <span class='ocrx_word' id='word_1_427' title='bbox 1221 4235 1246 4299; x_wconf 87' lang='lat'>0</span> <span class='ocrx_word' id='word_1_428' title='bbox 1273 4235 1456 4312; x_wconf 86' lang='lat' dir='ltr'><strong>consilimn,¹</strong></span> <span class='ocrx_word' id='word_1_429' title='bbox 1473 4257 1493 4297; x_wconf 94' lang='lat' dir='ltr'><strong>o</strong></span> <span class='ocrx_word' id='word_1_430' title='bbox 1514 4237 1607 4319; x_wconf 74' lang='lat' dir='ltr'><strong>proti·</strong></span> 
     </span>
     <span class='ocr_line' id='line_1_39' title="bbox 323 4335 1606 4419; baseline 0.003 -23"><span class='ocrx_word' id='word_1_431' title='bbox 323 4335 465 4398; x_wconf 83' lang='lat' dir='ltr'><strong>dentiom!</strong></span> <span class='ocrx_word' id='word_1_432' title='bbox 492 4337 727 4418; x_wconf 81' lang='lat' dir='ltr'><strong>nonquiescet,</strong></span> <span class='ocrx_word' id='word_1_433' title='bbox 756 4335 818 4398; x_wconf 88' lang='lat' dir='ltr'><strong>odit</strong></span> <span class='ocrx_word' id='word_1_434' title='bbox 840 4338 918 4400; x_wconf 88' lang='lat' dir='ltr'><strong>enim</strong></span> <span class='ocrx_word' id='word_1_435' title='bbox 938 4335 1095 4419; x_wconf 75' lang='lat' dir='ltr'><strong>usuquilla</strong></span> <span class='ocrx_word' id='word_1_436' title='bbox 1119 4341 1233 4408; x_wconf 89' lang='lat' dir='ltr'><strong>omnia;</strong></span> <span class='ocrx_word' id='word_1_437' title='bbox 1260 4353 1321 4400; x_wconf 93' lang='lat' dir='ltr'><strong>non</strong></span> <span class='ocrx_word' id='word_1_438' title='bbox 1348 4340 1502 4410; x_wconf 87' lang='lat' dir='ltr'><strong>consistet,</strong></span> <span class='ocrx_word' id='word_1_439' title='bbox 1530 4338 1606 4400; x_wconf 91' lang='lat' dir='ltr'><strong>nulla</strong></span> 
     </span>
     <span class='ocr_line' id='line_1_40' title="bbox 322 4436 1685 4521; baseline 0.008 -23"><span class='ocrx_word' id='word_1_440' title='bbox 322 4437 399 4498; x_wconf 86' lang='lat' dir='ltr'><strong>enim</strong></span> <span class='ocrx_word' id='word_1_441' title='bbox 422 4436 540 4499; x_wconf 76' lang='lat' dir='ltr'><strong>fortuna</strong></span> <span class='ocrx_word' id='word_1_442' title='bbox 563 4445 720 4500; x_wconf 87' lang='lat' dir='ltr'><strong>contentus</strong></span> <span class='ocrx_word' id='word_1_443' title='bbox 742 4445 800 4508; x_wconf 86' lang='lat' dir='ltr'><strong>est;</strong></span> <span class='ocrx_word' id='word_1_444' title='bbox 829 4457 888 4500; x_wconf 92' lang='lat' dir='ltr'><strong>non</strong></span> <span class='ocrx_word' id='word_1_445' title='bbox 912 4441 969 4503; x_wconf 86' lang='lat' dir='ltr'><strong>lert</strong></span> <span class='ocrx_word' id='word_1_446' title='bbox 991 4441 1083 4501; x_wconf 77' lang='lat' dir='ltr'><strong>odam</strong></span> <span class='ocrx_word' id='word_1_447' title='bbox 1104 4439 1152 4505; x_wconf 88' lang='lat' dir='ltr'><strong>illa</strong></span> <span class='ocrx_word' id='word_1_448' title='bbox 1173 4439 1300 4510; x_wconf 82' lang='lat' dir='ltr'><strong>natura,</strong></span> <span class='ocrx_word' id='word_1_449' title='bbox 1328 4459 1388 4501; x_wconf 89' lang='lat' dir='ltr'><strong>non</strong></span> <span class='ocrx_word' id='word_1_450' title='bbox 1412 4440 1469 4504; x_wconf 89' lang='lat' dir='ltr'><strong>lert</strong></span> <span class='ocrx_word' id='word_1_451' title='bbox 1490 4459 1605 4521; x_wconf 86' lang='lat' dir='ltr'><strong>pacem:</strong></span> <span class='ocrx_word' id='word_1_452' title='bbox 1682 4436 1685 4442; x_wconf 67' lang='grc'>’</span> 
     </span>
     <span class='ocr_line' id='line_1_41' title="bbox 321 4537 1635 4628; baseline 0 -26"><span class='ocrx_word' id='word_1_453' title='bbox 321 4540 347 4602; x_wconf 92' lang='lat' dir='ltr'><strong>si</strong></span> <span class='ocrx_word' id='word_1_454' title='bbox 369 4537 448 4611; x_wconf 77' lang='lat' dir='ltr'><strong>terro</strong></span> <span class='ocrx_word' id='word_1_455' title='bbox 470 4545 586 4619; x_wconf 80' lang='lat' dir='ltr'><strong>posset,</strong></span> <span class='ocrx_word' id='word_1_456' title='bbox 607 4549 674 4602; x_wconf 89' lang='lat' dir='ltr'><strong>ante</strong></span> <span class='ocrx_word' id='word_1_457' title='bbox 696 4539 825 4612; x_wconf 84' lang='lat' dir='ltr'><strong>tulisset,</strong></span> <span class='ocrx_word' id='word_1_458' title='bbox 849 4543 966 4622; x_wconf 87' lang='lat' dir='ltr'><strong>quando</strong></span> <span class='ocrx_word' id='word_1_459' title='bbox 987 4560 1048 4604; x_wconf 95' lang='lat' dir='ltr'><strong>non</strong></span> <span class='ocrx_word' id='word_1_460' title='bbox 1069 4549 1156 4628; x_wconf 84' lang='lat' dir='ltr'><strong>erant</strong></span> <span class='ocrx_word' id='word_1_461' title='bbox 1176 4548 1219 4604; x_wconf 89' lang='lat' dir='ltr'><strong>tot</strong></span> <span class='ocrx_word' id='word_1_462' title='bbox 1240 4543 1426 4624; x_wconf 85' lang='lat' dir='ltr'><strong>opprimendi</strong></span> <span class='ocrx_word' id='word_1_463' title='bbox 1446 4561 1508 4622; x_wconf 61' lang='lat' dir='ltr'><strong>uos,</strong></span> <span class='ocrx_word' id='word_1_464' title='bbox 1523 4559 1635 4604; x_wconf 85' lang='lat' dir='ltr'><strong>occa-u</strong></span> 
     </span>
     <span class='ocr_line' id='line_1_42' title="bbox 253 4640 1603 4713; baseline 0.006 -14"><span class='ocrx_word' id='word_1_465' title='bbox 253 4640 443 4710; x_wconf 66' lang='lat' dir='ltr'><strong>§.tonsionem</strong></span> <span class='ocrx_word' id='word_1_466' title='bbox 472 4641 531 4704; x_wconf 88' lang='lat' dir='ltr'><strong>iam</strong></span> <span class='ocrx_word' id='word_1_467' title='bbox 552 4647 667 4704; x_wconf 85' lang='lat' dir='ltr'><strong>certum</strong></span> <span class='ocrx_word' id='word_1_468' title='bbox 694 4641 737 4705; x_wconf 91' lang='lat' dir='ltr'><strong>illl</strong></span> <span class='ocrx_word' id='word_1_469' title='bbox 764 4651 808 4705; x_wconf 88' lang='lat' dir='ltr'><strong>est</strong></span> <span class='ocrx_word' id='word_1_470' title='bbox 835 4643 979 4707; x_wconf 82' lang='lat' dir='ltr'><strong>intestinis</strong></span> <span class='ocrx_word' id='word_1_471' title='bbox 1009 4655 1064 4704; x_wconf 86' lang='lat' dir='ltr'><strong>nos</strong></span> <span class='ocrx_word' id='word_1_472' title='bbox 1092 4644 1246 4706; x_wconf 85' lang='lat' dir='ltr'><strong>distractos</strong></span> <span class='ocrx_word' id='word_1_473' title='bbox 1267 4641 1439 4706; x_wconf 89' lang='lat' dir='ltr'><strong>tumultibus</strong></span> <span class='ocrx_word' id='word_1_474' title='bbox 1459 4645 1603 4713; x_wconf 82' lang='lat' dir='ltr'><strong>invadere,</strong></span> 
     </span>
     <span class='ocr_line' id='line_1_43' title="bbox 321 4740 1604 4828; baseline -0.002 -21"><span class='ocrx_word' id='word_1_475' title='bbox 321 4743 380 4808; x_wconf 73' lang='lat' dir='ltr'><strong>iam</strong></span> <span class='ocrx_word' id='word_1_476' title='bbox 402 4751 502 4828; x_wconf 82' lang='lat' dir='ltr'><strong>sperat</strong></span> <span class='ocrx_word' id='word_1_477' title='bbox 521 4749 614 4806; x_wconf 90' lang='lat' dir='ltr'><strong>totam</strong></span> <span class='ocrx_word' id='word_1_478' title='bbox 634 4740 665 4807; x_wconf 88' lang='lat' dir='ltr'><strong>in</strong></span> <span class='ocrx_word' id='word_1_479' title='bbox 687 4743 773 4807; x_wconf 85' lang='lat' dir='ltr'><strong>nobis</strong></span> <span class='ocrx_word' id='word_1_480' title='bbox 794 4744 945 4807; x_wconf 83' lang='lat' dir='ltr'><strong>absoluere</strong></span> <span class='ocrx_word' id='word_1_481' title='bbox 958 4742 1136 4825; x_wconf 59' lang='lat' dir='ltr'><strong>,tragoediam</strong></span> <span class='ocrx_word' id='word_1_482' title='bbox 1159 4765 1195 4808; x_wconf 89' lang='lat' dir='ltr'><strong>ao</strong></span> <span class='ocrx_word' id='word_1_483' title='bbox 1215 4744 1421 4824; x_wconf 85' lang='lat' dir='ltr'><strong>pulcherrimis</strong></span> <span class='ocrx_word' id='word_1_484' title='bbox 1449 4749 1552 4828; x_wconf 84' lang='lat' dir='ltr'><strong>coeptis</strong></span> <span class='ocrx_word' id='word_1_485' title='bbox 1577 4751 1604 4807; x_wconf 83' lang='lat' dir='ltr'><strong>ct</strong></span> 
     </span>
    </p>
   </div>
   <div class='ocr_carea' id='block_1_3' title="bbox 0 0 1710 5524">
    <p class='ocr_par' dir='ltr' id='par_1_3' title="bbox 0 0 1710 5524">
     <span class='ocr_line' id='line_1_44' title="bbox 0 0 1710 5524; baseline 0 0"><span class='ocrx_word' id='word_1_486' title='bbox 0 0 1710 5524; x_wconf 95' lang='lat' dir='ltr'><strong> </strong></span> 
     </span>
    </p>
   </div>
  </div>
 </body>
</html>
