3444 5518
502 395 538 432 ns
550 397 640 434 sosas
652 397 766 434 ortator
780 397 853 434 ears
866 397 901 434 rr
914 396 1030 434 ιιοιιιιιιι.
1336 369 1405 441 (isli

122 548 229 614 cellum
246 551 309 612 eins
330 550 409 629 quud
433 553 462 612 in
477 551 656 616 Vestoriobis
677 560 734 624 est,
765 553 1023 618 teotonemmom
1045 571 1201 640 concursu,
1225 555 1412 618 obmemmm

104 667 251 722 ,munera
271 653 395 724 adsum,
415 653 508 734 idque
531 655 630 734 ignoto
653 655 716 716 eius
738 656 835 716 adhuc
856 657 894 716 in·
909 655 997 733 vulgo
1013 674 1067 736 per
1082 657 1268 718 Germaniam
1284 659 1412 728 nomine,

122 753 271 816 Fiacrium
294 755 432 818 dicebant
452 759 530 819 enim
553 774 608 835 pro
631 757 773 836 Evagrio:
801 775 899 837 neque
919 766 952 818 ut
973 758 1091 820 vixisset
1113 758 1297 837 quaerebant,
1327 777 1413 838 posse

121 862 236 916 mutum
258 859 359 920 iurare
381 857 551 920 credebant.
596 857 682 921 Tales
706 860 826 921 iumuut
847 847 905 920 boc
926 862 958 920 in
980 865 1096 922 terrore
1111 862 1155 922 sic
1170 867 1242 921 ortae
1256 861 1408 938 bominum
1423 861 1469 914 §.a

102 959 287 1037 supiniones
325 959 473 1042 Suspenso
489 969 519 1022 et
533 961 568 1022 ad
584 961 718 1022 Rocbum
741 965 839 1040 signa,
863 981 898 1023 aa
920 965 1051 1024 omnium
1074 963 1110 1023 ab
1134 964 1254 1043 antiquo
1277 963 1414 1023 refricata

123 1059 235 1122 ulcera.
279 1062 303 1122 si
324 1062 421 1124 studio
443 1064 575 1142 pietatis,
589 1082 658 1124 ‘non
681 1063 832 1143 improbo,
856 1065 901 1124 siu
923 1072 957 1124 ut
977 1063 1083 1143 aliquid
1108 1065 1330 1143 explanarentur
1351 1067 1414 1143 qui·

122 1164 174 1241 qni
197 1162 317 1248 luerunt
338 1171 570 1234 commentores,
600 1167 692 1248 miror
714 1172 792 1226 tanta
817 1169 845 1227 in
874 1166 991 1246 publica
1024 1169 1273 1237 consternatione,
1301 1168 1332 1227 in
1354 1173 1414 1228 um

121 1264 287 1326 miserabili
300 1265 430 1328 -bumani
451 1269 569 1346 generis
584 1267 762 1337 calamitate,
781 1271 936 1332 communi
951 1268 1067 1340 dolore,
1091 1269 1188 1330 fraudi
1203 1267 1301 1330 locum
1317 1269 1414 1338 luisse.

122 1366 167 1428 lbi
190 1367 260 1428 dum
284 1368 331 1430 dei
351 1369 426 1430 iram
449 1370 632 1451 interpretati
654 1376 723 1430 sunt
744 1369 890 1450 theologi,
914 1389 1002 1450 quem
1025 1371 1101 1432 bane
1123 1370 1268 1432 malorum
1290 1391 1307 1432 a
1330 1371 1472 1432 nobista-

91 1486 242 1532 arnorum
265 1487 382 1549 poenam
405 1474 544 1550 erigere,
568 1473 625 1534 boc
647 1472 822 1560 supplicium
836 1463 979 1545 sonmo,
1003 1491 1038 1534 ao
1059 1475 1083 1534 si
1107 1475 1136 1535 in
1157 1490 1320 1552 supemum
1343 1473 1414 1534 illud

120 1757 189 1819 sarri
209 1766 258 1832 out
276 1760 345 1814 acite
362 1761 438 1824 tritta
454 1751 484 1826 sai
503 1761 579 1823 trium
598 1762 690 1826 tirius
709 1763 805 1830 iubeor
825 1763 940 1830 ualterio>
962 1764 1057 1827 aetram
1079 1765 1168 1827 aratos
1190 1763 1264 1828 toti,
1289 1764 1417 1828 inormi

118 1835 218 1908 teitaun
233 1852 274 1896 ter
291 1846 393 1910 menidi
411 1847 448 1898 sit
466 1848 524 1910 aoht
540 1853 585 1900 aar
603 1857 715 1911 artroaur
734 1847 805 1912 [siut.
840 1845 899 1900 aar·
912 1847 942 1913 itt
961 1848 1016 1912 aad
1031 1853 1072 1898 ner
1089 1848 1181 1910 truria
1199 1848 1227 1900 in
1246 1849 1345 1914 teatini
1359 1851 1417 1902 latr-

119 1937 168 1982 eeu
187 1927 237 1992 [riu
256 1935 328 1982 roms
346 1930 386 1983 nit
404 1931 490 1983 artant
509 1931 625 1996 murteo,
641 1940 686 1985 rm
705 1931 738 1996 [tr
754 1930 798 1997 fir
817 1929 930 1996 tonario
949 1933 977 1985 in
995 1928 1095 1994 ,tierrici
1110 1942 1217 1998 nautea,
1236 1931 1342 1998 §rostro
1360 1933 1416 1996 oum

121 2014 166 2066 uit
184 2013 215 2067 ot
233 2015 273 2066 rio
292 2017 375 2084 [older
392 2013 429 2078 ab
443 2022 495 2069 emi
513 2017 589 2080 atlete
607 2021 659 2082 tart,
683 2017 754 2070 atrio
778 2015 893 2080 alanino
912 2016 945 2083 tie
959 2024 1004 2069 nos
1022 2031 1047 2068 rr
1064 2018 1092 2069 in
1110 2018 1138 2070 tu
1157 2017 1244 2082 [oldam
1262 2018 1368 2074 stertas
1385 2007 1416 2081 31⁰⁸

89 2109 111 2146 rs
122 2097 183 2162 bitti
199 2099 273 2152 tussi
293 2095 390 2164 mista
410 2099 477 2164 ,iltis
495 2102 640 2166 nandulo)
659 2103 791 2165 ustassai
809 2099 1020 2162 auctoratorum
1038 2105 1121 2164 totam
1138 2102 1175 2153 nis
1192 2101 1311 2166 moutam
1329 2102 1358 2153 ta
1374 2101 1415 2154 ai-

120 2184 172 2248 [rsa
190 2183 312 2250 tormen.
348 2184 387 2238 sa
406 2185 466 2252 [siat
484 2187 540 2251 aad
557 2187 594 2238 ott
610 2186 681 2250 scidi
699 2192 747 2238 out
762 2192 805 2238 ter
822 2184 981 2249 stadam?
998 2186 1100 2239 ttattsrt
1124 2185 1168 2251 tlt
1187 2187 1240 2248 taut
1259 2183 1353 2249 trdus
1373 2200 1413 2249 aa·
1425 2179 1443 2229 l·
1451 2182 1471 2226 ⁴·

121 2269 207 2332 trouu
227 2275 317 2334 norat,
339 2276 366 2334 ιιι
383 2271 415 2334 ist
434 2270 487 2333 tat,
512 2283 549 2324 oa
572 2285 598 2322 ts
620 2271 649 2336 in
671 2261 740 2334 airtti
764 2269 851 2334 atrati
870 2271 970 2336 mimus
989 2285 1062 2334 nere,
1087 2269 1118 2335 itt
1136 2284 1162 2322 ss
1179 2269 1234 2323 aber
1252 2267 1284 2332 nis
1300 2281 1356 2335 aras
1374 2285 1416 2334 ar·

121 2353 227 2418 tamen,
243 2360 270 2418 aa
286 2362 316 2406 aa
332 2356 402 2419 bord)
419 2352 509 2419 tridui
525 2354 627 2419 actitatur
646 2362 737 2418 naras,
755 2357 835 2419 rottae
850 2357 903 2420 nost
918 2361 960 2409 aar
976 2356 1113 2420 emittam
1126 2354 1241 2418 ostenaet
1254 2355 1330 2420 [dunt
1343 2367 1419 2410 reattr-¹

120 2447 192 2491 erret
211 2437 283 2503 mim,
300 2445 345 2492 aas
363 2439 390 2491 iu
410 2440 481 2504 totos
499 2441 607 2503 acutius
626 2440 737 2504 torcat,
756 2435 792 2492 ori
809 2441 837 2492 io
857 2441 927 2505 [attat
945 2441 1030 2493 abaci
1047 2429 1118 2505 sirint
1131 2441 1154 2491 o'
1173 2438 1284 2504 msulae,
1303 2440 1358 2503 aad)
1375 2454 1417 2503 aa·

88 2523 209 2575 remeius
227 2523 363 2586 [murteam
381 2524 529 2587 tetruattid
548 2524 578 2583 itt
596 2528 721 2588 artantur
741 2531 844 2596 assensu.¹
878 2525 914 2589 tio
937 2526 978 2590 ten
1003 2523 1076 2588 baim
1099 2522 1178 2589 artum
1199 2523 1237 2576 aa
1252 2524 1415 2588 tertullum

122 2605 241 2672 mutiat
261 2608 371 2674 attium,
387 2615 431 2660 nas
449 2609 625 2662 nisttattrteu
643 2607 675 2671 ab
692 2618 745 2674 asts
760 2619 818 2674 sota
837 2610 927 2662 tumen
947 2606 1022 2676 trior,
1041 2605 1074 2662 mi
1089 2617 1130 2673 aot
1147 2606 1225 2661 nouit
1243 2605 1333 2671 salert-
1344 2603 1415 2674 ilisa
1428 2608 1474 2662 §.a

122 2693 211 2746 terrm
229 2690 309 2758 [trata
326 2699 374 2746 ona
391 2693 505 2760 ursata,
528 2696 567 2746 ota
589 2694 619 2747 at
642 2694 674 2760 tir
696 2693 724 2746 in
747 2692 883 2758 stultiam
906 2701 988 2748 nstro
1007 2683 1038 2758 sir
1056 2691 1155 2758 nautea
1173 2693 1245 2758 [atos
1262 2693 1291 2746 ot
1310 2695 1415 2746 almost

191 2945 205 2978 ⁸
224 2943 441 3014 expiscarentur]
464 2947 539 2997 luter
558 2945 729 3014 ‘gravamina
743 2947 915 2998 Germanicae
934 2948 1055 3000 nationis
1073 2947 1245 3012 iniquissime
1264 2951 1380 3010 eentum,
1401 2963 1418 2998 a

124 3033 210 3082 laicis
227 3031 397 3097 principibus
416 3037 443 3081 et
461 3033 570 3097 imperii
586 3031 749 3098 primatibus
766 3032 855 3084 literis
873 3033 1004 3084 mandata
1022 3050 1054 3084 ae
1071 3049 1175 3086 summo
1191 3031 1316 3098 pontifici
1329 3039 1417 3082 trans·

126 3103 225 3168 missa‘
245 3133 278 3166 ex
297 3123 434 3167 conventu
446 3115 669 3182 Norimbergensi
688 3132 714 3166 a.
729 3115 802 3168 1522.
816 3133 855 3183 sq.
870 3115 974 3180 babitu,
995 3118 1140 3184 septimum
1151 3117 1204 3168 boc
1219 3123 1273 3168 est:
1292 3117 1334 3166 De
1348 3133 1418 3182 praa·

125 3201 300 3254 dicatoribus
319 3199 552 3274 indulgentiarum
569 3203 749 3254 stationariis.
785 3203 836 3252 Est
858 3205 886 3252 et
904 3201 980 3252 aliud
998 3201 1182 3268 Indulgentiis
1200 3200 1351 3252 vendendis
1371 3199 1417 3251 ad·

126 3287 232 3337 dietum
254 3285 392 3337 hominum
416 3303 501 3352 genus
527 3284 640 3355 [praetor
663 3288 814 3353 migrantes
836 3302 990 3352 praecones,
1016 3287 1062 3352 qui
1085 3301 1134 3351 pro
1156 3283 1277 3336 besilius
1300 3300 1322 3334 s.
1341 3284 1418 3334 Petri

127 3371 238 3422 bellove
261 3369 359 3421 Turcis
383 3369 527 3422 inferendo
550 3371 642 3440 bullas
665 3365 815 3436 venduntt,
846 3386 912 3441 quos
934 3371 1117 3422 stationarios
1140 3367 1222 3434 vulgo
1245 3373 1359 3420 vocant:
1390 3367 1419 3426 hi

87 3475 94 3490 ·
126 3457 292 3506 rusticorum
314 3455 473 3522 plerumque
498 3455 648 3506 abutuntur
671 3454 864 3520 simplicitate,
889 3454 952 3504 dum
975 3470 1068 3505 omnes
1087 3455 1176 3514 vicos,
1200 3453 1296 3515 villas,
1320 3467 1418 3519 pagos,

128 3541 291 3606 angiportus
309 3541 455 3606 omniaque
473 3549 624 3608 peragrant
643 3539 761 3590 castella
774 3545 801 3589 et
813 3537 942 3605 oppidula
953 3523 1138 3605 praedicantes
1150 3538 1242 3587 sanati
1255 3537 1416 3603 cuiuspiam,
1492 3555 1494 3561 ’

125 3623 274 3676 Valentini
292 3630 373 3691 puta,
396 3625 527 3690 Ruperti,
552 3624 686 3686 Comrelii,
711 3613 1158 3690 Anastasiique'sanctimoniam
1183 3626 1364 3688 acquantum
1384 3621 1419 3672 ad
1474 3610 1477 3620 '

126 3725 185 3760 rem
205 3707 371 3762 familiarem
391 3709 489 3776 addat,
513 3710 537 3760 si
560 3709 706 3777 quotannis
723 3708 796 3760 hunc
813 3709 858 3760 vel
877 3708 952 3758 illum
970 3706 1129 3762 munusculo
1153 3705 1258 3772 aliquo,
1284 3705 1354 3770 quod
1378 3706 1419 3756 eis

127 3794 308 3845 stationariis
326 3795 436 3846 scilieet
455 3797 483 3846 in
502 3795 668 3846 commodum
688 3793 777 3856 cedat,
797 3793 962 3856 demulceas,
982 3791 1219 3856 inscribentesque
1237 3789 1337 3840 dehine
1356 3792 1419 3840 sirn-
1461 3839 1465 3846 ,

127 3879 218 3945 plicas
236 3879 285 3929 sub
304 3879 395 3930 sancti
413 3879 530 3930 alieuius
548 3894 647 3928 numen
672 3894 705 3928 ac
728 3877 842 3928 tutelam
865 3877 1123 3944 promittentesque,
1142 3880 1173 3926 ut
1189 3874 1242 3926 hoa
1262 3879 1310 3924 ant
1332 3875 1419 3928 altero

126 3963 284 4014 morborum
299 3979 400 4030 genera
418 3971 567 4016 vacaturus
586 3965 622 4014 sit
641 3965 686 4030 qui
705 3964 745 4013 eis
759 3978 877 4014 annuum
895 3977 1007 4012 censum
1024 3960 1159 4028 penderit.
1195 3960 1262 4022 Quae
1281 3960 1373 4010 omnia
1390 3961 1419 4010 in

126 4049 181 4100 boc
196 4051 356 4114 excogitata
368 4055 440 4114 sunt,
460 4055 490 4099 ut
503 4048 643 4115 simplices
656 4048 698 4099 illi
711 4039 849 4098 advivam
861 4062 946 4112 usque
960 4051 1140 4112 exsugantur:
1164 4060 1228 4096 nam
1240 4045 1354 4110 primum
1367 4045 1420 4095 boc

127 4135 271 4200 negotium
291 4149 307 4184 a
325 4139 422 4185 sancto
440 4133 558 4185 Antonio
578 4139 696 4199 amptum
714 4121 743 4182 in
761 4133 904 4182 innumera
922 4133 1073 4182 morborum
1092 4145 1196 4196 genera
1214 4129 1312 4178 dehinc
1331 4132 1421 4180 suevit

127 4219 243 4276 deduci,
268 4218 309 4268 ita
326 4225 357 4269 ot
374 4219 421 4270 vix
439 4220 560 4286 supersit
577 4217 777 4269 morbos'nunc
797 4217 909 4283 aliquis,
936 4216 980 4266 cui
999 4213 1162 4266 stationarii
1180 4229 1233 4264 non
1253 4218 1281 4264 et
1298 4214 1423 4280 peculia·

127 4319 188 4357 rem
214 4301 344 4354 Sanctum
367 4309 497 4370 tanquam
520 4294 644 4354 tabernae
667 4303 712 4353 vel
735 4301 918 4368 negotiationi
940 4299 1153 4367 praeposuerint3
1176 4297 1364 4364 processitque
1388 4315 1420 4348 eo

126 4403 218 4454 usqne
238 4389 296 4439 eius
314 4388 380 4439 mali
399 4391 523 4456 serpigo,
543 4393 572 4438 ut
591 4403 740 4454 pauperum
759 4402 792 4436 aa
811 4385 975 4452 simplicium
993 4385 1101 4452 illorum
1120 4373 1288 4445 Quae'stuarii
1307 4399 1340 4432 ae
1359 4383 1421 4433 Sta·

127 4473 246 4525 tionarii
264 4473 461 4539 praedicatores
480 4473 641 4538 sanguinem
660 4475 757 4524 vorent
776 4475 803 4521 et
821 4469 980 4532 medullam,
1006 4469 1121 4533 dumque
1140 4467 1182 4517 illi
1200 4482 1256 4516 una
1274 4482 1334 4516 eum
1352 4463 1419 4516 libe·

127 4560 169 4609 ris
189 4559 357 4608 necessariis
375 4557 537 4624 spoliantur,
558 4558 587 4606 in
605 4556 714 4607 deliciis
732 4561 759 4605 et
776 4553 840 4604 luxu
858 4553 1000 4619 plusquam
1019 4549 1176 4618 Sybaritica
1199 4551 1301 4616 degunt
1319 4549 1420 4599 Statio-

128 4643 231 4694 nsrii.'’
284 4641 497 4708 ⁸iuterpraatoti
516 4645 540 4690 a.
595 4639 615 4672 '⁰
633 4657 666 4690 ue
685 4637 718 4704 si]
737 4644 897 4705 perpetuam
915 4635 987 4688 bunc
1006 4635 1206 4688 sacerdotalem
1226 4633 1419 4689 confidentiam

128 4728 196 4778 aliis
214 4727 285 4778 loeis
305 4726 416 4793 gravius
434 4730 514 4775 taxat
533 4729 637 4776 urrctor.
712 4711 716 4720 ’

191 4810 480 4864 Hvrraerrr.roa.
495 4809 526 4860 V.
610 4791 622 4814 '
957 4794 961 4800 ⁴
1151 4805 1191 4866 26
