3464 5526
220 409 344 446 nearent
364 409 393 446 aar
413 405 506 446 prosu
525 409 802 448 wrnnrsrrrnnunnsnn
821 409 924 446 ontrro
942 409 987 446 111.
1007 409 1119 444 annuns.
1133 409 1158 444 Δ.
1172 403 1233 445 tttr.
1319 381 1366 450 47

97 563 139 626 tilri
158 562 312 626 nobiscum
334 581 421 626 causa
445 570 507 654 est,
529 564 570 624 vis
588 582 605 624 a
628 565 794 642 suspicione
816 563 928 626 alienus
948 581 1027 632 esse,
1055 581 1092 625 ne
1112 564 1254 643 privatam
1272 566 1370 644 potius

97 665 292 728 contumeliam
319 665 419 727 ulcisci
447 647 534 744 qnam
563 663 721 744 publicum
741 668 846 744 puuire
872 666 983 726 crimen
1006 665 1143 734 ridearis:
1175 668 1272 743 itaque
1296 667 1369 726 inte·

96 786 166 844 gram
188 785 309 828 cansam
331 767 367 835 ad
390 767 447 828 hoc
466 767 637 836 concilium,
666 767 746 856 hunc
767 769 934 846 principum
956 765 1116 846 populique
1138 769 1276 829 Germani
1300 786 1370 828 cun·

98 877 204 930 rentum
226 871 370 939 reiecisti;
393 871 590 949 quoniamque
611 868 736 948 publicm
757 885 853 931 causae
873 869 1001 946 privatus
1028 867 1112 928 dolor
1135 887 1285 932 connexus
1308 869 1369 944 luit,

55 973 234 1048 ‘⁵uemlnem
258 975 309 1050 qni
330 979 381 1034 aut
401 974 494 1050 gratie
515 977 565 1044 ant
586 971 750 1050 eloquentia
773 969 883 1048 aliquid
903 976 1017 1048 posset,
1045 971 1144 1030 iuvare
1168 970 1247 1032 hunc
1267 972 1304 1032 ad
1326 973 1369 1033 di·

97 1073 211 1134 cendam
230 1092 349 1136 cansam
372 1074 556 1152 prohibuisti.
594 1081 682 1153 atque
700 1074 757 1134 hoc
771 1081 807 1134 ,te
825 1072 923 1132 decuit
941 1079 1022 1132 ante:
1046 1077 1124 1136 nnnc
1142 1073 1297 1134 videndum
1315 1081 1367 1145 est,
1379 1086 1437 1137 §.oe

96 1194 126 1236 ne
144 1177 166 1236 si
192 1179 292 1236 minus
313 1174 428 1237 fortiter
445 1175 676 1246 indicatumsit,
698 1183 730 1238 tu
752 1175 837 1235 lemae
855 1172 1028 1245 discrimen,
1052 1192 1105 1234 nos
1124 1173 1296 1252 periculum,
1317 1194 1376 1253 pu·,

67 1253 74 1278 ⁸
95 1276 153 1337 blici
170 1296 273 1360 mores
292 1277 433 1338 iacturam
455 1278 575 1339 adeant:
600 1293 688 1357 quum
709 1276 849 1354 pestilens
871 1277 947 1337 euim
968 1277 1150 1354 propositum
1172 1277 1256 1338 malis
1274 1297 1372 1340 exem·

95 1371 165 1456 plum
187 1381 259 1450 erit,
282 1394 370 1459 qnam
392 1377 501 1440 multos
523 1379 560 1442 ed
582 1397 613 1441 se
635 1378 733 1440 trahet
755 1378 817 1438 haec
839 1377 1011 1457 impunitas!
1040 1377 1125 1450 Quod
1145 1363 1189 1440 vel
1211 1397 1303 1441 unum
1326 1397 1371 1441 sa·

72 1481 125 1540 totis
145 1487 222 1552 erat,
246 1483 401 1552 Germani,
426 1482 505 1559 qnod
528 1501 578 1542 ros
598 1467 753 1550 uicturos,
776 1478 1018 1560 qnod‘reqnitatis
1040 1479 1320 1553 commonefaceret,
1339 1490 1373 1543 nt

95 1583 160 1648 tanc
182 1583 301 1646 interim
321 1581 422 1644 sileam
450 1581 598 1662 publicam
618 1583 846 1661 turpitudinem:
876 1600 930 1661 per
949 1600 1000 1643 vos
1021 1584 1098 1644 enim
1119 1574 1184 1653 liet,
1214 1590 1247 1644 ut
1266 1601 1299 1645 ea
1320 1603 1371 1645 eu-

95 1683 163 1750 diant
183 1685 324 1748 Germani
346 1702 411 1762 qnae
433 1703 520 1746 nemu
542 1685 634 1766 hostis
657 1685 735 1746 huic·
748 1685 858 1754 nationi
878 1683 985 1744 obiecit
1007 1701 1149 1762 anquam:
1171 1687 1277 1746 iterum
1300 1703 1372 1746 nan·

95 1806 143 1865 que
164 1787 203 1848 ad
229 1787 307 1848 hanc
335 1789 643 1850 commemorationem
668 1787 784 1857 trahor,
816 1787 908 1864 magis
936 1783 1105 1863 fugiendum
1134 1786 1263 1848 dedecus
1284 1805 1372 1866 quam

95 1889 234 1950 uitandum
257 1888 422 1968 periculum
443 1884 558 1967 putans.
603 1887 721 1968 lntegra
743 1889 832 1965 igitur
851 1905 969 1966 semper
988 1890 1203 1968 Germanorum
1225 1890 1440 1964 existima-par,

71 1991 292 2062 innotuimus
314 1989 458 2070 probrum
480 1991 653 2064 admittetis,
677 2009 727 2052 vus
750 1990 877 2052 dedecus
898 1990 1119 2070 comparabitis,
1144 1997 1172 2052 et
1193 1991 1273 2052 hunc
1295 1991 1372 2054 lere-

94 2093 125 2152 tis
144 2095 325 2173 principem,
361 2094 451 2154 immo
474 2094 573 2155 teretis
596 2094 714 2164 vivnm‚'
736 2100 765 2154 et
786 2091 863 2154 inter
883 2089 1033 2161 homines,
1064 2099 1096 2154 nt
1122 2095 1152 2154 in
1181 2092 1246 2154 lnce
1269 2094 1373 2156 caelum

95 2196 226 2272 aspiciat?
257 2212 311 2258 rus
337 2198 457 2274 inquam
481 2215 544 2260 non
568 2197 636 2257 lorti
664 2195 760 2274 aliqua
781 2195 924 2257 sententia
951 2193 1145 2273 proscindetis
1167 2191 1254 2256 huius
1276 2195 1379 2276 vitam,-

96 2303 131 2358 tot
152 2289 425 2378 vitiis'dagitiisque
447 2301 649 2368 coniunctam,
673 2300 804 2360 omnium
825 2297 999 2376 iampridem
1026 2295 1172 2358 voluntate
1195 2297 1371 2380 damnatam,

95 2400 136 2458 cui
155 2397 228 2462 nihil
251 2399 382 2462 clausum
412 2408 581 2463 sanctumte
610 2400 682 2460 initi
713 2400 838 2480 deniqne
861 2399 919 2460 hoc
947 2399 1060 2460 Gaesare
1088 2397 1301 2471 Maximiliauo,
1328 2400 1374 2462 his
1401 2481 1404 2488 Δ

69 2500 272 2580 aprino-ipihus
291 2519 360 2580 spes
382 2502 450 2565 huic
472 2503 560 2565 luerit
582 2509 662 2564 tanto
679 2503 834 2563 commisso
851 2500 978 2571 scelere,
1002 2507 1060 2564 tam
1075 2501 1190 2562 nelarie
1204 2510 1374 2581 perpetrato

97 2601 219 2665 iocinore
246 2605 451 2682 impunitatem
478 2605 640 2683 consequti
673 2606 763 2696 numo
791 2604 897 2666 liducia
923 2604 1080 2665 accesserit
1106 2605 1195 2665 armis
1220 2604 1374 2666 adversum

97 2722 145 2763 nos
166 2707 313 2786 experiri?
345 2708 375 2767 in
398 2725 431 2768 re
451 2713 548 2777 tanta,
578 2707 607 2767 iu
637 2707 741 2767 iniuria
769 2713 829 2767 tam
850 2705 957 2772 acerba
978 2704 1117 2770 iudicium
1137 2705 1280 2768 deluerit?
1311 2707 1372 2768 Nisi
1382 2731 1441 2782 qm,

97 2813 186 2868 tantas
208 2815 287 2872 esset
309 2807 393 2880 dolor
415 2816 447 2870 ut
469 2807 645 2870 dissimulari
667 2807 772 2878 nollet,
797 2807 932 2886 equidem
953 2805 1035 2868 vultu
1056 2813 1157 2886 tegere
1181 2817 1230 2868 aut
1254 2810 1374 2870 tacitur-

96 2909 179 2970 nitate
201 2909 331 2980 celare:
346 2928 403 2990 qno
424 2929 462 2977 ue
485 2909 532 2971 isti
553 2919 671 2990 gratum
690 2929 743 2989 per
764 2929 811 2972 mu
829 2911 895 2981 fiat,
919 2923 1067 2987 cuperem.
1109 2910 1167 2974 Sed
1181 2929 1236 2972 nec
1250 2910 1375 2972 obscure

69 3012 177 3086 squeri
198 3010 281 3100 licet,
305 3019 334 3074 et
354 3013 407 3073 iste
427 3012 559 3074 dolentes
580 3031 634 3074 nos
653 2993 762 3082 illudit,
786 3019 816 3074 et
837 3030 886 3072 ros
900 3012 1015 3072 ¹iudicio
1037 3011 1163 3073 deestis:
1193 3015 1234 3074 sic
1256 3015 1320 3085 fiet,
1343 3021 1377 3074 ut

97 3111 123 3170 in
148 3111 344 3184 laudatissima
368 3115 531 3200 Germaniae
553 3122 637 3192 parte
659 3116 847 3178 Germaniam
874 3131 1052 3193 queramus:
1081 3115 1151 3195 qnid
1176 3116 1253 3184 enim
1279 3115 1381 3195 potins

98 3231 179 3291 quam
196 3221 263 3278 nata
287 3235 322 3276 en
342 3216 399 3278 hoc
421 3216 555 3295 prodigio
577 3217 689 3280 scelera
704 3218 735 3278 in
749 3215 807 3278 hoc
822 3218 993 3295 consumpta
1011 3233 1074 3280 esse
1089 3218 1235 3295 oportuit,
1259 3219 1375 3297 quodne

97 3313 177 3376 ndns
196 3315 266 3378 illud
289 3325 424 3398 serperet
443 3319 624 3399 exemplum!
647 3318 839 3399 quammulti
856 3325 925 3380 sunt
947 3319 997 3397 qui
1018 3335 1085 3378 cum
1108 3335 1140 3380 se
1154 3319 1308 3382 defunctos
1323 3339 1376 3400 pe÷

99 3416 186 3478 riculo
207 3423 327 3498 putent,
350 3418 418 3488 olim
441 3438 500 3481 non
521 3420 635 3482 diversa
657 3422 823 3501 patientur?
845 3421 916 3492 Quae
935 3427 968 3480 ut
990 3421 1097 3481 trustra
1113 3417 1264 3495 moneam,
1284 3429 1313 3482 et
1327 3423 1441 3492 inicere.

71 3517 231 3583 usnbsistat
252 3522 336 3584 istius
358 3518 443 3583 luror
464 3539 519 3586 nec
541 3523 577 3584 nd
599 3522 671 3584 elios
694 3522 860 3603 exemplum
883 3507 1024 3596 trauseat,
1048 3521 1195 3584 bonorem
1215 3526 1389 3586 tamensi-¹

99 3637 195 3684 rorum
209 3630 258 3686 est
279 3622 372 3688 malos
393 3623 504 3695 odisse,
529 3627 725 3687 innocentiam
747 3627 837 3695 tueri,
866 3626 971 3704 punire
992 3624 1149 3696 maleficia,
1173 3625 1299 3708 denique
1321 3646 1375 3708 pu·

99 3719 169 3783 blica
190 3725 251 3786 rice
270 3726 457 3793 commoveri.
502 3727 607 3791 deinde
630 3746 664 3789 cx
688 3727 795 3789 decore
818 3727 911 3788 lruins
927 3729 1051 3788 nationis
1072 3727 1129 3788 luit
1143 3731 1291 3791 communi
1308 3749 1375 3794 suc-

99 3840 214 3886 currere
234 3826 374 3888 inlamiae:
403 3827 473 3906 quid
501 3829 578 3890 enim
600 3831 778 3892 Germanum
806 3830 903 3890 minus
930 3847 1018 3910 quam
1042 3849 1110 3892 cum
1130 3833 1184 3892 iste
1206 3828 1248 3892 sic
1269 3849 1374 3911 pecca·

100 3926 183 3995 rerit,
204 3933 235 3988 ut
255 3925 365 3990 nullam
386 3927 557 3992 criminibus
578 3931 638 3992 suis
660 3932 776 4010 dignam
798 3951 914 4012 punam
936 3933 1107 3994 inventurus
1126 3934 1311 4008 crederetur,
1334 3939 1376 3998 sic

72 4039 116 4084 :sa
137 4027 216 4089 robis
235 4031 355 4092 tractari
367 4019 401 4092 ut
417 4033 577 4111 impunitus
592 4035 726 4095 maneat?
750 4034 879 4098 manebit
893 4037 984 4106 euim,
1008 4038 1063 4096 uisi
1086 4055 1137 4098 vos
1156 4045 1279 4115 repente
1299 4039 1375 4102 dicta

102 4131 235 4192 sententia
256 4131 384 4196 nelarlos
405 4133 533 4196 huminis
555 4133 869 4216 conatus‘intringaus.
910 4136 994 4207 Quod
1023 4157 1077 4216 ego
1101 4139 1164 4200 fleri
1186 4156 1274 4220 posse
1297 4141 1444 4210 arbi-unt.

103 4233 160 4290 trur
181 4233 235 4302 sic,
258 4241 291 4293 nt
312 4235 336 4294 si
355 4234 523 4314 damnatum
542 4231 753 4316 pronuntietis,¹
776 4239 897 4300 abistis
922 4241 982 4300 suis
1008 4239 1219 4304 collatronibus
1241 4243 1375 4312 desertas

104 4336 129 4388 et
148 4335 208 4411 capi
228 4344 257 4396 et
278 4337 398 4406 vinciri,
428 4345 462 4398 ut
483 4338 640 4418 condignas
666 4339 752 4401 nohis
772 4357 874 4420 poenns
895 4341 944 4404 det
967 4349 996 4404 et
1019 4323 1157 4408 meritum
1181 4344 1242 4407 luat
1264 4346 1374 4426 snppli-

104 4466 292 4484 “--.-..

167 4552 264 4606 ‘ante
284 4561 308 4608 1.
327 4557 383 4608 iem
400 4563 456 4608 tum
474 4575 542 4610 corr.
556 4563 586 4610 n.
627 4559 648 4594 ¹³
666 4561 822 4616 demnatum
836 4563 860 4612 1.
877 4565 924 4614 aed
941 4581 1009 4616 corr.
1023 4571 1051 4616 ti.
1081 4565 1114 4598 ·¹⁹
1132 4566 1295 4634 imperatore
1315 4567 1374 4632 (pro

104 4632 208 4686 Gaesue
225 4639 424 4704 Maximillam)
442 4653 510 4714 corr:
525 4649 554 4694 11.
599 4644 756 4718 ²l1m02.'
792 4646 815 4680 ²²
833 4663 918 4712 quone
933 4653 955 4699 1.
974 4653 1022 4702 red
1038 4667 1106 4703 corr.
1120 4659 1149 4704 11.
1201 4651 1375 4703 ”tractetur

104 4733 169 4771 ωπ.
181 4725 208 4772 Β.
257 4723 280 4756 ⁸²
296 4727 483 4792 pronunciatis
501 4731 526 4779 2.
579 4729 601 4763 ³⁸
613 4730 677 4793 det,
697 4737 727 4780 at
746 4735 768 4782 1.
785 4733 834 4782 red
844 4737 873 4780 Η.
886 4751 954 4784 corr.
974 4741 1001 4785 et
