3410 5524
92 469 253 506 1111111111
263 469 410 508 eerucrrrrs
423 429 552 504 1111111111
563 469 674 508 11111111
687 469 786 504 rvacrs
800 463 940 506 1111111111
953 468 1179 509 nxuonraronra.
1193 453 1276 520 (ratu.)
1299 441 1310 512 l
1324 441 1369 512 17

93 627 177 687 exteri
199 624 389 694 inveherent,
413 624 507 704 parati
530 641 660 694 essemus
683 625 822 685 atrociter
845 623 960 692 ulcisci;
983 643 1062 685 nunc
1085 643 1151 686 cmn
1173 626 1218 702 bis
1240 615 1371 688 authori·

92 727 142 787 bus
162 727 350 788 destruamur
373 723 479 805 quibus
501 725 707 788 defensoribus
736 733 813 787 tutos
841 744 905 788 esse
934 729 1079 804 oportuit,
1111 729 1295 788 continemus
1318 745 1372 790 nos
1408 713 1411 722 ¹

91 829 219 908 quidem,
243 827 294 890 sed
317 835 414 889 tamen
437 826 669 907 nonnihit-sepe
692 846 746 908 per
768 829 978 908 impatientiam
1000 829 1155 895 mussitant
1176 828 1282 907 quibus
1297 829 1369 891 libe·

91 934 145 992 rior
166 936 211 992 est
234 922 355 998 natura,
378 936 465 1008 atque
489 927 615 1007 aliquem
630 947 841 1012 nonnunquam
858 929 1023 991 exclamare
1038 930 1173 992 audimus
1197 931 1285 992 ‘istud
1302 941 1370 992 vero
1416 973 1420 982 .

62 1041 130 1101 ¹seu
155 1029 223 1120 ovili
252 1030 337 1110 lupos
364 1031 488 1109 praefici,
518 1049 608 1110 capro
632 1033 758 1124 vineam,
790 1049 880 1120 capro
902 1031 1005 1092 hortos
1032 1030 1200 1111 committi';
1227 1033 1368 1112 quosdam

92 1134 130 1195 his
150 1133 306 1194 atrociora.
352 1150 424 1210 qnae,
439 1151 563 1194 cumeo
587 1133 709 1194 tendant
729 1141 761 1195 ut
783 1133 839 1196 nisi
860 1152 911 1196 ros
933 1135 1021 1196 istum
1037 1133 1199 1194 emendetis
1212 1141 1327 1204 statum,
1351 1152 1436 1202 aeas.
1524 1203 1527 1212 ,

92 1237 195 1296 1111111ι
209 1233 294 1295 robis
315 1234 480 1315 periculum
502 1236 554 1304 sit,
578 1235 701 1296 desinite
723 1236 842 1296 tandem
858 1237 982 1296 invicem
1001 1253 1050 1294 vos
1066 1234 1223 1308 collidere,
1247 1235 1369 1297 desinite

90 1337 165 1404 nihili
188 1334 425 1398 contentionibus
447 1334 640 1400 Germaniam·
657 1337 791 1416 perdere.
836 1344 923 1416 atque
946 1337 994 1397 hic
1017 1337 1071 1398 nisi
1094 1356 1141 1398 mc
1164 1337 1284 1405 auditis,
1307 1355 1368 1399 vos,

90 1441 221 1518 inquam,
245 1439 294 1517 qui
316 1437 378 1498 baec
400 1437 509 1508 tacitis,
538 1439 600 1500 'nisi
622 1457 669 1502 me
691 1439 813 1510 auditis,
845 1457 951 1500 vereor
973 1457 1009 1525 ne
1032 1437 1140 1517 aliquid
1163 1459 1196 1500 se
1217 1439 1367 1517 indignum

64 1551 82 1592 tt
91 1541 179 1602 rideat
198 1540 264 1602 haec
286 1541 380 1600 natio:
403 1540 455 1602 sed
478 1541 576 1602 audite
598 1557 697 1620 quasso
719 1559 753 1602 ae
775 1543 805 1601 in
829 1541 903 1601 viam
926 1541 1034 1610 redite,
1059 1547 1088 1600 et
1109 1541 1165 1600 nisi
1187 1559 1254 1602 mox
1270 1544 1368 1602 omnia

89 1641 235 1706 vobiscum
263 1659 352 1704 ruere
380 1639 481 1712 ruitis,
509 1641 866 1723 aliquando-reipublice
894 1641 995 1703 oculos
1025 1659 1059 1702 ac
1080 1659 1184 1704 manus
1205 1642 1366 1704 admovete.

89 1761 149 1805 nam
178 1743 230 1804 ubi
259 1743 348 1823 (quod
377 1742 449 1805 deus
470 1743 634 1825 probibeat)
663 1746 693 1806 in
721 1743 800 1806 illam
829 1742 907 1821 vulgi
934 1745 1129 1804 secessionem
1150 1761 1200 1806 res
1221 1745 1366 1812 inciderit,
1379 1753 1435 1803 tas.

89 1845 241 1906 discrimen
263 1862 323 1905 non
346 1846 402 1906 erit
423 1863 478 1907 uec
502 1847 578 1906 ratio
599 1845 757 1908 habebitur
780 1852 921 1926 quantum
944 1847 1072 1924 quisque*
1089 1852 1140 1905 aut
1160 1847 1280 1906 omuino
1303 1825 1385 1925 quis'

90 1949 220 2009 nocuerit
241 1945 286 2009 rel
308 1946 338 2006 in
361 1963 451 2026 quem
472 1947 648 2027 experienda
672 1946 743 2010 ultio
766 1949 817 2018 sit;
841 1967 907 2008 eum
931 1946 1104 2022 nocentibus
1126 1949 1298 2008 innocentes
1319 1965 1370 2025 pe·

64 2055 195 2119 truatur,
224 2055 254 2110 et
282 2047 391 2109 nullius
417 2047 517 2110 habita
544 2049 658 2130 ratione
679 2065 734 2127 per
755 2050 897 2112 insaniam
926 2050 1034 2128 passim
1061 2050 1209 2110 sectetur:
1237 2049 1266 2109 id
1289 2048 1368 2127 quod

71 2169 184 2232 ‘carere
207 2167 260 2210 ros
281 2155 399 2229 oportet
419 2168 455 2210 ae
476 2151 506 2210 in
529 2131 680 2230 publicum
703 2150 857 2212 consulere
880 2159 908 2224 et
929 2151 964 2211 ad
987 2151 1141 2228 ingratiam
1155 2150 1283 2210 reditum
1298 2151 1367 2226 hor·

91 2254 139 2313 rari
159 2269 194 2313 ac
216 2253 342 2312 invicem
365 2250 474 2330 aliquid
497 2253 672 2316 concedere.
716 2253 794 2332 quod
817 2253 841 2314 si
863 2253 936 2314 adeo
959 2269 1080 2314 necesse
1101 2267 1161 2311 non
1177 2259 1254 2313 esset
1269 2252 1435 2321 etiami-⁹⁰·

90 2371 185 2432 magna
207 2362 308 2414 tamen
330 2369 397 2414 cum
420 2356 550 2416 omnium
573 2353 709 2424 utilitate,
733 2361 827 2416 restra
848 2353 935 2415 laude
955 2354 1048 2414 tieret.
1093 2353 1211 2434 quidni?
1234 2371 1301 2414 cum
1316 2371 1368 2413 ne·

89 2455 127 2514 ias
151 2457 189 2515 sit
216 2472 281 2516 rem
308 2457 450 2534 privatam
478 2455 594 2534 publica
622 2459 769 2536 potiorem
798 2457 922 2526 ducere,
952 2474 987 2520 ac
1009 2462 1103 2518 restra
1126 2455 1244 2516 dissidia
1265 2454 1367 2516 huius·

62 2557 162 2618 amoti
192 2559 253 2618 sint
277 2563 313 2618 ut
340 2557 499 2618 domestica
527 2560 667 2638 cuiusque
695 2566 745 2620 aut
765 2559 883 2636 inanem
906 2558 992 2620 etiam
1015 2556 1204 2617 ambitionem
1226 2556 1366 2625 referant,

36 2726 41 2734 ‚
88 2659 199 2720 iuterim
221 2658 362 2738 quicquid
385 2677 419 2720 ex
443 2660 542 2737 quavis
563 2667 646 2739 parte
667 2661 745 2739 perit
765 2659 884 2740 publico
905 2665 1022 2739 pereat,
1046 2657 1184 2738 quicquid
1205 2657 1255 2718 uni
1271 2656 1379 2741 detra-³

89 2761 161 2821 bitur
182 2759 321 2822 omnibus
343 2759 532 2831 detrabatur,
562 2763 599 2822 ita
622 2764 703 2824 eritis
725 2761 832 2824 invidia
855 2761 1005 2830 excaecati,
1028 2761 1072 2819 ira
1094 2759 1251 2828 immutati,
1275 2757 1366 2819 ambi·

90 2862 160 2924 tione
182 2863 334 2942 perversi,
362 2869 413 2922 aut
440 2864 479 2924 ita
507 2861 600 2925 laudis
627 2882 662 2925 ac
688 2863 775 2924 honae
797 2864 944 2943 opinionis
966 2867 1186 2941 contemptores
1208 2860 1303 2929 eritis,
1333 2867 1366 2922 ut

89 2981 142 3024 nen
163 2963 323 3044 aliquando
344 2965 475 3028 sentiatis
498 2964 568 3042 quid
591 2983 642 3026 vos
664 2965 783 3028 deceat?
805 2971 835 3025 et
861 2964 946 3046 decet
975 2981 1027 3040 ros
1054 2962 1092 3024 ob
1115 2961 1264 3042 publicam
1285 2960 1434 3022 utili-§.ra

62 3071 185 3136 etatem,
209 3065 248 3127 ob
272 3083 427 3127 commuue
449 3066 561 3126 bonum
583 3061 757 3128 domesticos
780 3067 929 3146 deponere
950 3064 1127 3136 simultates,
1151 3083 1268 3126 omnem
1290 3065 1367 3125 inter
1416 3117 1419 3122 .

89 3185 133 3228 ros
154 3167 283 3230 abiicere
304 3167 482 3230 offensarum
505 3167 756 3237 recordationem,
785 3166 857 3228 nulli
879 3186 961 3229 snam
983 3167 1113 3230 invidere
1135 3166 1298 3235 fortunam,
1322 3167 1367 3226 in·

89 3271 215 3331 tostinum
237 3287 343 3350 pacem
364 3287 533 3339 accersere,
562 3267 710 3347 publicam
732 3268 921 3333 concordiam
943 3267 1095 3347 amplecti,
1122 3267 1213 3330 multa
1242 3267 1365 3328 invicem

11 3383 13 3390 ·
88 3370 264 3442 condonare,
295 3369 385 3432 multa
408 3373 575 3432 remittere:
603 3369 706 3433 ridetis
734 3388 786 3434 eos
814 3372 865 3450 qni
892 3369 982 3433 multa
1004 3369 1067 3430 aliis
1089 3369 1257 3440 concedrmt
1279 3370 1365 3428 etiam

88 3471 120 3533 de
139 3491 208 3544 suo,
232 3481 262 3535 et
284 3474 336 3550 qui
357 3490 567 3554 nonnunquam
589 3491 679 3552 prece
701 3491 735 3534 ac
758 3473 851 3551 pretio
874 3487 977 3551 pacem
1000 3477 1116 3540 emunt,
1139 3468 1299 3550 plurimum
1322 3471 1365 3530 in-

63 3575 167 3635 aurtm
189 3576 309 3652 angeri,
332 3572 491 3654 plurimum
513 3575 674 3637 ditescere:
696 3563 755 3637 hoc
776 3572 927 3654 exemplo,
950 3581 983 3634 ut
997 3571 1123 3653 publicis
1138 3570 1303 3633 consultum
1318 3572 1364 3640 sit,

90 3677 190 3752 privata
213 3677 406 3738 contemnite!
430 3669 603 3756 Quanquam
625 3695 683 3756 quo
706 3675 828 3738 consilio
850 3693 902 3764 spa
925 3677 1067 3754 cuiusque
1090 3674 1181 3752 magis
1203 3673 1360 3742 florebunt,
1374 3682 1433 3732 §.ts

90 3779 173 3855 uragu
195 3785 281 3840 aucta
304 3795 338 3839 ac
360 3776 535 3858 amplificata
557 3785 645 3840 erunt
666 3796 754 3858 quem
776 3779 801 3840 si
822 3777 947 3858 publicis
968 3776 1108 3839 studeatis
1123 3776 1243 3838 omnes?
1265 3793 1365 3838 nonne

90 3887 209 3941 restrum
232 3897 321 3942 nemo
345 3886 390 3942 est
411 3881 462 3960 qui
483 3871 567 3958 prius
588 3880 638 3942 alii
659 3887 777 3951 nneeet,
801 3897 889 3960 quam
911 3879 966 3940 sibi
980 3879 1044 3957 ipse
1058 3879 1212 3940 nocuerit?
1234 3879 1274 3938 ita
1291 3876 1365 3937 nillil

91 3979 193 4042 tructus
215 4000 283 4044 cum
305 3981 434 4044 habeant
455 3988 559 4044 vestre
581 3985 799 4052 contentiones,
827 3981 987 4061 plurimum
1017 3979 1187 4044 calamitatis
1215 3997 1250 4040 ac
1278 3981 1365 4042 mise·

65 4083 135 4142 erio
155 4085 296 4154 atterunt,
326 4100 540 4164 nonnunquam
560 4084 627 4163 plus
648 4085 684 4146 iis
706 4085 756 4163 qui
778 4084 979 4146 contumacius
1000 4081 1079 4146 bello
1102 4082 1229 4144 student.
1265 4083 1290 4142 si
1311 4082 1365 4160 igi·

91 4189 130 4244 tur
151 4203 210 4246 non
230 4184 328 4246 solum
350 4204 409 4248 uon
424 4189 566 4248 accrescit
580 4187 647 4248 inde
663 4185 744 4248 vobis
758 4170 882 4266 aliquid,
905 4185 957 4248 sed
972 4184 1116 4246 decrescit
1131 4185 1218 4246 etiam
1233 4185 1365 4252 nunium,

91 4290 115 4343 et
133 4286 257 4365 ai·quod
280 4288 437 4351 Germania
460 4289 552 4367 perit,
581 4290 677 4350 omnis
704 4289 733 4348 in
762 4305 814 4350 vos
839 4288 926 4367 culpa
948 4288 1096 4356 relicitur,
1127 4304 1225 4364 quaeso
1247 4272 1364 4347 taudem

91 4387 260 4466 resipiscite!
291 4391 378 4450 unius
407 4387 523 4452 arboris
550 4392 625 4452 ratni
654 4389 738 4460 estis,
766 4391 853 4450 unius
875 4389 1009 4468 corporis
1035 4388 1184 4458 membra;
1213 4389 1364 4468 patiemini
1373 4399 1433 4450 too

119 4606 129 4639 ⁸
144 4609 180 4660 Ut
196 4625 246 4662 nos
263 4611 321 4661 dem
344 4609 420 4674 Wolf
432 4595 473 4662 die
490 4611 586 4677 Sedose
604 4595 786 4670 aavmroaen,
805 4610 855 4659 dea
868 4609 941 4660 Boelr
952 4625 1004 4660 aum
1018 4610 1130 4661 Gdrtner
1141 4609 1251 4660 marten.
1299 4603 1364 4655 1’11-
1448 4665 1453 4684 Ι

90 4686 349 4761 111111111ς11111111.]
368 4695 429 4746 Non
440 4697 481 4747 ita
492 4695 574 4763 longe
593 4701 649 4747 tum
667 4696 783 4748 aberant
800 4695 941 4744 rusticana
957 4693 1041 4746 belle.
1105 4691 1126 4724 ³³
1143 4693 1259 4758 ptiust
1273 4695 1289 4742 t.
1303 4692 1364 4742 odd.

11 4775 13 4784 '
90 4779 262 4846 1111111111
280 4785 355 4830 etiarn
370 4781 501 4845 postsibi
516 4783 602 4846 poautt
621 4784 645 4832 4.
697 4778 719 4814 ³⁵
734 4779 770 4830 iis
782 4783 811 4830 n.
831 4779 872 4830 his
886 4782 941 4830 tt.
1172 4783 1175 4790 '
