3410 5524
348 415 419 487 166
457 439 476 481 t.
496 431 608 512 (ascopa
622 445 656 480 ns
670 429 731 496 vro)
745 445 847 482 oearxo
862 421 1033 481 nncrnxavn.
1049 445 1113 485 xva.
1126 441 1204 484 vino.
1219 443 1297 480 eaor.
1312 443 1410 480 remae.
1425 443 1451 479 x.
1466 436 1523 480 rara.

1464 513 1471 534 θ

346 605 460 681 tempta,
484 604 579 665 nrbes.
604 603 702 679 oppida
725 604 750 662 in
775 611 863 660 vestra
883 621 912 660 se
928 601 1130 682 propugnacula
1146 603 1334 666 contulerunt.
1357 611 1472 660 vestram
1489 621 1566 679 opem
1582 603 1624 659 im·

277 711 296 762 ς,
306 713 337 757 13,
346 690 470 768 plorant,
500 689 598 745 vestris
626 689 741 764 genibus
769 689 955 746 advolvuntur.
999 688 1027 744 Si
1060 690 1111 744 ista
1138 688 1300 750 destituitis.
1330 689 1469 762 vosipsos.
1497 689 1623 750 Gerurani.

344 775 508 838 destitutus,
533 773 639 849 quando
663 791 756 830 omnes
779 775 806 830 in
828 771 999 831 ifaximifiani
1023 773 1126 849 aquilas
1149 773 1338 848 respiciamus,
1360 790 1411 836 nec
1425 771 1533 830 afiunde
1551 791 1623 847 quam
1648 762 1652 774 ’
1686 791 1687 808 ¹

344 861 502 918 affomano
525 857 639 936 imperio
669 855 796 916 auxilinm
827 867 997 934 expetamus,
1022 859 1135 933 quando
1165 875 1208 915 res
1239 867 1328 916 vestra
1355 875 1409 916 aon
1438 859 1528 915 minas
1553 875 1624 932 quan

344 945 458 1003 aliarum
481 945 623 1020 regionum
645 950 750 1019 agatur.
794 943 963 1002 contermina
986 933 1119 1018 siquidem
1142 942 1236 1000 fumis
1252 943 1392 1008 Germania
1415 961 1470 1018 prae
1493 943 1553 999 aliis
1573 950 1640 998 estta

345 1031 420 1088 ftafia
443 1031 513 1087 enim
537 1029 656 1103 quamvis
680 1029 826 1086 furcarum
849 1027 929 1086 classi
952 1029 1037 1103 magis
1060 1029 1096 1085 sit
1118 1027 1209 1090 obvia.
1232 1027 1309 1104 prius
1331 1037 1421 1084 tamen
1445 1046 1526 1103 quan
1542 1029 1567 1082 in
1582 1028 1625 1084 ltn-

347 1116 410 1172 fiam
432 1115 580 1172 'furcarum
602 1113 687 1188 copim
710 1113 834 1170 terrestri
862 1113 987 1170 invadant
1014 1113 1147 1176 exercitu,
1176 1113 1204 1170 in
1232 1130 1285 1188 quo
1312 1121 1420 1180 condat
1448 1113 1501 1168 rim
1530 1129 1626 1169 emnem

348 1201 412 1258 beffi
442 1200 616 1272 uictoriaeque
643 1199 722 1271 sitam
750 1217 825 1262 esse,
860 1199 1028 1256 Germaniam
1057 1205 1187 1272 oppetere
1222 1206 1346 1272 oportet,
1382 1199 1433 1253 nisi
1463 1197 1625 1259 carinthiam.

279 1295 338 1345 §.ra
349 1284 479 1362 styriam,
501 1283 636 1341 Creatiam
659 1283 688 1340 et
709 1283 850 1358 Ungariam
873 1283 1021 1342 Germaniae
1043 1283 1141 1340 mmnia
1168 1299 1229 1340 esse
1257 1283 1365 1340 indciati
1393 1283 1536 1340 fuerimus.
1576 1281 1626 1338 Cie-
1687 1297 1688 1328 i

348 1370 532 1428 mantissimas
554 1369 608 1425 Leo
630 1368 755 1425 Pontifex
777 1368 830 1426 dici
853 1386 907 1424 non
930 1376 1023 1444 potest
1044 1367 1151 1442 quantis
1175 1367 1274 1440 vigiliis
1296 1367 1324 1424 in
1351 1385 1409 1424 rem
1437 1367 1508 1425 bano
1535 1368 1649 1424 inaura-¹t

348 1456 407 1514 bat:
431 1472 485 1512 non
508 1453 567 1510 dies
590 1469 678 1528 neque
701 1462 794 1528 npctes
816 1452 850 1510 ab
872 1453 921 1510 hac
942 1453 1110 1528 cogitatione
1137 1452 1215 1509 aveffi
1244 1460 1348 1528 potest.
1377 1471 1432 1508 nou
1461 1453 1485 1508 si
1515 1451 1626 1509 commit

347 1549 395 1597 aut
417 1539 504 1602 bibat.
528 1538 601 1596 aliud
623 1547 734 1612 pectore
757 1537 857 1612 agitat:
880 1555 935 1596 non
957 1556 1006 1596 sna
1029 1539 1081 1594 iam
1103 1537 1151 1594 sed
1174 1537 1306 1610 seipsum,
1329 1538 1490 1611 sangninem
1513 1546 1541 1593 et
1555 1539 1624 1593 sitan

349 1643 399 1701 pro
422 1623 574 1680 Christiana
597 1621 729 1697 religione
752 1631 780 1680 et
802 1621 916 1698 imperio
939 1623 1023 1698 gestit
1044 1639 1189 1698 exponere.
1234 1623 1364 1697 Superest
1386 1631 1417 1678 ut
1438 1623 1569 1680 Caesarius
1589 1621 1625 1676 bic

351 1717 461 1766 senatus
483 1707 682 1784 expeditionem
704 1709 731 1764 in
760 1708 859 1764 fumas
888 1707 988 1766 indicat
1014 1707 1236 1782 efficiendamque
1267 1707 1411 1781 suscipiat:
1438 1714 1562 1781 expectat
1579 1706 1625 1764 lio·
1688 1769 1689 1780 p

352 1811 429 1850 mana
451 1793 578 1855 ecelesia,
602 1791 733 1852 universae
748 1789 906 1852 Christianae
928 1792 1082 1868 reipublicae
1103 1792 1193 1869 capite
1214 1799 1242 1850 et
1257 1791 1375 1849 membra
1391 1793 1417 1849 in
1434 1791 1650 1848 serenissimae

283 1881 424 1938 §.rabano
445 1887 610 1936 conventum
630 1877 789 1954 suspiciunt.
834 1877 861 1933 Si
889 1877 1017 1934 definitur
1045 1895 1116 1934 nnnc
1143 1875 1225 1940 nibil.
1258 1878 1281 1933 si
1311 1877 1339 1932 in
1367 1875 1450 1933 afinm
1478 1883 1624 1934 concentum

350 1964 490 2026 didertur.
513 1961 710 2020 confundemur
733 1979 827 2019 omnes
849 1961 877 2018 in
899 1962 1085 2038 expectatione
1108 1972 1210 2020 nostra.
1254 1961 1349 2018 Cavete
1372 1979 1405 2018 ae
1427 1959 1524 2018 dilatio
1551 1959 1625 2017 bosti-

349 2049 400 2106 bus
422 2047 602 2122 componendi
624 2065 684 2104 cnm
705 2045 795 2104 Persis
817 2045 991 2121 finitimisque
1014 2045 1074 2104 aliis
1097 2055 1203 2123 tenipus
1230 2045 1365 2122 praebeat,
1393 2045 1542 2104 Germanm
1563 2047 1625 2120 prin·

349 2135 424 2208 cipes
446 2133 601 2208 linguarum
623 2131 759 2189 morsibus
781 2139 906 2206 exponat,
921 2131 1134 2206 christianisque
1156 2131 1267 2208 populis
1286 2131 1507 2206 desperationem
1522 2131 1624 2187 inducat.

351 2219 575 2280 animadvertite.
605 2217 770 2291 gravissimi,
800 2218 881 2274 istunx
910 2225 1070 2275 conventum
1099 2217 1243 2274 fundamen
1265 2235 1340 2279 esse.
1368 2233 1452 2291 super
1482 2234 1536 2291 quo
1562 2221 1650 2271 anan

282 2303 438 2367 §.romolos
460 2303 640 2378 expeditionis
662 2302 789 2376 erigenda
811 2310 862 2360 est.
907 2301 1084 2360 [tentantibus
1107 2302 1207 2380 quippe
1237 2301 1312 2358 vobis
1335 2299 1480 2365 tifrristiani
1503 2303 1624 2375 principes

351 2389 449 2464 reliqui
473 2387 612 2445 retrahent
635 2387 731 2464 procul
753 2385 836 2460 dnbio
857 2387 975 2445 animum
998 2396 1026 2444 et
1048 2403 1155 2446 manum
1177 2386 1210 2444 ab
1232 2387 1282 2449 bac
1303 2386 1499 2462 expeditione:¹
1519 2386 1550 2441 ‘si
1569 2383 1622 2440 Ger·
1690 2451 1691 2466 ἵ

351 2473 446 2531 mania'
468 2473 544 2530 aiant
567 2473 653 2530 ‘cuius
674 2473 791 2547 primum
815 2472 941 2536 interest.
972 2473 1033 2548 qnia
1055 2471 1167 2529 Romani
1197 2471 1304 2548 imperii
1333 2471 1467 2545 dignitate
1496 2469 1623 2546 gioriaqne
1690 2481 1691 2526 3

353 2559 521 2619 illustratur.
544 2557 587 2614 cxxi
611 2555 731 2616 ecelesia
753 2557 876 2614 defensio
899 2566 941 2614 est
963 2557 1076 2620 tradita,
1099 2557 1180 2614 verba
1201 2557 1248 2613 dat
1269 2557 1357 2632 deque
1376 2543 1512 2614 conredtn
1531 2555 1624 2611 incon

352 2651 460 2699 arentum
482 2641 666 2699 definitionem
690 2643 833 2703 transfert.
861 2642 925 2716 quid
954 2642 1033 2700 nobis
1061 2642 1192 2716 agendum
1222 2643 1258 2698 sit
1285 2641 1413 2698 discimus
1435 2639 1515 2697 facite
1536 2639 1566 2696 ab
1584 2643 1649 2694 ex·²³

353 2727 469 2803 amplo:
492 2727 585 2801 sicque
606 2735 697 2783 restra
718 2726 875 2785 Christianae
898 2725 1052 2802 reipublicae
1079 2743 1168 2789 mora,
1199 2725 1271 2802 quod
1299 2725 1386 2800 absit.
1414 2725 1520 2782 ruinam
1541 2724 1622 2799 pariet.

283 2825 301 2877 a.
312 2827 342 2872 rr.
354 2811 543 2870 densabuntur
558 2812 630 2868 forte
644 2810 723 2868 multi
738 2810 880 2868 absentum
895 2811 1063 2870 libertatem:
1086 2811 1276 2868 ‘iureiurando'
1299 2812 1374 2868 aiunt
1389 2809 1501 2867 ‘nostris
1516 2817 1623 2866 tenemur

352 2895 473 2956 ecelesiis
498 2895 536 2952 nif
557 2904 653 2953 contra
675 2912 767 2952 earum
790 2897 930 2954 commoda
954 2896 1009 2953 iffis
1029 2895 1193 2955 inconsultis
1209 2880 1310 2972 agere:
1339 2913 1393 2952 non
1421 2903 1465 2952 est
1492 2893 1567 2951 nobis
1584 2891 1622 2948 fe·
1691 2951 1692 2954 Ἴ

353 2981 442 3055 legata
464 2987 586 3056 potestas
608 2981 733 3037 absentes
749 2979 910 3055 coffigendi;
934 2981 1031 3038 ibimus
1048 2981 1110 3038 dfos
1126 2979 1280 3038 consultum
1296 2987 1378 3054 atque
1392 2981 1545 3040 bortatnrn.
1565 2977 1622 3034 refe
1691 2995 1692 3000 ¹

352 3083 443 3122 rexnus
465 3065 562 3122 deinde
585 3065 671 3122 attero
700 3065 727 3121 in
756 3066 908 3123 consentn’.
953 3065 1052 3128 Verba..
1083 3085 1143 3124 eum
1170 3065 1240 3124 berra
1270 3066 1385 3122 istorum
1414 3065 1490 3124 venia
1515 3063 1647 3120 caenam

354 3158 419 3207 sant
440 3151 497 3208 haec
518 3167 573 3206 nen
597 3149 710 3210 multum
731 3149 890 3207 dissidentia
911 3151 944 3208 ab
967 3151 1077 3208 infmiis:
1104 3149 1282 3228 impossibilia
1310 3169 1324 3208 a
1353 3149 1430 3208 robis
1452 3149 1522 3226 petit
1542 3163 1622 3207 nemo:

285 3235 433 3298 §.isidem
456 3233 551 3292 violari
574 3235 730 3297 horremus.
754 3251 833 3309 quam
857 3244 884 3292 ct
906 3235 977 3293 besti
1001 3237 1157 3294 servandam
1180 3253 1239 3293 esse
1260 3234 1411 3316 didicimus.
1456 3233 1528 3309 qaod
1549 3239 1624 3288 restra

355 3321 470 3378 interest
491 3329 520 3376 et
541 3320 614 3394 qnod
637 3320 663 3376 in
686 3327 775 3377 vestra
796 3319 878 3378 situm
901 3328 1100 3396 estpotestate
1122 3319 1260 3396 poscimus
1285 3318 1409 3383 decerni,
1438 3319 1541 3377 scifioet
1565 3333 1624 3372 nnnc

354 3405 553 3481 expeditionem
576 3405 602 3461 in
626 3405 740 3469 furcas,
763 3404 874 3462 definire
897 3405 1007 3462 modurn
1028 3405 1201 3480 canaparandi
1229 3415 1353 3462 nummos
1380 3403 1483 3462 nnffius
1509 3421 1565 3461 cnm
1591 3401 1623 3456 in·

352 3491 436 3552 iuria.
466 3489 639 3546 iureiurando
667 3489 773 3547 demum
803 3499 953 3565 spontaneo
982 3500 1130 3566 presentes
1157 3489 1273 3564 astringi
1301 3489 1427 3548 daturos¹
1442 3507 1472 3546 se
1493 3488 1560 3546 bona
1580 3485 1648 3542 fideff

353 3593 463 3650 operam
487 3583 517 3632 ut
538 3575 602 3631 hnic
622 3571 739 3633 definitae
762 3575 914 3633 executioni
935 3568 1139 3633 demandentur.
1184 3591 1238 3632 non
1268 3584 1332 3632 sunt
1361 3575 1418 3634 baec
1440 3583 1535 3632 cantra
1555 3571 1624 3629 iuris·

361 3693 508 3702 „--..
541 3693 554 3700 ..
1158 3695 1161 3702 ,
1635 3693 1642 3721 ,

423 3757 502 3808 ²ieta
515 3758 563 3808 Ba.
577 3758 658 3808 ceteri
670 3756 733 3808 fffoa
768 3757 908 3810 destitutis
920 3761 945 3810 2.
980 3755 1123 3810 ⁵eliorum
1137 3773 1281 3824 regnorum
1294 3756 1343 3809 Ba.
1377 3755 1625 3808 ‘novissmam'

355 3843 461 3909 pervia.
492 3841 503 3874 ἲ
516 3843 639 3892 terrestri
652 3842 749 3892 itincre
762 3841 896 3892 invadent
909 3841 973 3908 (qno
986 3843 1014 3892 fn
1025 3843 1150 3894 exercitu
1163 3843 1271 3893 constet
1326 3841 1398 3905 ease)
1411 3841 1461 3892 Ba.
1503 3841 1625 3905 ’frange

284 3946 288 3956 ·
353 3927 510 3992 rtemftapn.
545 3925 856 3978 ''¹⁰SofertissimusBz.
892 3924 913 3960 ¹⁰
925 3943 975 3979 nos
988 3930 1038 3978 1.5.
1074 3927 1145 3994 banc
1159 3943 1215 3977 rem
1229 3925 1278 3976 ΒΞ.
1313 3923 1624 3976 '’sustentamiamBz.

353 4012 440 4063 vitam
458 4011 545 4076 ipsam
559 4011 606 4062 Bz.
643 4009 663 4044 ¹³
682 4009 959 4076 CeserensttBa.
978 3998 1114 4064 (tenereris
1126 4011 1209 4076 liupo.
1252 4009 1273 4044 ¹⁸
1290 4009 1506 4078 respiciuntBs.
1543 4009 1570 4060 st
1586 4007 1624 4056 de·

353 4093 410 4161 tire]
429 4096 489 4146 Hoc
508 4097 596 4161 ipsum
616 4093 686 4160 qnod
704 4096 813 4162 legatus
831 4097 970 4162 pontificis
987 4092 1088 4158 noluit,
1107 4113 1165 4147 rem
1183 4097 1328 4164 protelari,
1354 4099 1446 4146 tamen
1465 4093 1624 4148 factumest

355 4177 375 4210 ¹²
393 4178 507 4242 Cavete,
521 4181 679 4247 perDenxn,
693 4197 727 4231 ne
742 4181 789 4231 Be.
824 4179 1002 4232 ”Animedm
1015 4181 1177 4246 gravissime
1191 4181 1237 4232 Bz.
1256 4179 1448 4247 gravissimum
1462 4181 1541 4244 nm.
1572 4177 1622 4227 fun-

354 4263 510 4314 dementum
524 4263 571 4314 Bz.
607 4261 627 4296 ²¹
642 4262 730 4330 Cont]
744 4267 781 4314 rie
794 4265 875 4316 Italus
886 4283 936 4330 pro
948 4267 1081 4316 testatiore
1095 4271 1185 4317 cunct.
1199 4269 1267 4332 quod
1278 4265 1451 4330 finpmftobet.
1483 4263 1507 4297 ¹¹
1524 4259 1622 4327 explii·

354 4352 430 4397 cent:
451 4349 479 4398 Si
493 4347 524 4399 G.
538 4347 615 4398 errius
628 4348 677 4398 fis.
723 4346 744 4380 ²⁴
764 4354 791 4398 et
810 4350 913 4402 eaiBz.
960 4348 982 4381 ²³
1001 4349 1198 4401 deffinitionem
1216 4351 1264 4403 nx.
1315 4349 1337 4380 ²⁸
1355 4365 1381 4400 v.
1396 4365 1480 4412 more,
1494 4349 1552 4399 chr.
1564 4345 1621 4408 reip.

355 4431 401 4483 Ba.
414 4433 571 4482 commodius.
610 4433 746 4499 parturiet
757 4433 803 4492 nz,
850 4431 872 4465 ¹⁷
891 4435 1087 4486 Censebnntd.
1107 4428 1243 4496 (ertffrett'
1253 4451 1307 4485 eree
1321 4433 1520 4500 turipnornoit).
1562 4431 1621 4503 forte

353 4516 524 4571 exunoBz.'
551 4516 609 4569 fib.:
628 4517 980 4578 Diceneluenoscrunz.
1027 4518 1048 4552 ¹⁸
1066 4519 1196 4570 nibith.
1240 4515 1621 4572 ”convennientium

287 4657 289 4662 ,
353 4601 513 4664 dixerimna3
532 4601 618 4652 rerba
635 4600 760 4653 sunth.
794 4601 943 4656 ³¹anobis
961 4619 1046 4656 omues
1061 4611 1161 4669 preter
1174 4602 1220 4654 Be.
1257 4601 1424 4666 ³²„Utinem
1437 4613 1540 4669 semper
1550 4597 1621 4652 omni·

353 4685 403 4738 bus
421 4685 645 4738 seruetufnfsset
663 4686 759 4740 fidee“.
779 4688 892 4738 Gratius.
932 4687 954 4722 ⁸⁴
973 4705 1006 4739 ec
1025 4689 1079 4740 def.
1093 4689 1142 4740 Bz.
1189 4687 1211 4720 ⁸⁸
1229 4688 1375 4740 caenez.
1412 4687 1435 4722 ⁸
1451 4687 1551 4740 hchs.
1582 4681 1620 4732 dt·

353 4771 516 4834 mandentur
527 4771 575 4823 ΒΞ.
589 4768 671 4838 Rapa.
707 4765 814 4822 demam
832 4772 931 4825 dentur
942 4777 1030 4826 ceteri.
1070 4771 1198 4828 iuuandi
1212 4777 1235 4825 f.
