3382 5516
938 1099 1028 1176 IIII.

620 1269 854 1333 mixtionum
875 1227 897 1333 r.
922 1267 1172 1334 inuentionis
1192 1269 1349 1333 svovsrr

683 1381 902 1433 PROPOSITIO
920 1383 970 1434 DE
988 1381 1116 1434 BELLO.
1128 1377 1288 1462 TYROIOO

564 1487 607 1528 nn
624 1485 796 1529 uniuersus
812 1489 853 1529 nr
870 1487 1009 1530 onornns
1027 1487 1122 1529 sncnr
1137 1487 1263 1529 nondun
1279 1485 1406 1528 inerms

406 1587 508 1630 FACTA
524 1589 557 1630 IN
575 1588 719 1654 COHl'leS
735 1589 892 1632 Avovsrae.
908 1589 1152 1632 VINDELICORVH
1167 1589 1298 1632 HABI'MS
1314 1588 1401 1630 Anno
1417 1587 1551 1630 unxvm.
1617 1595 1627 1630 5

316 1703 333 1750 ¹·
408 1708 571 1782 Frequentie
594 1717 697 1773 vestra.
725 1719 753 1766 et
775 1727 836 1785 qne
858 1710 910 1769 hoc
933 1721 1055 1787 tempore
1078 1711 1214 1786 precipue
1236 1703 1395 1766 neeessariu'
1409 1717 1451 1765 est
1472 1705 1611 1782 reipublice

344 1799 371 1848 et
393 1793 458 1852 mihi
479 1803 620 1868 pergrata.
649 1811 704 1852 non
733 1795 847 1852 obscure
869 1797 968 1854 indicet
989 1796 1154 1854 voluntatem
1176 1803 1291 1851 vestram
1314 1794 1453 1850 etstndia
1474 1810 1537 1866 erga
1555 1793 1612 1847 henr

342 1895 463 1937 emessam
485 1873 601 1954 propter
623 1897 701 1954 quoin
723 1881 804 1939 (tomo
833 1883 912 1940 exciti
941 1883 1017 1940 estis.
1061 1897 1122 1938 eum
1151 1881 1221 1938 enim
1251 1888 1303 1936 tarn
1331 1878 1429 1954 cupide
1456 1877 1609 1936 adveneritis.

342 1972 487 2038 postquem
510 1965 537 2021 in
560 1963 647 2024 literis
669 1965 815 2040 significari
838 1983 888 2024 nos
908 1968 943 2024 ode
966 1966 1039 2024 betto
1062 1965 1175 2023 Tureieo
1197 1973 1307 2022 acturos
1334 1981 1412 2032 esse,
1442 1961 1519 2020 facite
1545 1960 1611 2018 intel·

342 2047 398 2122 ligo
421 2050 582 2124 vosipsos,
605 2059 636 2108 ot
658 2051 735 2108 decet
757 2051 892 2126 sepientes
915 2052 1053 2126 Principes
1075 2059 1103 2107 et
1125 2051 1198 2107 viros
1220 2048 1399 2111 fortissimos.
1422 2057 1450 2104 et
1472 2047 1637 2120 intelligerem

342 2133 405 2206 quid
429 2151 443 2188 o
465 2134 541 2190 vobis
571 2144 647 2194 totus
681 2135 756 2194 orbis
783 2145 934 2199 terrorum,
964 2137 1087 2194 universa
1115 2134 1213 2192 Christi
1243 2133 1373 2196 Eoelesie,
1403 2133 1520 2208 dignitas
1544 2133 1611 2188 hnins

342 2217 448 2292 imperii
471 2221 608 2294 requirat,
631 2230 659 2277 et
680 2221 785 2277 animos
806 2231 914 2280 vestros
935 2237 966 2279 ee
988 2222 1088 2278 virtute
1111 2238 1140 2278 oe
1163 2219 1322 2279 tortitudine
1345 2217 1475 2293 preditos
1498 2235 1566 2282 esse,
1586 2225 1611 2270 nt

342 2302 442 2360 beilum
466 2303 591 2362 omnium·
608 2323 668 2380 qum
691 2321 809 2380 unquam
825 2307 936 2364 suerunt
957 2305 1039 2380 longe
1062 2305 1240 2364 iustissimum
1254 2313 1283 2359 et
1297 2302 1524 2377 gloriosissimum
1538 2301 1611 2358 omni·
1686 2365 1687 2368 Ἴ

342 2386 391 2444 bns
420 2390 490 2445 votis
519 2392 660 2466 expetatis.
704 2391 799 2460 Quare*
821 2393 946 2450 existimo
974 2391 1039 2448 mihi
1062 2392 1116 2448 non
1139 2388 1221 2463 longo
1244 2389 1367 2445 oratione
1390 2388 1422 2445 od
1446 2373 1494 2443 voi
1514 2387 1612 2444 ioeitm·

341 2471 390 2530 dos
413 2491 482 2548 opus
504 2491 581 2538 esse.
612 2484 640 2532 et
661 2477 796 2551 experturi
819 2495 834 2533 o
856 2494 898 2534 me
921 2477 1012 2551 potios
1034 2475 1176 2533 eirssicum
1198 2475 1230 2532 ad
1259 2469 1397 2530 interemto
1426 2473 1516 2548 signa,
1541 2487 1636 2546 quino
1686 2543 1687 2562 Χ

341 2557 409 2614 irone
432 2559 459 2614 iu
482 2567 545 2632 toga
568 2569 595 2616 et
617 2561 644 2616 in
667 2561 741 2619 eurio
763 2559 997 2619 adhortationem.'
1031 2560 1083 2619 Sed
1106 2570 1195 2618 tamen
1217 2555 1281 2614 belli
1297 2558 1455 2632 magnitudo
1470 2566 1498 2613 et
1512 2553 1612 2613 difficul-
1686 2575 1687 2614 i

342 2651 383 2698 tas
405 2643 520 2717 primum
543 2644 738 2702 deliberatione
761 2647 879 2720 quadum¹
898 2655 974 2719 eget.
998 2663 1053 2704 non
1069 2655 1158 2704 utrum
1175 2645 1211 2702 sit
1226 2643 1394 2700 inserendum
1418 2638 1555 2717 (siqnidem
1568 2639 1611 2694 etsi

270 2775 274 2794 ,
340 2727 434 2783 hostes
457 2745 508 2784 nos
531 2728 602 2786 helio
626 2748 680 2789 non
703 2730 881 2793 incesserent.
905 2749 993 2806 neque
1016 2733 1042 2788 in
1065 2729 1187 2788 finitimis
1209 2727 1277 2785 loeis
1300 2745 1330 2784 ae
1352 2743 1422 2802 pene
1438 2728 1463 2782 in
1479 2732 1611 2800 conspeetu

340 2820 437 2868 nostro
459 2823 664 2887 grassarentur.
689 2824 775 2873 minen
799 2817 922 2892 oportuit
944 2833 994 2874 nos
1017 2816 1132 2873 liberare
1155 2814 1248 2872 urbem
1272 2821 1404 2869 terrarum
1427 2811 1476 2868 hee
1497 2807 1612 2868 crudetis

340 2897 407 2953 sime
429 2906 510 2972 etque
533 2899 614 2973 impia
636 2899 759 2958 barbarie
781 2909 809 2958 et
831 2919 862 2958 ex
884 2901 1033 2958 miserrimo
1057 2901 1185 2958 servitute
1207 2907 1251 2956 tot
1272 2898 1396 2956 nationes
1412 2913 1552 2972 oppressas
1565 2894 1637 2952 eri-eo

340 2987 428 3055 pere).
452 2983 499 3039 sed
521 2983 587 3040 iitnd
609 2985 695 3060 mugio
716 2984 918 3045 deliberandum
940 2987 1137 3048 esse'videtnr.
1161 3002 1221 3042 enm
1242 2991 1325 3040 tante
1347 2983 1403 3039 sint
1424 2998 1490 3056 opes
1511 2999 1540 3038 se
1553 2981 1612 3034 vires

341 3066 446 3123 ’l'ureiei
468 3068 560 3140 regni.
588 3087 649 3127 curn
672 3071 807 3128 exereitus
829 3071 857 3128 in
880 3070 1044 3146 longinquas
1067 3071 1194 3145 regiones
1217 3067 1389 3130 traducendi,
1417 3083 1477 3124 enm
1501 3063 1612 3122 fortassis

340 3148 465 3224 pluribus
488 3151 555 3209 iocis
577 3164 605 3211 et
627 3154 712 3230 longo
736 3165 858 3232 tempore
879 3155 980 3213 beilum
1003 3158 1125 3213 iutururn
1152 3156 1201 3218 sit.
1230 3154 1340 3229 quentis
1368 3169 1438 3228 opus
1465 3152 1503 3208 sit
1529 3149 1610 3224 eopiis.

280 3237 284 3246 '
340 3253 373 3292 ou
402 3253 455 3292 nnn
477 3237 631 3297 Germanice
661 3241 734 3298 notio
763 3250 854 3298 tentos
881 3241 1014 3299 conficere
1042 3239 1192 3302 exereitus.
1220 3237 1338 3296 tolerare
1366 3235 1515 3300 exercitus,
1542 3250 1611 3294 arnor.
1657 3239 1660 3246 '

340 3337 441 3394 equos,
464 3323 612 3396 stipendia.
635 3336 800 3384 commentus
823 3327 997 3402 suppeditare
1019 3327 1121 3401 possit;
1144 3324 1191 3400 qui
1213 3323 1315 3398 Reges.
1338 3321 1384 3396 qni
1406 3319 1503 3397 popuii
1525 3320 1552 3377 sd
1572 3335 1636 3375 son

339 3406 464 3464 rietatem
487 3408 567 3466 huius
590 3410 780 3485 pulcherrime
802 3411 906 3468 militie
922 3411 1031 3486 adiungi
1047 3410 1169 3486 possint:
1192 3425 1225 3464 an
1240 3407 1277 3465 ita
1294 3409 1320 3466 iu
1336 3406 1443 3482 Europe
1459 3423 1511 3481 prr
1525 3403 1611 3462 eonsd·
1685 3419 1686 3442 ἐ

341 3500 398 3548 tute
421 3492 472 3555 sit,
495 3510 529 3550 ne
552 3513 593 3552 me
617 3503 644 3552 et
666 3513 769 3572 noser
791 3497 880 3556 medio
902 3511 985 3554 cursu
1006 3503 1134 3558 revocent
1155 3494 1277 3552 homines
1292 3491 1403 3567 perfidi,
1426 3491 1483 3568 qui,
1507 3498 1537 3546 ut
1548 3503 1611 3562 sepe

339 3584 416 3633 anteo
440 3577 549 3641 recidit,
571 3580 612 3636 vet
635 3599 685 3658 per
707 3573 875 3640 oeensionem
899 3599 1031 3658 ocenpure
1053 3590 1147 3638 nostro
1168 3578 1353 3640 connituntur,
1375 3575 1417 3632 vei
1440 3577 1514 3652 turpi
1535 3573 1611 3646 aliquo

339 3679 399 3718 rum
422 3663 546 3721 hostibus
568 3667 694 3739 pretione
717 3668 787 3726 iacta
807 3675 937 3730 metuent.
960 3685 994 3724 ne
1016 3667 1083 3724 dues
1099 3665 1203 3742 Imperii
1220 3663 1398 3739 proteramus.
1435 3661 1471 3718 de
1486 3659 1528 3716 his
1541 3658 1611 3714 reim

339 3765 396 3803 sero
418 3765 433 3803 a
456 3766 498 3806 me
520 3751 623 3824 requiri
646 3751 797 3810 orationem
821 3773 835 3810 a
857 3752 1036 3829 prudentibus
1059 3751 1194 3809 omuibus.
1238 3767 1298 3806 nom
1329 3765 1371 3805 ne
1393 3747 1501 3821 quidem
1522 3743 1546 3800 io
1567 3743 1636 3796 hocs

340 3833 448 3910 imperii
471 3833 581 3912 fastigio
604 3855 660 3896 non
682 3836 770 3897 solum
793 3839 820 3895 in
843 3839 900 3896 eeie
915 3837 978 3894 beili
1000 3838 1095 3896 ducem
1117 3844 1145 3892 et
1168 3836 1358 3911 imperatorem
1381 3849 1453 3896 esse.
1477 3829 1521 3890 sed
1535 3825 1610 3886 multo

904 3970 1054 3979 ——

341 4021 410 4073 1.=
427 4020 487 4073 Nic.
502 4022 636 4073 Rousneri
655 4023 697 4074 De
716 4021 789 4073 helio
806 4021 925 4073 Tureico
943 4023 1043 4073 verlor.
1057 4025 1162 4072 suetos.
1175 4019 1229 4070 voi.
1243 4017 1264 4068 1.
1278 4034 1305 4084 p.
1317 4013 1416 4068 55...ae
1437 4016 1610 4082 memmium

338 4105 417 4162 dohet
426 4121 483 4157 rur.
497 4121 679 4158 unxrnrnrnnr
693 4122 826 4158 cnssnnrs
839 4117 957 4158 svers-r.
971 4121 1082 4158 onsrro.
1099 4105 1183 4172 {dique
1197 4105 1363 4172 proemittitur
1373 4101 1506 4153 Prmfstio
1517 4099 1548 4150 de
1559 4099 1610 4152 rite
1684 4165 1685 4170 1

339 4194 367 4238 et
385 4191 466 4240 robus
484 4192 569 4256 gestis
587 4191 771 4243 Maximilinni
790 4191 924 4255 emotis,
945 4197 1056 4243 suetoso
1076 4190 1196 4256 Georgio
1215 4186 1318 4240 Sabino
1340 4187 1380 4253 (p.
1393 4185 1435 4238 49.
1450 4184 1533 4252 squ),
1549 4188 1611 4234 mro

337 4282 436 4340 portem
454 4276 490 4326 od
506 4283 674 4342 orpumeutum
692 4277 762 4326 deins
779 4279 904 4329 orationis
920 4283 1074 4342 spectantem
1092 4277 1172 4326 eidem
1183 4273 1337 4324 subicimus.
1372 4271 1413 4322 Ex
1427 4272 1559 4322 Rensuero
1575 4282 1609 4316 re·

338 4361 421 4426 petiit
438 4363 589 4412 orationem
609 4361 765 4412 Caessreem
801 4365 825 4412 2.
842 4381 878 4406 ι-
895 4361 1050 4424 Goldostuo,
1070 4359 1177 4411 Collect
1199 4357 1425 4409 constitutionum
1443 4353 1609 4422 imperialium

338 4451 401 4497 tom.
417 4447 436 4496 i.
449 4447 539 4498 Finit.
553 4447 586 4498 ad
599 4449 635 4498 M.
652 4445 725 4498 iiiior
743 4445 789 4498 iol.
807 4463 833 4513 p.
846 4445 986 4500 seo...t:tn.
1021 4447 1062 4498 Ex
1080 4444 1259 4497 Goidastiono
1284 4441 1408 4508 exempto
1427 4444 1551 4506 excerpts
1567 4450 1610 4487 ιω

578 4534 693 4597 sumpsit
711 4533 868 4598 Reynoldus
887 4533 929 4584 ed.
942 4532 1033 4584 Mnnei
1050 4537 1116 4582 torn.
1135 4527 1197 4581 xm.
1209 4545 1236 4596 p.
1249 4525 1390 4580 mmm.
1510 4537 1514 4546 ·

405 4691 477 4739 2...5ι
498 4690 568 4739 ext.
604 4689 744 4741 tenuium
762 4693 789 4741 2.
801 4689 891 4756 edique
907 4703 988 4740 uuas
1022 4687 1043 4722 ¹⁴
1057 4679 1253 4762 expectetis&
1288 4683 1428 4736 ΜΗ.
1461 4679 1481 4714 ⁸¹
1495 4672 1609 4732 utiunti-

339 4773 415 4828 uiant
427 4789 538 4843 prooem.
551 4775 765 4838 Institutionum.
1284 4767 1289 4778 ’
