3464 5526
351 411 395 482 44
484 440 605 478 ttt'vtttnt
625 439 654 476 ttt
673 439 768 476 DVGH
786 439 1065 476 ῊΜΙΙΡΙΜΙΙΒΙΙ
1083 438 1186 476 otttvto
1205 440 1249 476 111.
1269 439 1382 476 illBVll'l'·
1394 438 1421 475 t.
1435 434 1494 477 1517·

348 597 504 660 Germania
527 596 598 657 deos
621 594 725 663 habet:
755 595 874 656 nonita
897 594 978 674 leges
999 596 1168 674 perierunt,
1198 597 1320 674 equitas
1348 598 1475 659 extincta
1497 605 1559 668 est,
1588 599 1629 660 ius

349 698 490 767 obsoluit;
519 715 574 758 nee
603 715 657 758 nos
677 699 716 757 lta
743 715 845 759 sumus
866 699 1017 776 imparati,
1048 699 1088 758 ita
1110 699 1235 768 incauti,
1262 707 1379 760 utnon
1408 683 1512 770 omnia
1529 709 1628 760 contra

279 815 298 862 t.
308 817 338 860 n.
348 803 431 862 istius
452 802 608 861 amentiam
633 801 749 878 provisa
768 798 939 861 habeamus.
985 799 1084 861 Facite
1112 807 1209 860 tamen
1238 819 1273 862 eo
1304 803 1417 862 venisse
1444 819 1527 870 rem,
1562 803 1627 879 quid

321 897 432 996 ·aliu·d'
448 911 549 981 postea
572 900 679 962 videbit
698 902 854 962 Germania
878 921 965 981 qnam
986 923 1018 964 se
1041 903 1228 965 Germaniam
1251 923 1315 964 esse
1343 904 1481 966 desiisse?
1519 903 1627 964 Conce-

346 1005 413 1067 dam
437 1005 532 1066 omna
554 1003 706 1071 omnibus,
729 1004 920 1064 iustissimum
942 1003 1074 1065 dolorem
1099 1003 1236 1082 frangere
1259 1023 1317 1065 non
1337 1014 1454 1084 potero,
1478 1023 1516 1066 ne
1533 1005 1646 1066 occul-³

345 1114 408 1170 tare
430 1107 558 1186 quidem.
576 1109 580 1116 ’
603 1123 691 1184 quem
712 1105 791 1165 eninr
814 1105 959 1182 querendi
978 1107 1066 1166 finem
1087 1105 1185 1168 faeere
1207 1107 1384 1184 poterimus,
1410 1108 1435 1166 si
1452 1113 1512 1168 tam
1527 1107 1628 1168 iustam
1722 1073 1724 1146 l

345 1227 462 1272 cansam
487 1225 547 1268 non
573 1207 750 1293 gravissimis
779 1208 883 1269 vestris
909 1209 1077 1278 sententiis,
1108 1207 1160 1269 sed
1183 1207 1337 1270 levissimis
1358 1209 1484 1270 fortunae
1512 1208 1626 1270 casibus

344 1311 527 1374 subiiciatlsi
550 1317 600 1372 aut
624 1326 777 1388 quousque
800 1310 955 1371 interficiet
977 1329 1030 1372 nos
1053 1311 1125 1372 lstei
1150 1309 1226 1398 Quid
1249 1311 1379 1389 iniquius
1405 1319 1519 1382 autem,
1546 1329 1629 1388 quam
1722 1327 1723 1356 t

345 1433 412 1476 eum
433 1415 482 1492 qul
505 1419 618 1473 tantum
641 1411 940 1482 tacteus-admiserit,
963 1430 1023 1473 non
1046 1413 1134 1474 modo
1157 1429 1217 1473 non
1239 1413 1353 1490 puniri,
1373 1413 1426 1474 sed
1449 1414 1541 1474 armis
1557 1430 1627 1492 quo·

345 1535 402 1594 que
424 1521 452 1576 et
473 1515 568 1576 furori
588 1532 642 1575 sue
664 1512 809 1592 relinqui,
837 1514 915 1574 unde
942 1515 1080 1579 omnibus
1110 1514 1195 1576 benis
1220 1497 1340 1592 semper
1368 1521 1481 1585 metus,
1510 1533 1625 1593 semper
1638 1523 1658 1563 ¹⁰

280 1616 512 1698 vesper-trulum
534 1616 589 1678 sit?
610 1616 733 1676 Pessum
756 1615 812 1676 hee
835 1617 914 1694 quod
935 1635 984 1677 res
1006 1619 1082 1696 petit
1101 1617 1203 1686 fateri,
1228 1613 1429 1694 poenitendum
1448 1615 1536 1678 nobis
1551 1616 1627 1694 quod
1723 1636 1724 1706 q

346 1738 474 1799 unquam
497 1719 713 1780 accusavimus:
735 1717 805 1796 quid
828 1719 906 1778 enim
929 1719 1065 1780 ellectum
1089 1711 1169 1780 aliud
1191 1723 1236 1780 est
1253 1721 1390 1797 quamut
1405 1717 1461 1778 boe
1477 1716 1628 1780 vessilen·
1723 1713 1724 1796 J

348 1823 387 1882 tio
411 1819 538 1902 probare
560 1821 645 1881 istius
664 1817 762 1880 scelus
789 1819 960 1889 videamini,
990 1823 1053 1900 lpse
1077 1840 1110 1882 re
1140 1822 1254 1898 integra
1278 1821 1306 1879 vi
1327 1837 1363 1880 ae
1384 1821 1474 1881 armis
1502 1838 1556 1880 nos
1577 1820 1629 1880 lm·

347 1925 445 2002 petati
471 1922 527 1984 Per
548 1920 823 1999 deosjmmortalcs
845 1920 987 1992 obsecro,
1014 1923 1124 1992 videte,
1143 1923 1297 1992 Germani,
1319 1939 1406 2002 quam
1428 1923 1464 1983 sit
1479 1931 1565 2001 turpe
1583 1940 1629 1982 ve·

252 2041 255 2048 ·
348 2023 393 2086 bis
413 2026 499 2085 istum
524 2021 599 2084 elabi
622 2007 721 2094 reum,
744 2025 795 2102 qui
816 2023 873 2084 lroe
894 2023 1001 2084 iudicio
1022 2024 1207 2086 indemnatus
1224 2041 1284 2084 non
1302 2032 1362 2086 tam
1377 2023 1463 2085 nobis
1482 2023 1631 2084 insultabit
1641 2035 1660 2072 ¹⁵

279 2140 434 2206 §.tequam
458 2143 508 2209 vos
529 2143 646 2205 quoque
668 2144 823 2206 superasse
845 2125 938 2186 rideri
958 2124 1044 2186 volet.
1088 2126 1132 2188 An
1153 2125 1276 2188 alieuius
1298 2132 1428 2188 vestrum
1449 2126 1558 2187 iudicio
1580 2127 1632 2186 mi·

346 2247 402 2292 nus
423 2228 472 2290 bic
491 2245 561 2289 reus
583 2245 670 2305 qnam
692 2235 793 2289 nostra
815 2229 1001 2290 accusatione
1027 2228 1097 2290 fuiti
1127 2227 1177 2288 ubi
1198 2229 1289 2306 igitur
1311 2227 1369 2288 illae
1395 2245 1474 2290 nune
1501 2243 1631 2290 eommo-

345 2317 521 2402 tiones,'illi
543 2329 691 2400 fremitus,
710 2328 767 2390 illae
791 2329 922 2392 vultuum
944 2335 1110 2392 vestrorum
1132 2330 1382 2408 significationes?
1408 2330 1466 2390 boe
1489 2331 1527 2392 de
1550 2329 1632 2391 vobis

346 2431 477 2502 narrabit
498 2434 667 2511 quisquam,
688 2431 844 2494 iustissime
866 2431 936 2494 huie
956 2434 1046 2494 iratos
1074 2433 1180 2502 luisse,
1211 2432 1283 2493 nibil
1311 2433 1403 2494 iratos
1429 2433 1579 2513 petuisse,
1601 2438 1633 2492 ut

346 2535 394 2596 bic
415 2536 528 2620 primus
546 2536 577 2594 in
597 2535 754 2597 Germania
775 2534 959 2614 tyrannidem
989 2535 1134 2612 occupet?
1166 2534 1244 2613 quod
1267 2536 1346 2596 enim
1370 2533 1516 2596 libcrtttis
1541 2537 1660 2596 vesti-²⁰

346 2639 426 2717 glum
452 2635 615 2698 remanebit
637 2635 695 2696 boe
711 2634 869 2696 incolumi?
891 2636 971 2714 qnod
988 2635 1087 2729 legum
1104 2654 1138 2697 ae
1156 2635 1334 2702 iudiciorum
1351 2643 1544 2706 momentum,
1568 2653 1631 2714 quae

326 2748 450 2801 ¹vestrae
472 2739 647 2816 integritatis
669 2738 821 2818 persuasio
844 2739 922 2818 apud
946 2739 1129 2818 quenquam?
1158 2744 1187 2799 at
1216 2745 1317 2800 contra
1348 2756 1413 2818 quae
1438 2755 1499 2798 non
1529 2740 1632 2798 incon·

277 2843 460 2908 mensuatim
482 2859 516 2901 ae
538 2840 652 2900 timoris
671 2839 798 2917 suspicio
824 2841 855 2900 in
878 2859 929 2902 vos
949 2840 1109 2918 congruet?
1132 2841 1247 2902 Utinam
1266 2848 1317 2902 aut
1336 2857 1486 2918 nunquam
1506 2842 1550 2901 sic
1572 2857 1631 2900 ma·

345 2942 450 3006 nileste
470 2940 579 3020 singuli
600 2940 809 3012 damnassetis,
832 2949 882 3004 aut
904 2959 962 3002 nen
985 2950 1044 3006 tam
1067 2944 1192 3022 turpiter
1208 2944 1239 3002 in
1260 2942 1385 3004 dicenda
1403 2945 1549 3004 sententia
1563 2941 1632 3004 sub-

344 3045 494 3110 sisterctls.
539 3041 584 3103 Dii
605 3041 800 3114 immortales,
822 3051 963 3122 qnantum
986 3047 1083 3106 omnia
1106 3055 1175 3107 casu
1202 3063 1238 3106 ae
1267 3042 1451 3122 temporibus
1471 3045 1661 3105 immutare-‘2⁵

344 3155 407 3209 tur:
440 3163 536 3226 nuper
557 3145 612 3204 iste
632 3161 684 3204 sua
707 3146 836 3223 primum
859 3147 1053 3219 conscientia,
1088 3147 1194 3232 deinde
1227 3145 1326 3224 legum
1355 3164 1389 3206 ae
1418 3147 1491 3207 iuris
1518 3155 1631 3214 natura,

344 3257 493 3330 postremo
516 3247 646 3311 omniurn
670 3246 823 3308 hominum
845 3247 953 3308 iudicio
973 3267 1031 3310 non
1050 3247 1267 3311 dissimulanter
1281 3249 1359 3310 edito
1376 3247 1428 3309 sed
1444 3248 1633 3309 confessione

344 3352 453 3432 passim
471 3349 707 3421 manifestissima
735 3347 908 3429 pervulgato
935 3352 1053 3412 saucius
1081 3369 1115 3412 ae
1143 3350 1309 3420 confectus,
1339 3348 1417 3410 nulla
1446 3348 1551 3410 salutis
1580 3367 1633 3428 spe

344 3439 496 3535 preditus,
521 3452 572 3513 sed
594 3450 696 3513 ultima
718 3451 924 3531 desperatione
947 3452 1080 3530 perditus
1102 3454 1233 3514 emnium
1256 3457 1448 3529 conspectum
1478 3451 1567 3530 fugit,
1597 3469 1632 3512 ex

344 3557 474 3620 omnium
498 3553 591 3616 oovrlis
608 3574 640 3616 se
661 3553 823 3634 proripuit,
855 3573 939 3618 suam
961 3553 1096 3625 demum,
1126 3571 1209 3615 suam
1237 3571 1302 3614 rem
1330 3551 1505 3616 familiarem
1533 3567 1664 3615 suam-o

345 3678 402 3740 que
424 3660 509 3720 istam
532 3657 716 3737 tyrannidem
738 3641 909 3735 relinquens
935 3673 1025 3732 vagus
1047 3673 1081 3715 ae
1109 3657 1224 3716 incerto
1244 3656 1351 3718 itinere
1372 3657 1521 3734 profugite
1553 3673 1634 3716 nunc

346 3761 501 3832 confestim
523 3777 557 3820 ae
579 3757 677 3822 subito
698 3760 782 3838 quasi
809 3758 917 3820 inlecta
946 3757 1020 3817 facta
1042 3758 1113 3828 sint,
1143 3765 1172 3818 et
1194 3758 1350 3837 pecuniam
1372 3756 1476 3828 lubet,
1505 3763 1535 3819 et
1562 3759 1634 3818 viris

170 3915 174 3926 .
276 3863 487 3942 §.ra.imperat,
510 3868 539 3922 et
555 3869 657 3922 eontra
674 3877 727 3921 nos
742 3859 848 3922 auxilia
864 3860 996 3928 instruit,
1019 3866 1048 3920 et
1066 3860 1167 3937 patriae
1182 3861 1362 3920 eversionem
1380 3859 1511 3920 molitur.
1544 3859 1633 3922 Ove-

344 3971 423 4026 teres
441 3962 605 4025 Germaniae
621 3979 733 4031 mores,
755 3963 864 4030 avitum
883 3961 987 4031 clerus,
1007 3962 1132 4045 patriam
1152 3963 1303 4022 virtutem!
1326 3979 1413 4040 quem
1435 3979 1524 4022 nemo
1543 3961 1633 4041 paule

344 4073 413 4126 ante
434 4080 622 4141 congressu,
643 4079 731 4124 nemo
758 4061 895 4124 familiari
917 4064 1050 4124 oratione
1078 4062 1271 4141 dignabatur,
1294 4065 1324 4123 in
1347 4079 1435 4141 quem
1454 4080 1559 4123 omnes
1579 4083 1630 4125 ex·
1643 4083 1665 4120 e

345 4165 495 4246 puebant,
519 4165 567 4225 cui
587 4163 725 4228 omnibus
747 4165 815 4234 viis,
846 4156 983 4226 omnib'ns
1005 4163 1124 4246 plateis,
1159 4166 1189 4226 in
1210 4167 1291 4226 omni
1310 4165 1463 4224 hominum
1485 4173 1633 4228 conventu

346 4265 590 4336 maledicebatur,
615 4268 771 4345 quemsui
793 4264 1051 4346 derelinquebant,
1081 4265 1169 4328 alieni
1183 4264 1370 4346 impetebant
1392 4265 1585 4332 contumelia.
1609 4269 1635 4329 is

345 4385 425 4430 nunc
449 4368 519 4428 viris
534 4385 575 4428 ee
604 4368 694 4428 armis
721 4368 925 4447 circunseptus
954 4375 1089 4448 receptu·
1104 4388 1139 4431 ex
1171 4367 1326 4442 intervallp
1349 4367 1446 4428 auimo
1470 4368 1634 4439 insoleseit,

346 4470 489 4549 quasique
508 4470 638 4542 excussis
660 4468 782 4530 vinculis
801 4469 945 4548 profugus
965 4469 1041 4533 latre
1063 4470 1187 4541 exultat,
1210 4471 1366 4532 adversum
1392 4486 1446 4530 nos
1477 4468 1556 4532 belle
1582 4491 1634 4534 ex·

345 4605 547 4616 ..-.-..----

413 4671 513 4739 ³qnod
531 4677 555 4724 2.
575 4672 612 4742 qd
631 4675 653 4722 f.
706 4671 814 4723 9ηιιιΙίηι
833 4672 952 4736 admisit,
1002 4672 1261 4724 ¹’tveensnuerimus
1279 4677 1392 4724 cornu.
1445 4673 1466 4705 ¹⁴
1484 4673 1564 4726 deum
1584 4676 1635 4726 im·
1704 4736 1708 4744 Ι

347 4757 488 4808 mortalem
507 4775 575 4810 corr.
589 4761 618 4806 tt.
669 4753 691 4788 ²⁸
709 4761 752 4819 ac]
773 4763 800 4808 et
817 4775 885 4808 corr.
898 4763 927 4808 fl.
