3382 5516
557 1192 600 1233 AD
616 1191 862 1241 lovlcrlesurvrr

366 1281 641 1332 Mnxllrtelnrrvrr
659 1281 838 1334 GAESAREM
856 1281 1050 1334 AVGVSTVM
1145 1283 1148 1288 '

263 1365 708 1438 unmovmmrlnrflabll
731 1367 931 1429 annnorum
960 1367 1147 1429 ulLMlTAE

563 1473 568 1486 ’
615 1475 803 1528 EPISTOLA.
1151 1473 1153 1478 '

51 1605 62 1642 ³
133 1599 322 1662 consideranti
344 1603 424 1665 mibi,
451 1603 540 1662 Ceasar
561 1603 696 1675 Auguste,
719 1600 782 1658 binc
804 1601 864 1658 odia
886 1601 1100 1659 Christianorum
1123 1602 1292 1680 Principum.
1315 1611 1346 1660 ut

69 1685 138 1755 quasi
159 1687 264 1743 mutuis
286 1688 422 1746 interituri
445 1685 601 1745 vulneribus
623 1687 650 1744 in
672 1703 779 1744 arenam
801 1687 963 1744 descendere
984 1688 1138 1749 videantur,
1162 1686 1237 1745 illinc
1251 1688 1346 1746 debac-

67 1768 203 1828 chantibus
219 1772 385 1830 Thurcarum
408 1773 517 1836 animis,
541 1773 664 1848 adeoque
685 1771 711 1828 in
734 1781 855 1829 nostram
878 1772 1023 1847 perniciem
1046 1772 1230 1836 inflammatis,
1253 1781 1283 1828 ut
1306 1774 1346 1830 in·

69 1861 105 1908 ter
124 1870 172 1912 eos
194 1855 335 1915 decretum
363 1859 399 1915 sit
425 1858 458 1916 de
486 1857 629 1917 excidenda
658 1857 796 1932 republica
818 1858 981 1922 Christiana,
1010 1857 1142 1932 optimum
1168 1873 1231 1916 sane
1260 1858 1346 1916 visum

67 1947 117 1999 est,
144 1957 200 2002 nse.
230 1942 277 1998 cui
304 1941 407 2000 utinam
435 1950 508 2000 tanta
529 1942 662 2000 acerbitas
684 1943 772 1999 minus
790 1936 951 2006 constaret,
979 1943 1077 2018 partim
1099 1943 1171 2020 vires
1192 1961 1222 1999 ac
1242 1943 1346 2000 rabiem
1415 1973 1420 1984 ·

44 2025 62 2062 ¹⁰
70 2023 302 2084 truculentissime
330 2029 419 2100 gentis
448 2039 509 2084 tuos
532 2027 679 2086 Germanos
707 2027 835 2098 edocere,
868 2028 966 2102 partim
996 2028 1140 2087 ostendere
1158 2029 1369 2102 ‚necessariam-

66 2123 117 2164 esae
139 2109 236 2167 coritra
259 2112 379 2170 Tburcas
401 2112 615 2188 expeditionem,
645 2113 690 2187 qai
719 2112 840 2188 alioquin
868 2113 958 2170 omnia
986 2111 1175 2183 devastabunt,
1205 2112 1257 2169 nisi
1280 2113 1345 2170 Ger·

66 2209 199 2252 manorum
221 2197 323 2258 uirtute
345 2199 537 2272 reprimantur.
581 2197 653 2256 llanc
676 2199 767 2272 itaque
790 2197 939 2256 orationem
968 2206 1021 2258 tuae
1044 2195 1177 2256 ldaieatati
1204 2196 1344 2272 legendam

65 2279 263 2338 uenerabundus
287 2283 387 2346 odoro,
416 2284 453 2340 Te
476 2282 690 2340 Christianorum
721 2283 873 2358 principum
901 2291 983 2356 eaput
1005 2281 1236 2340 ac·cartissimum
1259 2292 1346 2340 terra·

65 2377 117 2418 rum
140 2374 345 2442 numeratque
368 2367 495 2430 tutelam,
518 2368 623 2430 Caesar,
648 2367 793 2426 obsecrans
816 2367 1026 2441 obtestansque,
1049 2375 1080 2424 ut
1102 2367 1191 2427 ruenti
1214 2367 1275 2424 ddei
1297 2367 1344 2424 tla-

40 2445 165 2506 *austrea
186 2459 293 2508 mature
314 2453 454 2512 consulas:
477 2453 514 2512 Te
536 2465 629 2512 omnes
652 2461 800 2528 sequentur
813 2453 965 2527 Principes,
990 2461 1019 2510 tu
1041 2451 1082 2508 vel
1105 2450 1164 2508 sula
1187 2458 1232 2508 toa
1247 2451 1345 2510 lloren·

63 2531 159 2591 tissima
181 2533 323 2594 Germania
346 2544 374 2594 et
396 2555 544 2612 oppressos
565 2537 731 2596 liberaturus
752 2556 782 2594 es
797 2530 1030 2600 Christianaeet
1052 2553 1156 2596 omnem
1180 2537 1345 2594 imminentis

63 2616 216 2676 calamitatis
239 2629 340 2680 metum
362 2622 552 2696 dissipaturus.
597 2622 651 2680 llac
682 2623 722 2679 via
751 2623 883 2696 imprimis
913 2623 951 2679 tui
975 2623 1094 2680 Cesarea
1120 2621 1192 2686 iuter
1213 2620 1280 2680 deos
1301 2639 1345 2680 rea

63 2703 127 2774 cepti
149 2713 229 2767 sunt,
258 2707 301 2764 bis
324 2717 352 2762 tu
374 2709 517 2765 summotis
540 2707 682 2782 periculis,
712 2724 766 2783 quo
789 2707 854 2764 ladas
876 2717 970 2765 nostra
992 2715 1035 2766 eat
1056 2707 1146 2765 verior
1167 2714 1195 2764 et
1217 2708 1344 2772 sanctior,

63 2802 91 2840 eo
111 2790 213 2846 certius
235 2801 320 2848 recta·
335 2793 363 2848 in
390 2791 488 2850 eaelum
516 2810 546 2850 es
571 2791 738 2868 evolaturas.
781 2792 868 2850 Vale,
905 2794 1035 2867 Augustae
1056 2789 1265 2850 Vindelicorum.
1288 2793 1343 2866 aiij.

37 2868 113 2927 ttdal.
128 2872 164 2930 lu.
180 2873 332 2932 ll.lt.llt'lll.

635 3129 772 3183 ORATIO

250 3177 488 3302 rulooumr
502 3221 704 3284 rrarueuu
730 3221 934 3306 launoium
962 3223 1150 3284 seluern

533 3323 678 3374 CONTRA
700 3324 868 3375 Tflvltcns

486 3408 535 3458 AD
554 3407 750 3460 GERMANOS
769 3408 914 3458 Hnul'rn.

39 3541 59 3580 u
143 3527 311 3604 Quamquam
340 3531 395 3588 seio
424 3530 539 3589 multum
569 3501 726 3588 acerbitaiii
752 3531 785 3588 ad
813 3547 900 3588 meum
928 3529 1050 3588 dolorem
1079 3549 1249 3590 accessurum
1272 3536 1395 3595 essebu

69 3609 201 3670 fortissimi
218 3615 352 3678 Germani,
375 3617 397 3672 si
413 3616 549 3692 ingentem
556 3617 821 3687 ,immanissimorum
837 3616 1001 3672 Thorcaruru
1018 3617 1165 3690 potentiam
1180 3617 1283 3674 referre
1298 3635 1343 3674 vo·

63 3692 148 3762 luero,
170 3699 272 3774 partim
295 3700 366 3775 quod
389 3718 478 3758 meum
502 3719 595 3760 reeens
618 3709 700 3776 atque
722 3702 910 3776 gravissimum
932 3699 1029 3767 vulnus
1052 3701 1191 3776 mihiipsi
1213 3701 1342 3760 refricare

64 3796 195 3842 necessum
219 3793 275 3850 est,
298 3785 398 3860 partim
420 3787 502 3845 etiam
524 3787 709 3861 magnitudine
733 3786 897 3846 imminentis
919 3784 1096 3850 calamitatis,
1117 3805 1149 3843 ne
1171 3787 1257 3844 dicam
1272 3787 1342 3846 eaoi·
1398 3778 1401 3794 '

63 3865 94 3921 dii
115 3869 271 3944 reipublicae
293 3869 467 3936 Christianae,
496 3873 547 3928 nisi
570 3873 637 3930 deus
666 3871 785 3948 optimus
807 3872 937 3930 maximos
966 3878 1067 3930 tantam
1096 3871 1201 3930 ruinam
1230 3879 1340 3934 avertat,

38 3950 183 4024 arrepebat,
213 3955 390 4020 exterminet,
422 3963 511 4014 tamen
539 3974 626 4032 neque
653 3958 774 4032 propriis
795 3956 923 4033 periculis
945 3974 975 4016 ac
996 3957 1122 4014 diuturna
1145 3957 1277 4016 malorum
1300 3975 1342 4014 se·

63 4033 109 4098 rie,
130 4055 218 4112 neque
240 4039 427 4098 communibus
449 4041 641 4108 incommodis,
666 4042 691 4098 in
715 4042 812 4117 quibus
835 4042 947 4099 maxima
970 4043 1102 4122 parsUdio
1124 4042 1222 4099 versati
1238 4059 1340 4106 sumus,

64 4135 89 4174 ec
110 4119 148 4194 (ut
169 4121 259 4195 video)
287 4123 369 4198 longe
390 4125 492 4182 diutius
514 4126 695 4192 versabimur,
723 4126 897 4188 deterrebor,
929 4127 993 4202 quin
1021 4145 1051 4184 ea
1080 4145 1139 4200 qriae
1166 4127 1199 4184 ad
1221 4127 1340 4184 omniurn

63 4204 199 4265 utilitatem
223 4218 346 4284 spectare
370 4209 531 4267 videbuntur
559 4211 624 4268 lorti
655 4231 684 4269 ae
712 4211 847 4286 intrepido
874 4212 964 4268 animo
985 4210 1145 4288 exprimam,
1176 4211 1340 4285 quotidianis
1388 4241 1391 4250 ·

65 4299 157 4348 nostra
172 4293 332 4366 miserrime
347 4295 511 4352 conditionis
526 4296 747 4362 fluctuationibus
769 4314 917 4371 earumque
938 4296 1030 4354 causis,
1050 4296 1163 4354 subinde
1179 4297 1358 4372 assignarim,

37 4377 118 4446 t‘qaae
145 4395 199 4433 nou
229 4386 284 4434 tam
312 4377 511 4456 longinquitate
538 4381 660 4440 locorum
689 4399 749 4438 esse
778 4381 870 4454 ignota
893 4381 1031 4440 Germanis
1054 4371 1135 4456 poto,
1152 4379 1244 4456 'quam
1267 4383 1338 4458 quod

64 4473 90 4512 ea
110 4459 246 4520 bominum
268 4472 365 4525 natura
393 4473 449 4530 est,
479 4474 510 4524 ut
538 4465 694 4526 blandiente
722 4465 890 4542 aliquantum
921 4467 1032 4524 fortune
1061 4483 1110 4524 nec
1136 4467 1338 4542 praeteritorum

986 4561 1034 4596 ι.
1200 4561 1202 4564 -

64 4738 83 4770 u
122 4657 134 4690 ²
148 4677 308 4726 navarrae,
328 4667 351 4716 1.
403 4661 426 4698 ⁸⁰
442 4661 498 4730 lm}
514 4665 532 4716 l.
546 4665 693 4728 e.1uraiaa‚
712 4669 743 4715 ut
760 4661 848 4713 ultimi
865 4661 946 4714 buius
963 4663 1053 4719 libelli
1069 4680 1165 4717 versus
1183 4637 1338 4718 retendant.

100 4759 148 4809 qne
165 4750 189 4804 i.
