3464 5526
204 437 327 476 ΕΠἭΙΙ
346 437 376 474 ll(
395 439 488 474 DVCH
507 437 781 474 murmurationum
800 437 902 472 ORATIO
921 439 977 472 llll.
996 438 1024 472 bl.
1039 436 1102 472 ΛΠ).
1117 437 1141 470 Α.
1157 431 1216 472 1517.
1306 406 1352 477 59
1374 479 1379 492 ⁸

424 503 427 510 .
961 501 964 506 ·
1204 493 1213 517 x

86 595 283 674 sipulsasses,
313 593 429 654 delendi
452 587 872 671 conpoteas,'acccusationi
895 608 953 650 non
976 591 1018 651 vis
1046 609 1109 651 osso
1138 591 1252 650 lorrrm?
1281 591 1421 655 uraca.

87 695 230 764 omnibus',
253 695 359 773 inquit,
383 692 526 754 ‘amabam
551 693 697 752 bominem
726 712 760 753 ae
789 695 884 770 primo
911 694 1072 753 amicorum
1102 692 1167 753 loco
1191 691 1354 754 habebam'.

86 799 135 858 llor
158 805 218 866 est,
242 795 334 871 latro,
356 795 434 874 quod
457 813 511 854 nos
533 795 662 874 decepit,
692 795 747 855 bae
776 801 823 854 tua
854 795 974 855 ascititia
997 812 1121 871 persona
1150 796 1178 854 in
1201 795 1280 855 bunc
1302 812 1356 855 nos

86 899 202 967 lurtum,
226 900 254 959 iu
277 899 332 958 bos
354 881 501 960 maerores⁴
518 893 674 957 coniecisti.
721 897 765 956 ‘dt
787 893 834 956 ille
856 896 943 956 fidem
965 896 1108 975 prodidit,
1139 903 1169 957 et
1191 897 1317 974 acceptis
1339 915 1354 957 a

72 1013 132 1061 rom
154 989 306 1060 beneficiis
327 1001 459 1078 ingratus
481 987 633 1080 perfidiam
657 997 799 1068 reddidit,
822 997 911 1058 bomo
933 995 1054 1074 infidus,
1077 998 1210 1077 proditor
1232 1017 1266 1058 ac
1288 1017 1354 1078 per·

86 1105 180 1170 ‘inrus3
205 1119 292 1180 quern
316 1119 373 1184 ego
393 1117 460 1161 eum
481 1119 515 1162 re
537 1102 650 1178 cognita
674 1100 877 1177 obiurgarem,
902 1101 1035 1178 poenituit
1057 1118 1091 1159 ae
1106 1099 1290 1180 lachrymans
1306 1099 1357 1161 dei

87 1206 202 1284 ‘precari
224 1221 339 1284 posnam
362 1201 580 1274 adoratusest,
604 1221 662 1262 non
685 1202 775 1264 semel
798 1201 835 1262 ob
858 1201 1000 1280 llagitlum
1023 1203 1098 1262 mori
1121 1201 1298 1283 decernens.
1322 1222 1356 1264 ac

86 1317 120 1368 ‘ea
139 1309 169 1371 iu
193 1324 226 1368 re
250 1303 402 1366 eonsilium
423 1321 512 1365 orans
534 1322 650 1374 meum,
674 1323 741 1364 curn
763 1303 875 1364 diceret
897 1303 953 1363 boc
968 1304 1117 1374 statuisse,
1141 1307 1220 1365 exire
1236 1289 1356 1366 Germa·

86 1410 161 1468 ·uiarn
186 1415 216 1469 et
236 1407 279 1468 ad·
296 1413 410 1468 exteras
432 1405 543 1485 aliquas
566 1408 698 1468 nationes
721 1406 899 1475 concedere,
929 1405 1006 1484 quod
1029 1423 1086 1466 nou
1110 1414 1208 1484 posset
1230 1409 1355 1485 turpitu-

63 1511 161 1570 o‘dinis
189 1510 312 1579 famam,
341 1511 365 1569 si
392 1517 538 1585 emergat,
572 1508 661 1570 lerre.
712 1505 945 1570 interim'multa
971 1507 1042 1569 mibi
1070 1507 1247 1586 obloqoutus
1275 1509 1421 1588 epuns-n.

86 1613 227 1691 ‘quosdam
249 1613 306 1672 lide
328 1611 432 1688 dignos
454 1628 513 1680 non
535 1611 643 1670 veritus
666 1617 709 1670 est
724 1609 830 1690 'dicere
853 1610 999 1688 quandam
1021 1629 1068 1671 me
1083 1610 1206 1671 honesto
1222 1610 1287 1672 loeo
1303 1629 1354 1672 na·
1404 1613 1413 1626 “

85 1721 142 1774 tam
163 1714 312 1774 luminam
334 1711 370 1773 de
393 1719 494 1790 stoque
517 1711 678 1792 appellasse
700 1719 729 1772 et
758 1711 897 1772 abnuenti
925 1712 982 1773 vim
1009 1713 1183 1780 intentasse;
1211 1720 1354 1791 praeterea

85 1815 152 1876 ‘data
173 1815 295 1894 pecunia
317 1812 532 1875 subornasset
560 1831 617 1891 quo
645 1813 708 1891 ipse
735 1815 970 1882 interficeretur;
1005 1820 1091 1892 atque
1119 1814 1221 1876 biset
1250 1814 1354 1876 talibus

85 1929 258 1996 *quamquam
280 1916 468 1976 vehementer
490 1920 668 1976 commotum
697 1933 744 1976 me
771 1915 896 1984 videret,
927 1915 1023 1975 adbuc
1053 1915 1212 1976 insolenter
1239 1919 1353 1978 iactavit

56 2029 148 2086 ·w‘sese
170 2037 204 2080 ac
226 2018 321 2080 dolori
342 2015 491 2077 insultavit
511 2034 586 2077 meo.
631 2017 658 2076 id
682 2017 760 2096 quod
784 2035 839 2094 ego
862 2023 1037 2096 conquestus
1060 2017 1095 2078 do
1118 2017 1166 2078 illo
1188 2031 1253 2079 snm
1274 2020 1351 2098 apud

85 2133 136 2181 ‘eos
157 2123 281 2182 nranime
303 2137 377 2198 quos
398 2117 439 2179 illi
461 2119 535 2180 fidos
558 2119 770 2198 cognoveram'.
808 2118 876 2196 Haec
898 2120 923 2177 si
944 2118 1002 2178 ulla
1017 2120 1046 2178 in
1063 2125 1090 2179 te
1105 2120 1272 2180 Germanici
1286 2130 1420 2180 san-tao.

85 2223 170 2299 quiuis
189 2229 269 2300 gutta
291 2221 450 2302 resideret,
481 2237 539 2280 uon
562 2221 690 2290 dicereS,
720 2220 797 2300 ‹qnotl
821 2222 956 2282 conscius
977 2220 1029 2281 libi
1053 2239 1130 2282 esses
1153 2219 1224 2288 nibil
1246 2222 1353 2282 borum

85 2342 136 2383 non
157 2324 254 2385 dotum
277 2342 312 2384 ac
334 2324 519 2393 ementitum
543 2322 647 2386 deinde
670 2323 763 2402 siquid
786 2324 816 2383 in
839 2329 867 2383 te
891 2323 1012 2401 pudoris
1034 2322 1181 2402 reliquum
1198 2334 1288 2394 esset,
1311 2331 1355 2384 tot
1429 2321 1432 2328 ’

84 2427 311 2502 grarissimorum
333 2426 465 2485 virorum
488 2424 607 2485 auribus
629 2423 783 2504 parceres:
806 2441 871 2504 quae
893 2427 969 2486 enirn
992 2433 1050 2486 tam
1073 2431 1219 2504 prostrata
1241 2426 1352 2505 pudici·

59 2529 117 2586 otia
137 2503 238 2589 mulier
267 2529 309 2588 sic
337 2526 523 2606 impudenter
551 2533 580 2587 et
607 2527 636 2587 in
659 2520 716 2587 boe
737 2535 882 2587 conventu
908 2527 1024 2587 mentiri
1052 2525 1154 2589 uellet?
1188 2527 1232 2588 Tu
1254 2527 1420 2592 dicereeas.

85 2630 166 2691 audes
185 2630 272 2690 isdem
295 2629 350 2689 tibi
371 2627 452 2690 illurn
475 2627 653 2708 prodidisse,
677 2647 712 2688 ac
734 2629 873 2698 infidum,
896 2629 1047 2707 periurum
1064 2636 1093 2690 et
1107 2629 1289 2708 proditorem
1305 2649 1354 2690 vo-

85 2749 140 2800 ras,
166 2749 232 2792 cum
262 2730 313 2791 ubi
342 2730 422 2800 beet
451 2730 568 2810 quando
596 2738 646 2789 aut
674 2729 779 2808 quibus
800 2729 923 2791 testibus
946 2748 1040 2809 quove
1068 2731 1144 2791 lacto
1167 2733 1353 2803 commiserit,

86 2849 136 2892 non
157 2833 282 2894 inieras?
310 2831 379 2892 llaec
401 2841 498 2892 autern
521 2831 667 2911 quomodo
691 2834 880 2900 conveniunt,
908 2833 986 2911 quod
1016 2835 1145 2911 primum
1168 2833 1226 2902 ais,
1255 2833 1354 2896 obiur-

85 2941 172 3010 gatum
193 2933 246 3000 abs
266 2941 296 2996 te
318 2934 488 3012 penituisse
511 2941 539 2994 et
560 2939 684 2993 mortem
708 2941 823 3012 optasse
846 2952 880 2994 ac
898 2934 1076 2997 ·desereudae
1098 2937 1263 2998 Germania
1285 2956 1355 2997 con·

60 3035 171 3096 ossillum
192 3037 360 3116 agitavisse,v
393 3034 448 3096 abs
469 3043 557 3114 teque
579 3051 677 3094 orasse
700 3036 812 3096 reniam
841 3042 870 3096 et
898 3035 1051 3098 consilium
1081 3038 1214 3116 petiisse?
1247 3039 1353 3100 deiude

87 3139 170 3198 relers
190 3157 276 3218 quam
300 3136 428 3216 superbe
450 3154 483 3198 se
505 3138 661 3206 iactaverit,
685 3155 718 3198 ao
741 3144 819 3197 tuam
842 3139 930 3198 animi
953 3139 1178 3200 commotionem
1202 3115 1353 3201 insolentia

87 3239 199 3301 illusisse
217 3242 320 3318 lingis:
343 3245 466 3318 possunt
487 3245 531 3299 tot
551 3247 669 3316 tamque
691 3239 804 3298 diversa
827 3238 913 3300 simul
936 3241 1018 3302 esse?
1046 3259 1100 3320 age
1123 3259 1191 3302 vero
1214 3242 1275 3312 dic,
1305 3243 1421 3322 quita-t

87 3345 248 3404 conscientia
270 3342 369 3420 llagitii
391 3341 435 3401 sic
457 3341 565 3420 agitur,
597 3346 629 3404 ut
650 3340 728 3402 ultro
754 3339 798 3400 vel
825 3342 855 3400 in
878 3335 993 3403 exilium
1022 3349 1069 3404 eat
1090 3343 1135 3404 vel
1158 3349 1283 3405 mortem
1306 3363 1355 3405 er·

89 3450 169 3518 optet,
197 3443 276 3505 hunc
305 3441 444 3511 credibile
473 3449 518 3503 est
539 3440 712 3504 insolentem
735 3461 799 3502 esse
822 3449 871 3502 aul
893 3443 976 3504 molis
998 3431 1169 3524 cuiusquam
1198 3445 1355 3508 insultaret
1449 3437 1454 3448 ’

61 3545 219 3621 aquilicus
241 3565 276 3607 ao
297 3544 618 3624 lachrymans‘veniam
641 3552 719 3614 orat,
743 3546 767 3604 is
789 3535 818 3606 ei'
838 3564 853 3605 a
877 3563 934 3625 quo
958 3552 1036 3614 orat,
1067 3545 1232 3607 malediciti
1259 3555 1355 3626 polest

89 3655 172 3708 aulem
192 3647 346 3726 superbire
370 3648 419 3725 qui
442 3646 573 3707 lortunis'
588 3645 724 3708 omnibus
746 3645 907 3728 desperatis
935 3666 983 3707 ae.
997 3649 1183 3728 turpitudinis
1206 3649 1260 3710 sibi
1283 3667 1353 3728 qua·

89 3745 210 3809 lemnon
234 3749 310 3810 ierat
331 3750 467 3810 conscius
487 3750 627 3830 patriam¹
649 3757 801 3827 parentes,
825 3751 948 3818 amicos,
972 3746 1076 3810 caelum
1091 3769 1126 3810 ac
1140 3741 1235 3812 lucem
1252 3751 1354 3830 lugere

90 3848 219 3912 decrerit?
241 3859 303 3912 tum
327 3849 480 3912 eonsdium
504 3852 568 3929 quis
591 3853 660 3928 petit
684 3850 720 3912 ab
744 3870 778 3913 eo
802 3870 889 3931 quern
905 3852 947 3912 sio
962 3849 1050 3926 laesit,
1073 3857 1105 3913 ut
1127 3847 1239 3914 veniam
1263 3854 1353 3932 impe·

91 3957 155 4026 trare
175 3971 232 4014 non
254 3952 362 4031 possiti
385 3949 478 4022 Quam
500 3951 548 4014 ille
570 3953 665 4014 omnis
693 3952 803 4014 consilii
831 3959 937 4032 expers
964 3956 1118 4033 magister,
1155 3957 1205 4034 qui
1234 3963 1262 4017 te
1291 3955 1422 4026 haecque.

90 4085 273 4098 Ἠ-

147 4153 222 4206 ¹dei.
240 4171 294 4205 non
311 4151 350 4220 p]
371 4155 469 4206 eudim'
483 4155 629 4206 debebaris
648 4161 672 4205 2.
690 4157 741 4216 sed
755 4163 825 4208 cerie
842 4163 872 4205 Ε,
891 4148 939 4208 non
956 4160 993 4208 sic
1009 4161 1120 4224 scripsit.
1200 4161 1224 4220 §-
1237 4157 1291 4225 tu]
1310 4159 1355 4212 Gi.
1378 4196 1380 4204 .

92 4236 155 4288 ducis
173 4239 366 4294 ·Ausrcbreiben
382 4238 407 4289 d.
421 4239 447 4290 d.
465 4239 490 4289 6.
505 4239 578 4307 Sept.
594 4238 675 4291 1516:
694 4239 748 4291 vol.
760 4242 782 4291 I.
801 4258 826 4308 p.
839 4241 880 4292 lii.
899 4259 958 4308 sqq.
1028 4241 1039 4274 ²
1058 4244 1205 4294 amicorum
1225 4247 1249 4294 1.
1284 4245 1356 4296 inber
1407 4267 1409 4272 ·

94 4323 243 4376 amicitiores
261 4340 331 4376 corr.
344 4326 373 4372 11.
437 4322 531 4376 ³Haee
548 4318 641 4378 omnes.
660 4329 737 4376 malui
753 4327 813 4378 Hoc
830 4328 1029 4400 scribere‘qnem
1047 4345 1082 4379 ea:
1100 4329 1169 4393 quod
1185 4331 1275 4392 secere
1294 4345 1355 4398 quae

92 4403 213 4468 ‘·Quem
236 4415 265 4458 11.
354 4406 406 4441 ¹⁷¹¹*
430 4408 499 4472 quod
564 4411 731 4460 ementitum.
757 4414 780 4461 1.
823 4411 876 4462 Pro
899 4411 937 4462 bis
960 4412 1042 4462 verbis
1064 4418 1195 4479 sapiaentia
1217 4415 1303 4468 adaer.
1324 4419 1353 4464 H.

93 4487 263 4544 Nonnullam
282 4499 339 4543 tam
358 4493 485 4544 acerbam
504 4499 616 4544 mortem
634 4495 784 4558 iudicares,
804 4511 883 4560 quarn
901 4512 956 4547 non
968 4497 1044 4548 obire
1057 4497 1165 4559 malles,
1187 4513 1267 4563 quam
1280 4515 1353 4551 men-

94 4571 159 4624 dacio
175 4583 226 4627 tem
243 4577 415 4643 impudenter
428 4579 589 4629 consinueto
601 4580 686 4629 vitem
700 4583 830 4644 quieuere.
882 4579 904 4612 ²⁸
923 4597 974 4632 non
988 4582 1110 4656 inferas?
1125 4586 1148 4632 1.
1168 4583 1270 4633 inferre
1283 4585 1354 4634 nosti

94 4673 149 4707 corr.
160 4666 185 4710 11.
203 4679 252 4716 aec.
266 4653 298 4712 2.”
311 4664 360 4712 sed
375 4669 418 4710 oui
435 4677 488 4712 non
506 4664 578 4714 nosti
588 4663 745 4713 scribendum
759 4671 801 4712 arri
812 4667 964 4728 procedens
977 4680 1036 4715 eum
1049 4667 1123 4718 elicnt
1135 4669 1275 4720 mutandum
1287 4675 1357 4718 παίω

95 4736 112 4768 ²¹⁴
127 4743 207 4812 teque]
226 4753 253 4798 te
272 4751 297 4798 2.
352 4745 374 4777 ²³
392 4737 491 4810 torique
511 4751 535 4796 1.
588 4747 661 4808 ,Qui
679 4753 707 4795 ll.
752 4747 774 4780 ³⁶
793 4749 934 4816 magister]
953 4750 1001 4801 ille
1021 4751 1191 4816 Lampsrter.
