3410 5524
93 461 206 498 aarum
218 459 254 496 ΑΒ
264 457 410 498 autumatis
422 460 507 499 dtstttt.
515 461 550 496 Π
563 460 673 496 unbbvtt
686 460 785 498 'attacta
798 459 937 496 tumbata
949 459 1172 502 tennemonn.
1186 443 1268 508 (ibis.)
1290 431 1360 504 123

89 633 217 693 panius,
240 614 346 677 'l'nrcae
368 631 459 692 regna
481 620 599 692 petunt;
623 615 692 678 dum
715 632 769 676 nos
790 631 878 693 aprus
900 621 929 676 et
950 632 1067 683 carros,
1091 613 1131 676 illi
1144 616 1242 678 -urbes
1264 621 1293 678 et
1314 633 1360 677 ar·

90 737 134 780 ers
147 717 318 798 dbqueaut3
342 723 371 780 et
391 723 424 779 ιιι
445 708 610 794 iutelligafls
632 723 740 798 quanto
763 717 978 795 praestantiores
992 715 1077 778 nobis
1091 717 1195 779 Traron
1210 723 1361 780 venatores

88 821 153 887 sint.
175 819 246 881 duni
269 835 322 880 nos
344 817 628 897 imbelleslepores,
651 819 770 898 iugaees
791 819 891 880 damas
912 819 1107 897 insequimur.
1130 817 1170 880 ilb
1185 818 1360 898 amplissima

88 939 118 982 ae
139 918 358 1004 opulentissima
379 922 496 984 iuterim
519 921 593 984 Asiae
615 937 706 1000 regna
729 925 887 1000 ceperunt,
910 921 1014 982 Africae
1036 919 1173 1000 laqueum
1194 921 1359 992 induerunt,

71 1039 218 1100 smagnam
245 1023 372 1104 Europae
400 1029 513 1104 partem
536 1023 675 1084 irretitam
698 1027 807 1087 tenent.
852 1009 999 1084 Audemus
1021 1039 1089 1086 cum
1110 1023 1186 1098 istae·
1203 1023 1426 1091 venationetuna.

86 1131 180 1186 nostra
203 1124 340 1188 conterre
362 1125 490 1194 studiat.
504 1124 646 1188 audemus
668 1124 819 1187 irnctuoso
840 1125 886 1186 isti
908 1123 977 1186 ludo
1005 1123 1120 1186 steriles
1144 1131 1261 1186 nostros
1283 1143 1361 1186 come

86 1221 185 1305 parare
200 1225 336 1288 labores?
358 1227 463 1290 luteae
477 1225 554 1288 bella
569 1223 691 1304 gerunt,
714 1243 767 1288 nus
781 1225 923 1295 ludimus;
946 1225 1051 1287 Tureae
1065 1232 1210 1306 regnaut„
1227 1243 1280 1288 nos
1295 1245 1362 1290 oum

86 1329 150 1390 ieris
172 1328 390 1398 condietamm;
413 1328 518 1390 'lurco
539 1329 736 1407 triumphant,
759 1345 814 1389 nos
829 1327 958 1390 convivia
973 1327 1101 1405 agimus:
1125 1328 1226 1408 anquis
1243 1325 1361 1390 ludendi

85 1432 204 1506 nodus?
227 1433 364 1510 ignaviae,
387 1432 519 1493 vanitatis
541 1449 575 1492 ac
597 1429 719 1496 desidias.
736 1429 818 1490 tinis‘t
841 1429 1013 1510 Quanquam
1037 1431 1145 1492 utinam
1160 1429 1223 1498 ista,
1236 1429 1429 1511 ‘qualia-nasu

60 1551 196 1613 romaque
215 1539 302 1605 sunt,
332 1535 429 1614 potius
449 1549 604 1612 ageremus
626 1549 714 1610 quam
736 1549 815 1614 quaa,
823 1529 910 1608 paulo
932 1537 998 1618 ante
1021 1530 1093 1600 dixi.
1123 1531 1228 1610 quibus
1249 1533 1279 1595 in
1301 1533 1360 1594 exi-
1390 1539 1400 1558 ·

85 1637 150 1696 dum
173 1615 338 1700 Germania
360 1654 547 1706 exercemur,
575 1635 692 1714 quaudo
714 1631 925 1711 direptionibus
951 1640 1071 1713 operam
1099 1633 1215 1702 damus,
1244 1634 1360 1713 quaudo

84 1736 237 1807 incendiis,
260 1737 456 1810 devastatione
478 1755 512 1798 aa
533 1735 662 1800 cudibus
683 1733 806 1798 invicem
829 1753 883 1796 nos
897 1735 1105 1812 consumimus,
1148 1735 1185 1798 Et
1207 1741 1277 1798 tone
1295 1737 1360 1816 qui·

83 1839 144 1900 dem
166 1839 257 1902 animi
278 1838 365 1920 nubis
385 1845 515 1910 tument,
540 1840 614 1902 vires
635 1819 832 1907 ostentantur.
861 1855 928 1900 cum
950 1837 1089 1900 Germani
1110 1837 1272 1900 Germanos
1292 1853 1376 1918 perr

85 1941 182 2002 durus.
230 1941 282 2002 sed
312 1947 422 2022 quamn
449 1941 541 2020 magis
563 1931 858 2021 oportuit‘perpetno
880 1939 975 2001 otiari·
992 1957 1079 2017 quam
1101 1940 1144 2002 sie
1165 1939 1252 2038 ⁰le
1268 1957 1358 2019 uago·
1446 1963 1449 1970 ·

13 2074 19 2083 ·
59 2043 164 2104 tatium!
193 2031 508 2121 duuis'superioribus
530 2043 675 2104 devastata
698 2049 742 2104 est
756 2039 886 2110 bavaria,
910 2040 1024 2103 afflicta
1040 2041 1203 2112 armanda,
1227 2013 1428 2114 Geldria,r.us.
1495 2125 1499 2134 ι

84 2143 171 2206 Frisia
193 2154 224 2206 et
245 2144 400 2216 llolandia‚
430 2151 516 2225 atque
544 2146 575 2206 in
604 2144 650 2206 bis
671 2145 773 2224 patriae
794 2141 927 2206 cladibus
947 2145 1056 2206 irruenti
1077 2150 1146 2207 suut
1167 2146 1216 2224 qui
1238 2142 1370 2224 gloriam·

84 2263 193 2327 quoque
216 2247 401 2317 alieniorem
425 2247 599 2327 quasivero
621 2247 807 2324 magnifieum
829 2247 867 2307 sit
887 2246 1011 2324 patriam
1034 2263 1153 2316 verare,
1176 2247 1360 2314 Germaniam

41 2410 46 2420 ,
83 2349 222 2410 intestinis
244 2367 279 2410 an
300 2347 431 2410 altilibus
452 2347 537 2410 bellis
559 2348 721 2412 involvere:
750 2355 779 2409 et
804 2347 894 2410 multi
916 2349 959 2408 sie
979 2347 1135 2426 putabant:
1164 2349 1238 2410 adeo
1259 2367 1358 2412 veram

83 2447 200 2528 gloriam
223 2467 284 2511 nou
306 2451 395 2534 sentit
415 2451 472 2511 boc
487 2441 619 2531 tempore
634 2451 799 2514 Germania.
814 2521 818 2528 ,
842 2449 880 2511 Et
900 2448 1009 2538 similes
1024 2449 1095 2512 mibi
1109 2451 1243 2522 videntur
1257 2452 1426 2523 istius-ram

55 2551 156 2616 umodi
177 2551 496 2634 adeptus-quibusdam
519 2552 599 2615 cibis·
620 2555 685 2632 qui,
714 2559 747 2614 ιιι
773 2552 929 2632 perhibent
956 2551 1077 2622 medici,
1105 2551 1200 2614 nullas
1228 2556 1360 2634 eorporis

83 2661 175 2731 partes
203 2647 301 2734 nepte
329 2662 438 2734 augent
464 2673 559 2734 neque
586 2661 773 2750 conservant,
805 2655 897 2716 ventri
925 2655 1014 2740 modo
1041 2653 1219 2718 inflationem
1241 2655 1358 2718 laniunt.

83 2771 144 2818 nam
166 2755 287 2836 quidam
309 2763 385 2818 sunt
399 2757 533 2820 homiues
554 2759 604 2838 qui
626 2756 758 2820 utnulla
780 2757 910 2819 bdnestaa
932 2757 1025 2820 laudis
1040 2757 1197 2837 eupiditate
1212 2764 1357 2829 tenentur,

82 2855 116 2918 ita
137 2858 215 2922 cirea
240 2877 287 2920 res
309 2857 427 2922 frivolas
448 2865 479 2922 et
497 2859 599 2922 manes
621 2859 767 2922 ambitiosi
789 2867 871 2931 sunt,
901 2859 957 2920 illis
979 2859 1089 2938 ignaris
1111 2857 1232 2930 canibus
1252 2859 1361 2930 similes

83 2961 128 3038 qui
149 2960 229 3022 douai
252 2961 409 3024 adversum
430 2963 546 3024 cicures
567 2961 689 3032 audent,
712 2963 743 3022 in
765 2961 842 3042 sylva
864 2977 902 3023 ue
924 2961 1054 3040 leporem
1077 2961 1195 3040 quidem
1210 2961 1359 3025 albtrant:

56 3077 145 3122 suam
167 3061 219 3124 ubi
242 3063 326 3124 nelos
347 3069 406 3134 est,
433 3061 556 3142 gloriam
579 3063 729 3132 adlectant,
758 3063 810 3126 ubi
830 3064 935 3132 decus,
964 3063 1004 3124 ibi
1031 3082 1100 3124 vern
1128 3061 1358 3128 obdormiscunt

82 3165 116 3222 tt
135 3165 290 3242 magnifiee
320 3163 357 3227 de
384 3165 429 3228 lais
456 3164 617 3245 loqumtnr
638 3163 687 3228 alii
709 3171 738 3228 et
764 3165 939 3228 adulationis
966 3165 1061 3227 studio
1090 3183 1171 3228 arma
1198 3167 1428 3246 virumquetaaa.

83 3275 184 3327 mount
206 3274 238 3328 et
258 3268 380 3330 invictos
400 3267 575 3348 praedicant:
599 3285 673 3347 quos
695 3283 750 3345 ego
772 3267 936 3331 iubeo-ista
958 3267 1105 3330 abstinere
1126 3269 1358 3348 magnificentiaa

82 3367 195 3430 stultum
220 3375 266 3434 est
286 3369 377 3438 enim,
401 3375 556 3449 autequam
577 3369 624 3431 bis
645 3387 716 3432 usus
738 3371 792 3441 sis,
815 3388 896 3432 arma
919 3371 1044 3440 iactare,
1066 3367 1142 3432 vires
1164 3377 1311 3434 ostentare
1325 3389 1359 3432 ao

81 3468 177 3532 manes
199 3469 328 3549 prntlare
351 3469 462 3532 fumos:
486 3472 563 3556 nervi
585 3489 703 3551 quoque
724 3490 791 3534 num
814 3489 924 3534 cornua
944 3471 1073 3534 babeant
1088 3480 1117 3532 et
1131 3470 1280 3534 velonitate
1294 3472 1357 3552 pol·

55 3567 167 3640 oleant,
198 3569 427 3640 nibilominusa
457 3574 576 3636 minutis
598 3581 803 3654 expugnantur
825 3574 940 3636 bestiis:
969 3587 1118 3653 nunquam
1141 3591 1196 3634 nos
1216 3573 1360 3638 timebunt

83 3670 193 3746 anea,
224 3691 274 3738 ras
303 3676 381 3736 enim
399 3689 530 3754 magnas
558 3676 654 3736 sciunt
682 3674 809 3738 consiliis
831 3679 911 3755 geri,
940 3677 1038 3738 sciunt
1059 3675 1216 3740 nononrdia
1238 3684 1268 3738 et
1288 3695 1358 3740 oon·
1414 3705 1417 3714 =

81 3791 163 3836 seusu
184 3795 220 3838 ao
243 3791 314 3856 erga
336 3777 427 3840 duces
449 3775 655 3860 obsequentia
678 3795 743 3857 qun
764 3779 858 3841 donee
875 3799 896 3839 'a
919 3777 1005 3838 nobis
1026 3776 1147 3848 absunt,
1170 3777 1293 3842 desinite
1314 3778 1359 3843 ul·

82 3873 133 3938 lun
154 3883 260 3957 putare
283 3885 342 3940 tam
364 3878 513 3942 imbellem
535 3880 683 3942 nationem
706 3897 771 3958 qum
792 3899 847 3942 nos
868 3882 984 3951 timeat,
1006 3882 1097 3942 immo
1120 3897 1189 3946 raro
1211 3899 1279 3960 ‹ptraa¹
1297 3899 1357 3942 nnn

82 3975 232 4058 aliquando
260 3977 433 4061 oppugnare
464 3982 578 4044 audeat.
621 3981 722 4063 Neque
751 3989 847 4044 tamen
877 3981 993 4053 dubito.
1031 3983 1195 4062 principes,
1227 3983 1425 4052 monimntum.

55 4079 194 4144 ninterim
222 4081 304 4144 vobis
332 4082 445 4163 aliquos
474 4084 662 4163 promittere,
699 4090 732 4145 ut
760 4083 854 4147 simile
883 4085 1020 4164 quiddam
1049 4085 1200 4164 contingat
1226 4087 1261 4146 iis
1290 4105 1355 4166 qun
1419 4129 1422 4138 ·

82 4181 107 4242 in
132 4185 254 4246 somniis
282 4184 429 4254 videmus;
448 4192 492 4274 nt
511 4187 596 4248 'enim
619 4186 745 4249 maxime
772 4186 905 4248 distantia
940 4186 1111 4249 brevissimo
1139 4187 1179 4250 ibi
1209 4196 1357 4250 momento

82 4285 230 4378 eoniappcta
268 4285 424 4358 habemus,
461 4305 557 4382 neque
593 4287 683 4350 ullam
718 4285 851 4350 locorum
877 4295 935 4372 aut
966 4297 1134 4369 temporum
1167 4289 1357 4353 differentiam

81 4394 254 4462 specuum,
290 4388 341 4450 ita·
356 4387 421 4450 illos
449 4388 538 4452 eredo
567 4391 597 4450 in
625 4389 729 4452 mediis
753 4388 816 4452 istis
843 4390 1125 4482 compotationibus,
1160 4392 1189 4452 in
1222 4395 1358 4456 onndviis

141 4589 312 4677 ⁴'oeperunt
326 4611 350 4659 1.
413 4605 435 4642 ¹⁴
452 4609 539 4661 ooieri
558 4612 582 4660 1.
605 4611 751 4676 negocium
769 4613 792 4660 l.
855 4609 879 4643 ²⁸
901 4626 978 4665 erma
1000 4609 1151 4678 virumque]
1180 4614 1197 4663 t.
1215 4627 1238 4662 e.
1253 4614 1356 4677 prndi-
1415 4595 1422 4604 ’

84 4697 198 4746 matta
220 4700 247 4744 ut
270 4697 408 4748 enormen
429 4697 568 4748 Ariandos.
642 4693 664 4728 ²²
686 4697 740 4748 Pro
758 4696 833 4758 Quos
857 4711 908 4762 ego
930 4696 1010 4748 iubeo
1033 4698 1104 4748 atiud
1123 4699 1239 4762 peronae
1255 4703 1285 4748 11.
1311 4697 1356 4747 ad-

81 4785 128 4830 aot.
140 4781 165 4832 4.
188 4779 313 4834 Fortem
329 4785 448 4846 respexit
465 4781 501 4832 ad
517 4780 630 4845 Neptuni
647 4779 730 4844 ‘Quos
749 4784 808 4848 ego'
827 4797 870 4847 op.
888 4783 966 4848 Verp.
979 4783 1045 4832 Aen.
1059 4781 1082 4834 1.
1097 4780 1154 4835 135.
1236 4779 1240 4792 ’
