3468 5512
350 461 423 534 468
444 493 565 528 svrrrsr
580 493 614 528 ns
628 491 743 529 ut'sracr
758 491 853 531 usuro.
863 493 897 528 rr
907 491 1001 556 uosso
1011 491 1093 528 oica.
1105 491 1161 528 crs.
1175 491 1225 535 rrm
1235 491 1365 528 uusssss
1377 491 1492 528 nassas.
1503 491 1558 526 cie.
1569 491 1619 526 nx.

349 651 468 709 omnino
491 650 527 713 in·
543 647 698 726 voluptatis
720 664 812 726 regno
834 649 970 709 virtutem
992 666 1079 727 posse
1102 649 1286 714 consistere:
1309 663 1506 724 magnamque
1522 645 1624 706 baben·

349 753 414 811 dam
437 752 579 811 senectuti
602 752 726 828 gratiam
747 759 863 819 censet,
887 768 952 828 quaa
975 751 1105 810 effecerit
1126 756 1159 810 ut
1181 767 1240 809 non
1255 747 1361 809 liberet
1375 747 1453 827 quod
1470 766 1528 808 non
1543 767 1625 826 opor·

319 859 325 874 ’
349 859 439 912 teret:
463 851 704 930 ‘bnpedittenim'
727 853 823 931 inquit
846 839 1010 912 ‘consilium
1034 851 1176 930 voluptas,
1199 852 1306 912 rationi
1328 851 1454 918 inimica,
1477 869 1513 909 ao
1527 851 1625 908 mentis

349 955 527 1032 praestringit
549 953 664 1021 oculus,
689 965 744 1014 uec
766 951 855 1013 babet
876 951 969 1012 ullum
991 971 1058 1014 cum
1081 955 1188 1013 virtute
1210 951 1439 1013 commercium'.
1485 953 1625 1029 igiturque

349 1043 424 1116 bene
447 1073 513 1116 cum
537 1055 655 1116 senibus
677 1056 723 1131 agi
745 1063 842 1132 putat,
866 1055 946 1133 quod
969 1073 1035 1114 oum
1059 1061 1179 1114 careant
1201 1051 1294 1131 epulis
1310 1056 1511 1131 arbustisque
1526 1055 1643 1112 merrdss

349 1155 604 1236 etfrequentibus
625 1155 753 1236 poculis,
778 1158 893 1216 interim
916 1155 1072 1217 vinolentia
1095 1174 1213 1235 quoque
1230 1163 1363 1226 careant,
1387 1154 1533 1216 cruditate
1547 1163 1575 1214 et
1588 1156 1626 1212 iu

351 1260 481 1327 somniis,
505 1277 570 1336 quae
592 1261 675 1318 istam
700 1263 919 1336 corrsequuntur
942 1256 1073 1318 mollitiei
1096 1257 1317 1336 indulgentiam.
1362 1255 1467 1318 ‘Morbi
1490 1275 1526 1317 er
1548 1257 1627 1315 satie·

280 1368 412 1433 unitate
433 1361 520 1420 nimia
544 1359 736 1420 concitantur'
758 1361 851 1438 inquit
873 1359 1078 1439 Hieronymus.
1123 1359 1233 1420 Scitum
1262 1367 1307 1420 est
1328 1357 1385 1420 boc
1407 1359 1559 1420 erriusdam
1580 1375 1626 1418 uo

349 1463 448 1521 stratis
471 1460 577 1522 medici
600 1463 649 1540 qui
673 1479 740 1522 cum
763 1479 842 1540 aegro
865 1461 980 1521 cuidam
1004 1463 1053 1540 qui
1076 1467 1190 1522 veteres
1212 1463 1241 1520 in
1265 1459 1342 1521 tibiis
1364 1460 1520 1522 fluctiones
1541 1461 1626 1539 patie-

350 1563 436 1624 batur
458 1563 641 1644 mederetuq,
671 1569 757 1641 atque
784 1565 808 1622 is
836 1561 965 1641 crapulae
988 1570 1064 1623 esset
1086 1561 1201 1623 deditus
1225 1570 1254 1623 et
1276 1562 1391 1622 fortiter
1414 1561 1547 1632 biberet,
1574 1580 1652 1620 neca

349 1667 445 1725 minus
467 1673 564 1725 tamen
580 1671 756 1742 quereretur
771 1663 843 1723 nibil
859 1663 1003 1740 proficere
1019 1662 1224 1734 medicamina,
1248 1667 1319 1744 quin
1335 1662 1426 1724 multo
1442 1666 1531 1724 etiam
1546 1682 1626 1743 quarn

351 1787 366 1827 a
390 1766 534 1846 principio
557 1767 649 1843 magis
672 1766 764 1827 fluere
786 1764 903 1840 ulcera,
934 1747 999 1826 ‘ista
1023 1766 1150 1844 quidem'
1178 1767 1272 1844 iuquit
1299 1765 1401 1826 ‘fluere
1432 1766 1581 1832 desinent,
1606 1765 1626 1822 si

283 1875 384 1938 quein
407 1868 562 1928 infundere
585 1866 718 1928 desinas'.
763 1865 891 1926 Galenus
914 1866 1061 1936 athletas,
1090 1885 1216 1947 quorum
1245 1868 1301 1927 vita
1328 1873 1357 1927 et
1383 1885 1431 1927 ars
1458 1869 1627 1943 saginaret

354 1989 408 2030 nec
432 1971 528 2030 virere
551 1989 637 2048 posse
660 1971 723 2039 diu,
753 1987 808 2029 nec
830 1987 918 2028 mnus
941 1969 1012 2029 esse'
1035 1968 1123 2036 dicit,
1154 1971 1334 2046 ‘animasque
1357 1987 1461 2028 eorum
1483 1970 1523 2028 ita
1547 1969 1628 2029 nimio

350 2073 491 2148 sanguiue
514 2079 542 2132 et
564 2071 699 2150 adipibus
720 2073 803 2148 quusi
824 2070 886 2130 luto
908 2069 1052 2132 involutas
1074 2070 1144 2130 nibil
1167 2069 1296 2138 caeleste,
1319 2069 1369 2130 sed
1385 2087 1503 2147 semper
1518 2071 1555 2129 de
1570 2087 1657 2128 car-n

281 2172 439 2244 §.sonibus
462 2181 490 2232 et
512 2181 597 2232 ructu
621 2193 655 2233 ac
678 2175 787 2234 ventris
804 2164 936 2248 ingluvie
958 2173 1106 2249 cogitsre'.
1144 2173 1261 2252 Antiqui
1284 2171 1407 2232 Romani
1431 2189 1561 2232 mensam
1584 2189 1627 2230 ne·

353 2277 510 2335 cessariam
534 2273 675 2334 vocabant
697 2293 762 2352 quae
786 2275 880 2333 tenuis
903 2283 979 2335 esset
1002 2283 1029 2336 et
1052 2275 1139 2350 frugi.
1185 2283 1214 2334 et
1235 2273 1314 2352 apud
1329 2275 1447 2334 Graecos
1470 2273 1563 2332 literis
1577 2271 1628 2332 cla·

280 2394 453 2444 terrorum
478 2377 608 2436 virorum
631 2376 782 2436 decantata
807 2383 851 2436 est
879 2369 1069 2454 ὀλιγοσιτία.
1114 2375 1212 2444 Essei,
1240 2375 1387 2452 quoddam
1416 2375 1493 2453 apud
1524 2383 1628 2434 veteres

351 2631 392 2696 beq
409 2633 437 2682 bi
458 2631 514 2683 trin
534 2639 619 2693 tonent
638 2630 720 2692 buton
738 2643 807 2694 mon,
825 2635 853 2682 bt
873 2644 896 2682 rs
914 2631 975 2683 often
992 2620 1066 2693 risten
1085 2640 1124 2681 ror
1142 2629 1251 2694 bintus,
1271 2625 1307 2682 mi
1324 2628 1354 2692 iit
1371 2635 1413 2681 bct
1430 2628 1557 2694 annunti
1569 2629 1624 2685 lunt

280 2723 339 2771 gns.
350 2715 468 2766 stiterunt
489 2719 516 2776 ts
540 2715 640 2777 neusin,
664 2718 704 2778 bot
728 2717 783 2778 out)
797 2715 862 2767 ¹tutu
887 2712 1058 2780 neuriniqoit
1076 2713 1179 2766 mittut
1198 2719 1309 2778 tunensi.
1345 2711 1428 2776 borni
1447 2715 1536 2777 ninnn
1558 2723 1656 2776 urrann

283 2809 299 2856 a,
308 2808 340 2848 aa.
351 2792 380 2862 31⁰1
397 2804 448 2852 bem
471 2797 543 2862 tntu
566 2799 655 2863 incon.
679 2795 779 2861 fictitius
801 2799 840 2852 uir
863 2797 927 2863 niti,
950 2799 974 2864 in
995 2795 1085 2862 tleiirnt
1106 2799 1154 2859 bid)
1175 2799 1214 2849 ste
1235 2797 1300 2862 itii.
1338 2798 1454 2850 Ontrnm
1477 2799 1625 2862 turibium

281 2884 398 2945 ganists
414 2890 458 2936 bos
474 2883 536 2946 uicit
553 2882 624 2946 iiten
642 2884 681 2936 nit
705 2888 763 2948 toan
786 2885 851 2937 trien
875 2879 952 2946 mini.
988 2885 1033 2947 pte
1056 2887 1106 2936 otti
1124 2879 1216 2934 itiner
1239 2888 1313 2946 namt
1336 2882 1380 2934 tin
1398 2879 1492 2946 melitii
1513 2883 1571 2949 sitq
1592 2897 1627 2944 p·

282 2968 437 3036 nentrum,
472 2965 541 3030 §tub
559 2968 620 3033 [rint
637 2968 675 3020 sir
693 2963 789 3032 liticen
806 2965 887 3032 frume
904 2968 978 3021 iuben
996 2981 1043 3021 usn
1062 2965 1165 3032 intents
1187 2968 1265 3030 nituit
1289 2971 1366 3020 nnn?
1386 2974 1431 3018 bos
1454 2967 1537 3030 tentio
1557 2966 1628 3030 tetum

417 3186 425 3220 ¹
444 3184 547 3254 magn]
571 3188 607 3240 of.
622 3187 681 3242 Cio.
695 3187 713 3240 l.
726 3205 749 3239 o.
768 3187 806 3240 ll.
824 3187 904 3250 13‚tt.
917 3195 946 3240 et
961 3181 1056 3252 ll,tt.'
1094 3186 1104 3218 ³
1121 3185 1224 3254 inquit]
1239 3186 1255 3237 l.
1270 3203 1294 3236 o.
1311 3187 1391 3248 1⁶2,t·r.
1443 3187 1455 3218 ⁴
1473 3188 1626 3253 perstringit

349 3275 406 3324 edd.
460 3273 628 3322 commertiis.
650 3275 704 3324 dd.
762 3270 882 3341 tpnsat]
903 3273 1030 3324 Cio.l.o.
1046 3271 1124 3332 libat.
1144 3273 1299 3334 „Quomum
1317 3273 1402 3338 igitur
1418 3277 1478 3322 tom
1497 3272 1579 3322 multa
1596 3273 1624 3320 de
1661 3269 1664 3274 ’

348 3358 504 3422 voluptate,
525 3358 588 3422 quis
606 3373 660 3407 nou
678 3357 757 3408 modo
775 3358 942 3423 vituperatio
960 3357 1049 3418 nulls,
1068 3357 1116 3408 sed
1135 3357 1218 3407 etism
1237 3371 1342 3406 summas
1354 3357 1414 3406 lsus
1426 3359 1578 3408 senectutis
1590 3363 1625 3406 est

349 3441 420 3507 quod
444 3457 478 3491 es
501 3441 658 3507 voluptates
681 3441 772 3492 nullos
797 3457 963 3508 magnopere
987 3442 1143 3492 desideret?
1171 3441 1207 3491 nt
1235 3447 1312 3491 caret
1335 3441 1422 3507 epulis
1446 3443 1624 3506 extractisque

351 3527 452 3576 mensis
472 3531 499 3574 et
519 3527 707 3592 frequentibus
725 3525 840 3592 poculis.
877 3525 962 3576 Caret
980 3543 1044 3592 ergo
1064 3529 1148 3577 etiam
1165 3527 1318 3577 vinolentis
1337 3533 1364 3576 et
1386 3525 1524 3576 erudiisse
1547 3534 1575 3576 et
1590 3528 1624 3574 iu·

349 3611 488 3662 somniis.’'
534 3611 545 3643 ⁷
562 3611 769 3677 indulgentiam,
790 3611 876 3662 morbi
889 3611 948 3661 edd.
996 3611 1006 3642 ⁸
1024 3609 1192 3676 Hieronym]
1207 3611 1269 3661 adv.
1283 3611 1419 3662 tovmtsn.
1434 3607 1624 3676 tonantio.

350 3697 392 3746 ed.
405 3695 496 3758 biart.)
551 3695 569 3728 ¹¹
590 3701 758 3760 quaereretur
775 3699 800 3746 2.
855 3695 876 3728 ¹⁸
893 3690 1003 3761 Galen]
1024 3697 1160 3762 Protrept.
1176 3694 1263 3745 tull.
1283 3694 1387 3758 (Kiibn.
1400 3697 1423 3746 l.
1435 3711 1462 3762 p.
1475 3693 1567 3744 sust
1579 3693 1624 3758 sq.)

349 3780 438 3830 locum
458 3795 490 3828 sn
508 3781 675 3844 Hieronymo
693 3779 711 3830 l.
726 3797 749 3830 o.
764 3783 879 3846 sumpsit
891 3782 1037 3830 Huttenus.
1092 3779 1111 3812 ¹⁵
1130 3780 1241 3830 celeste.
1255 3782 1280 3830 2.
1339 3778 1359 3811 ¹⁸
1378 3779 1520 3830 ‘mensem'
1539 3793 1624 3830 neces·

349 3865 450 3914 sariam
468 3879 511 3914 me
530 3863 622 3929 legere
640 3879 694 3913 non
713 3865 836 3927 memini,
862 3867 985 3930 quumvis
1009 3865 1079 3914 bens
1097 3865 1198 3914 Latino
1217 3864 1272 3914 dici
1290 3865 1389 3929 possit:
1413 3881 1477 3926 uam
1498 3867 1624 3916 ‘necessu

349 3951 427 3998 rium’
446 3954 489 3999 est
551 3950 675 4000 sinteino
700 3965 750 4014 quo
773 3949 829 3999 vivi
852 3965 906 3999 non
929 3951 1016 4014 possit
1039 3955 1087 4000 eut
1107 3951 1166 4000 sine
1183 3965 1242 4014 quo
1265 3964 1319 4000 non
1338 3950 1408 4000 bene
1426 3951 1541 4000 vivetur
1552 3955 1585 3999 ..”
1601 3953 1624 3996 nt

351 4038 394 4082 est
411 4049 455 4099 sp.
469 4034 542 4085 Fest.
556 4033 583 4083 h.
596 4051 622 4082 v.
692 4031 712 4066 ¹⁸
731 4025 848 4102 diaron]
874 4034 1034 4099 frugalitas,
1059 4034 1158 4084 edendi
1177 4035 1358 4084 continentis.
1389 4031 1622 4085 Gf.Aristot.Pol

351 4119 386 4167 11.
403 4117 440 4168 to.
454 4135 480 4183 p.
496 4119 568 4169 1272.
587 4118 676 4168 Bekk.
727 4119 752 4179 ᾖ,
765 4117 818 4184 bt]
839 4121 1009 4182 Hieronymus
1026 4121 1082 4170 aas.
1097 4119 1220 4170 Ioaininn.
1233 4120 1269 4170 11.
1283 4119 1322 4171 ll.
1335 4119 1421 4184 (le.
1434 4115 1494 4168 343.
1507 4121 1549 4169 ed.
1563 4119 1624 4168 Mor·

351 4202 424 4266 tian.)
444 4203 611 4269 „Iosephus”
629 4207 666 4254 ait
684 4203 733 4266 „in
751 4203 872 4253 secunda
891 4203 1011 4254 ludaioae
1030 4204 1204 4268 captivitatis
1227 4203 1343 4253 historio
1367 4208 1395 4254 et
1417 4203 1447 4254 in
1470 4209 1569 4255 octeno
1586 4203 1623 4252 de·
1718 4213 1719 4260 ξ

352 4287 422 4337 clmo
441 4287 641 4352 Antiquitatum
661 4287 730 4338 libro
749 4292 777 4338 et
800 4293 897 4338 eontra
914 4289 1065 4353 Appionsm
1089 4287 1192 4338 duobus
1216 4287 1400 4338 voluminibus
1423 4287 1478 4338 tris
1500 4285 1624 4338 describit
1718 4289 1719 4312 ¹

353 4371 482 4435 dogmate
503 4371 669 4438 iudeorum,
692 4374 862 4436 Pharisaeos,
887 4373 1066 4436 Sadducaeos,
1091 4373 1227 4424 Essaenos.
1247 4385 1358 4437 quorum
1376 4373 1541 4422 novissimos
1558 4371 1623 4422 mins

309 4451 312 4459 '
353 4455 433 4505 effert
449 4455 588 4514 lendibus,
608 4457 677 4521 quod
692 4462 725 4522 vet
742 4457 776 4507 ab
794 4457 923 4508 uxoribus
943 4463 970 4506 et
987 4459 1051 4509 vino
1069 4463 1098 4507 et
1115 4457 1243 4510 carnibus
1261 4473 1369 4524 semper
1387 4456 1584 4520 abstinuerint,
1601 4461 1623 4503 et

353 4541 540 4604 quotidianum
557 4541 687 4590 ieiunium
705 4543 840 4593 verterint
855 4543 884 4592 in
901 4535 1054 4596 naturam'.
1090 4543 1136 4592 Ad
1156 4537 1226 4608 que'nr
1248 4547 1325 4593 lorum
1343 4543 1481 4592 Buranun
1503 4542 1622 4606 respiat*

352 4627 575 4689 manifestarunt,
600 4627 733 4690 quodynon
749 4628 855 4690 fecisset
876 4629 900 4677 si
917 4627 1102 4678 Martianmnni
1124 4631 1235 4692 exempti
1255 4627 1418 4677 adnotatione
1441 4627 1479 4674 uti
1498 4628 1620 4690 manuel.
1717 4637 1718 4662 ³

352 4711 413 4761 dno:
431 4709 543 4760 ‘Nullibi
560 4709 703 4775 Iosephus,
722 4711 820 4761 nedum
838 4709 908 4760 libro
927 4716 1022 4761 contro
1039 4693 1197 4776 Appionem,
1217 4713 1336 4786 Essqnos
1353 4711 1437 4760 trudit
1454 4711 1519 4760 vino
1531 4716 1621 4760 etesr·

351 4796 431 4846 nibus
449 4795 613 4846 abstinuisse
632 4799 680 4844 aut
697 4797 817 4862 quotidie
830 4797 980 4857 ieiunasso3
1000 4799 1081 4846 immo
1094 4797 1257 4847 contrarium
1270 4797 1350 4846 docet
1361 4795 1432 4846 libro
1443 4795 1478 4846 ΙΙ.
1497 4795 1530 4846 de
1543 4793 1620 4846 Bello
