3382 5516
351 421 424 493 246
461 451 644 490 uururnrtnr
658 451 694 486 tn
707 450 821 488 usensis
834 452 860 486 x.
874 451 909 486 ns
923 451 1052 488 avanano
1062 452 1153 488 crisa.
1168 453 1194 488 n,
1208 452 1272 488 arc.
1284 451 1363 490 vrso.
1376 446 1600 490 uehementes.

417 673 592 725 Ponendotum
613 675 714 738 pallido
736 677 834 742 papim
852 676 950 740 poscit:
977 675 1046 725 inter
1067 676 1114 726 hoa
1137 678 1221 741 saque
1244 677 1375 726 orationes
1396 678 1489 742 legatur
1511 678 1537 726 iis
1555 681 1605 742 ipsis

347 761 406 824 fare
424 759 512 826 qulbus
529 760 584 810 hem
601 757 694 809 habitae
710 767 768 810 cunt
785 760 873 810 diebits
889 776 906 809 c
924 760 1101 810 Mucimlh'ono
1119 761 1155 810 ad
1167 763 1311 824 pontificem
1325 761 1551 826 tiramuscam
1564 764 1606 826 epi·
1642 807 1649 828 ,

349 847 428 908 nota,
448 859 483 896 ex
496 843 590 896 Bzont'o
609 841 840 910 (limndlhsq.)
858 847 1026 910 transcripta.

435 949 593 1006 beatissime
616 958 707 1025 pater,
730 950 838 1006 domine
861 933 1092 1011 reverendissime.
1126 950 1285 1025 Accepimus
1308 967 1362 1008 uon
1377 951 1443 1008 adeo
1458 950 1606 1008 multosanta

350 1035 409 1092 dies
433 1035 565 1109 quendam
588 1036 699 1092 tratrem
722 1035 949 1109 Augustinianum
972 1035 1115 1092 llartinum
1137 1035 1287 1093 botherum
1309 1053 1363 1092 non
1378 1035 1465 1092 nullas
1482 1035 1608 1092 conclusio

351 1137 400 1177 nes
422 1121 449 1176 in
472 1120 583 1176 materia
605 1117 844 1194 indulgentiarum
858 1120 1022 1178 scholastico
1044 1135 1127 1178 more·
1146 1121 1328 1178 discutiendas
1355 1120 1546 1183 disseminasse,
1571 1137 1609 1177 uec

352 1221 407 1262 non
423 1205 450 1260 in
469 1203 691 1263 conclusionibus
706 1205 763 1262 suis
778 1205 853 1262 etde
868 1223 898 1261 ea
914 1223 944 1262 re
967 1213 994 1262 et
1015 1205 1048 1262 de
1070 1205 1095 1260 vi
1109 1203 1320 1279 apostolicarum
1335 1206 1610 1264 excommunicationum

353 1289 468 1364 plurima
488 1290 630 1352 docuisse,
655 1292 681 1348 in
705 1291 804 1365 quibus
826 1291 955 1347 damnosa
977 1298 1005 1347 et
1026 1291 1153 1348 heretica
1175 1289 1306 1366 pleraque
1328 1291 1481 1354 videantur,
1502 1299 1571 1366 atque
1587 1309 1612 1346 ea

353 1391 424 1431 nirrrc
446 1391 495 1449 per
517 1376 677 1449 nagistrum
700 1377 769 1434 sacri
792 1376 874 1432 vestri
896 1375 990 1450 palatii
1013 1383 1105 1431 nouta
1128 1391 1198 1432 esse.
1241 1374 1307 1443 Qun
1328 1393 1374 1432 res
1395 1376 1474 1433 nobis
1495 1375 1611 1448 senagis

352 1460 506 1533 displicuit,
530 1478 585 1534 quo
608 1461 773 1536 pertinacius
797 1461 885 1518 dictus
909 1461 1006 1522 irater,
1031 1469 1061 1516 nt
1084 1461 1172 1518 edocti
1195 1475 1301 1524 sumus,
1324 1460 1456 1520 doctrinae
1477 1461 1612 1518 sna-inhe

300 1601 305 1610 ,
352 1561 414 1601 rere
436 1552 518 1618 atque
540 1545 694 1620 complures
717 1562 840 1604 errorum
863 1561 976 1602 suorum
998 1545 1157 1602 defensores
1179 1554 1207 1603 ct
1228 1555 1376 1620 patronos,
1400 1546 1480 1606 etiam
1500 1555 1611 1621 potentes

353 1638 540 1704 consequutus
562 1648 622 1687 esse
636 1631 744 1688 dicitnr.
782 1631 880 1688 iberum
895 1647 956 1687 cunr
972 1639 1105 1705 suspectae
1121 1631 1285 1687 assertiones
1301 1639 1328 1688 et
1343 1631 1496 1706 periculosa
1508 1632 1610 1704 dogmata

353 1732 368 1770 a
391 1714 497 1770 nemine
519 1714 630 1779 melius,
653 1718 755 1773 rectius
777 1724 805 1772 ct
826 1715 916 1772 verius
938 1715 1077 1774 diiudicari
1100 1723 1201 1790 queant
1222 1733 1302 1790 quam
1324 1733 1338 1772 a
1361 1717 1610 1776 beatitudinevestn.

354 1816 415 1873 quae
437 1799 496 1856 sola
518 1808 548 1858 ut
570 1808 663 1875 potest
685 1802 720 1858 ita
743 1801 824 1858 debet
845 1817 970 1859 vanarum
994 1801 1192 1876 questionum.
1221 1801 1430 1887 sophisticarum
1452 1803 1574 1858 rationum
1591 1809 1611 1854 et

353 1883 528 1942 verliosarum
550 1887 755 1942 contentionum
777 1894 887 1942 autores
910 1903 1096 1960 compescere,
1126 1885 1224 1960 quibus
1253 1885 1457 1961 pestilentiores
1478 1886 1611 1942 Christiana

353 1969 448 2043 pietati
471 1969 539 2026 nulli
561 1971 750 2044 contigerunt,
780 1972 833 2028 huc
863 1979 966 2027 tantum
995 1979 1148 2045 spectante,
1177 1979 1208 2026 ut
1236 1971 1308 2043 quod
1338 1972 1390 2045 ipsi
1417 1971 1570 2031 didicerunt,
1592 1969 1611 2024 id

352 2053 440 2110 solum
463 2054 595 2112 habeatur
616 2056 643 2112 in
666 2058 772 2130 precio:
795 2057 868 2131 equod
890 2073 954 2112 vero
977 2061 1005 2111 et
1026 2055 1171 2130 praesentis
1193 2054 1285 2112 saeculi
1306 2056 1474 2113 eruditorum
1489 2071 1612 2113 cousensus

296 2203 298 2206 ¹
352 2147 379 2196 et
401 2140 445 2214 pie
467 2149 546 2196 antea
569 2140 596 2196 in
619 2141 728 2197 Christo
750 2141 941 2198 defunctorum
963 2139 1075 2197 candida
1096 2149 1125 2196 et
1147 2139 1232 2197 solida
1260 2140 1383 2197 doctrina
1410 2141 1571 2216 comprobat,
1593 2137 1611 2192 id

350 2239 466 2298 prorsus
489 2225 642 2282 reiiciatur:
672 2233 746 2283 extat
767 2243 831 2282 saue
854 2234 1040 2299 pervetustum
1063 2225 1195 2300 pontificii
1217 2233 1327 2282 senatus
1355 2226 1492 2283 decretum
1517 2226 1547 2281 de
1564 2241 1613 2280 cou-

350 2309 495 2366 stituendis
517 2311 690 2374 doctoribus,
714 2312 740 2368 in
765 2328 819 2384 quo
842 2309 875 2366 de
898 2311 1046 2384 sophistice
1069 2326 1202 2384 nusquam
1225 2327 1352 2384 umquam
1371 2311 1512 2386 quicquam
1525 2317 1612 2367 motuni

349 2402 406 2456 cst,
435 2395 488 2451 nisi
511 2397 584 2470 quod
606 2396 658 2452 ista
681 2395 708 2452 in
730 2395 848 2452 decretis
870 2403 1000 2452 vocantur
1023 2395 1050 2450 in
1072 2395 1198 2458 dubium,
1227 2404 1317 2452 utrum
1346 2395 1387 2452 ias
1416 2396 1453 2452 sit
1481 2413 1510 2452 ea
1529 2395 1613 2452 discere

350 2495 399 2536 nee
422 2496 470 2542 nc,
500 2488 527 2538 et
554 2480 653 2539 borum
680 2481 801 2538 studium
828 2499 843 2536 a
865 2479 958 2536 multis
986 2489 1015 2536 et
1035 2480 1140 2553 magnis
1162 2479 1323 2536 authoribus
1351 2480 1525 2555 improbatur.
1563 2479 1612 2533 Con

350 2563 436 2638 igitur
457 2563 530 2638 quod
553 2565 712 2639 pontificum
736 2565 888 2623 authoritas
911 2565 991 2622 iussit
1013 2563 1176 2639 negligitur,
1205 2573 1232 2621 ct
1254 2566 1286 2621 de
1309 2582 1364 2640 qno
1387 2565 1547 2626 dubitatum,
1572 2564 1612 2618 ino

351 2649 422 2723 quod
452 2649 635 2724 improbatum
662 2659 717 2713 est,
751 2651 778 2707 id
806 2649 896 2707 solum
925 2651 1070 2726 recipitur,
1099 2667 1209 2706 neccsse
1237 2659 1279 2706 est
1306 2649 1441 2707 interdum
1469 2647 1612 2707 haiiucimri.

349 2734 484 2790 somniare
507 2743 535 2792 et
556 2735 683 2792 cecutire
705 2736 852 2809 magistros
873 2733 952 2798 illos,
976 2735 1074 2808 quibus
1097 2734 1122 2790 id
1145 2752 1227 2792 unum
1249 2734 1364 2792 debetur
1386 2736 1458 2809 quod
1479 2751 1529 2791 nou
1543 2733 1612 2790 solun

349 2817 480 2875 hactenus
502 2819 630 2876 doctores
654 2819 687 2876 ab
709 2819 822 2878 ecclesia
844 2820 948 2894 recepti
971 2819 1115 2876 solidiores
1138 2837 1192 2876 noo
1213 2819 1292 2884 lecti,
1321 2819 1367 2876 scd
1395 2819 1518 2896 plerique
1538 2819 1613 2892 depra-

348 2903 402 2959 vati
424 2912 489 2960 sunt
510 2914 592 2978 atque
616 2903 703 2961 mutili
726 2905 833 2962 redditi.
871 2913 1005 2962 taceamus
1028 2905 1071 2961 his
1094 2905 1252 2961 auctoribus
1274 2903 1425 2979 pullulasse
1447 2903 1527 2979 longe
1539 2902 1613 2979 pluras

260 3011 263 3018 ⁴
349 3005 428 3061 qnam
451 3006 576 3063 umquam
598 2991 737 3046 damnatas
760 2991 843 3048 luisse
865 2991 999 3054 haereses:
1030 2999 1165 3047 taceamus
1187 2989 1404 3048 lieuchliniauam
1434 2989 1612 3047 infamationem

348 3080 376 3128 et
397 3090 469 3130 nunc
492 3083 653 3148 praesentem
682 3077 751 3134 hanc
772 3075 1031 3150 periculosissimam
1057 3075 1090 3131 de
1119 3075 1296 3149 indulgentiis
1323 3083 1405 3149 atque
1427 3075 1545 3132 censuris
1564 3088 1612 3146 apo

245 3171 248 3176 ·
349 3157 453 3214 stolicis
476 3158 701 3233 disceptationem
723 3161 766 3218 his
788 3161 951 3236 perniciosis
973 3159 1117 3218 autoribus
1146 3160 1172 3215 in
1199 3161 1329 3217 mundum
1355 3177 1507 3218 emanasse:
1534 3157 1613 3234 quibus

347 3242 399 3299 uisi
422 3241 598 3302 beatitudinis
621 3255 717 3303 vestrae
739 3255 767 3302 et
788 3245 1075 3302 reverendissimorum
1097 3252 1205 3319 patrum
1232 3245 1364 3302 autoritas
1391 3245 1481 3320 legem
1502 3244 1613 3316 tumque

348 3327 521 3402 imposuerit,
545 3329 618 3387 brevi
640 3347 696 3386 non
719 3331 807 3388 solum
837 3331 969 3405 imperita
997 3329 1177 3394 multitudini,
1205 3330 1253 3387 sed
1280 3338 1309 3386 et
1335 3331 1489 3406 principum
1515 3330 1612 3386 virorum

348 3411 400 3468 sibi
422 3431 515 3470 auram
537 3424 566 3473 et
587 3417 706 3472 favorem
730 3417 758 3474 in
781 3423 901 3473 mutuam
923 3416 1069 3490 perniciem
1092 3413 1301 3490 comparabunt:
1325 3415 1425 3490 quibus
1447 3415 1471 3473 si
1493 3413 1613 3472 conciren-

347 3497 420 3554 tibns
443 3498 530 3556 oculis
552 3518 663 3576 campus
680 3509 791 3577 apertus
807 3509 888 3575 atque
904 3499 974 3557 liber
988 3501 1153 3564 dimittatur,
1177 3500 1299 3556 futurum
1315 3509 1411 3564 estut,
1429 3498 1611 3576 quodomnium
1637 3489 1640 3500 '

346 3583 460 3640 inarime
484 3585 512 3641 in
535 3587 605 3643 votis
628 3585 741 3649 hahent,
764 3603 814 3660 pro
838 3585 949 3660 optimis
972 3594 999 3659 et
1021 3584 1198 3642 sanctissimis
1220 3586 1379 3642 doctoribus
1401 3587 1516 3642 istorum
1531 3581 1612 3640 nenias

347 3685 404 3741 pras
427 3668 514 3726 oculis
536 3669 636 3727 habore
658 3679 774 3745 cogatur
798 3679 871 3728 totus
894 3670 1020 3727 muudus.
1065 3669 1127 3727 llaec
1149 3687 1200 3745 pro
1223 3669 1355 3745 singulari
1378 3680 1473 3728 nostra
1495 3671 1521 3726 in
1540 3667 1612 3724 sedeur

346 3753 524 3827 apostolicam
548 3757 698 3812 reverentia
721 3755 882 3813 beatitudini
906 3765 1001 3813 vestrae
1023 3755 1246 3828 significavimus,
1269 3764 1300 3812 ut
1321 3756 1464 3814 sinceritas
1486 3752 1612 3811 Christiana

345 3837 499 3894 huiusmodi
527 3841 678 3897 temerariis
706 3839 937 3915 disputationibus
967 3848 994 3897 et
1016 3840 1145 3916 captiosis
1172 3841 1340 3914 argumentis
1374 3857 1431 3898 non
1467 3841 1569 3898 laedatur
1591 3840 1612 3890 et

345 3923 555 3984 scandalizetur:
579 3942 629 3982 nos
652 3926 723 3982 enim
747 3926 874 4000 quicquid
897 3925 1044 4000 superbis
1066 3933 1158 3982 sancte
1181 3927 1321 3990 statuerit,
1351 3925 1379 3982 in
1402 3926 1514 4002 imperio
1534 3929 1611 3979 nostro

344 4008 377 4064 ad
399 4007 504 4066 laudern
526 4018 554 4066 ct
576 4009 709 4071 honorem
729 4009 772 4068 dei
796 4012 991 4086 omnipotentis
1020 4018 1048 4067 et
1068 4009 1286 4068 christifidelium
1315 4009 1433 4069 salutem
1455 4009 1488 4068 ab
1508 4005 1612 4067 omnibus

342 4090 480 4158 observari
501 4095 639 4158 iaciemus,

427 4179 521 4235 llantur
544 4180 571 4235 in
593 4180 701 4238 civitate
724 4189 818 4237 nostra
834 4179 965 4255 imperiali
981 4182 1116 4255 Augusta,
1138 4181 1182 4238 die
1199 4182 1293 4255 quinta
1307 4180 1409 4238 mensis
1425 4179 1610 4256 Augustiana

343 4260 505 4322 hnxvttt.
528 4265 685 4338 Regnorum
708 4273 866 4322 nostrorum
888 4266 1000 4323 Romani
1022 4266 1131 4322 xxxttt.
1144 4266 1289 4339 ilungariae
1312 4283 1377 4323 vero
1393 4257 1486 4324 ‘nxth

387 4347 390 4366 '
661 4349 855 4414 Maximiliaous
878 4351 967 4408 divina
989 4352 1095 4408 lavante
1116 4350 1259 4410 clementia
1281 4351 1465 4410 Romanonrm
1487 4351 1543 4407 lter.

344 4459 547 4473 -—————-n

301 4627 309 4646 ⁸
409 4560 432 4596 e
449 4564 552 4617 neonis
564 4535 617 4617 ee.
632 4567 678 4620 ιν.
693 4582 755 4618 ean.
769 4566 791 4618 1,
805 4566 868 4618 arec.
881 4569 940 4617 ne
955 4565 991 4630 (a.
1005 4566 1076 4631 eso.)

821 4787 1182 4814 ——-——--—-
