3444 5518
89 507 196 544 orrarxo
209 507 378 544 conorari-ru
392 507 496 544 resurr
509 495 665 544 norsurru'i
679 507 715 542 nu
727 508 850 544 rxnrvrs
863 502 987 544 ctarive
999 507 1034 543 er
1047 505 1139 544 urunt
1151 507 1252 546 uronis
1262 509 1289 546 x.
1310 479 1383 551 355

91 677 165 742 pus,
190 667 248 722 sive
264 665 354 722 llomne
377 665 432 722 sive
455 665 570 739 Eugnhii
593 666 650 722 sire
665 664 918 740 Constantinopoli,
942 665 1061 724 eiusdem
1078 667 1183 730 meriti,
1205 667 1326 725 eiusdem
1342 675 1385 724 est

61 777 64 782 Α
91 746 273 816 ‘sanerdotii';
302 759 406 807 ‘omnes
433 749 622 824 apostolorum
646 767 819 808 successores
841 749 923 807 snut'.
967 749 1033 808 lliuo
1062 758 1152 810 ortum
1180 751 1262 810 hahet
1290 757 1454 810 amnesi-tl.

92 837 240 912 episeopus
262 835 382 892 eiusdem
405 851 466 892 esse
488 835 674 900 auetoritatis;
697 835 788 892 nullus
810 835 910 898 maior,
933 850 983 892 uec
1004 835 1102 892 Petrus
1125 835 1258 910 apostolis
1280 839 1387 894 ceteris

91 921 262 997 praepositus
284 917 352 984 luit;
381 919 434 976 boo
456 919 552 993 utique
573 921 665 978 caeteri
688 929 766 978 erant
788 918 906 994 apostoli
929 920 1003 993 quod
1024 918 1136 984 Petrus,
1165 923 1225 996 pari
1246 925 1387 979 oousortio

71 1005 205 1081 sprediti
228 1013 257 1062 et
278 1003 392 1061 honoris
414 1013 443 1061 et
464 1005 624 1080 potestatis,
648 1006 721 1078 qnod
744 1003 898 1078 evangelica
921 1021 972 1060 nos
995 1004 1093 1062 dooeut
1114 1005 1230 1080 scriptu
1260 1006 1387 1064 omnibus

91 1099 219 1146 servator
247 1097 342 1146 noster
366 1105 460 1163 parem
486 1088 561 1146 dedit
587 1097 766 1164 potestatem:
803 1087 913 1146 llatthei
945 1089 1050 1146 deoimo
1079 1097 1175 1147 octavo
1204 1091 1298 1148 ‘Amen
1327 1091 1388 1150 dieo

91 1173 388 1248 ‘vobim-quaeeunque
411 1173 586 1247 alligaveritis
608 1191 691 1249 super
714 1183 829 1238 terram,
851 1181 931 1254 erunt
952 1173 1037 1248 ligata
1059 1174 1087 1230 in
1110 1173 1195 1239 ooelo,
1217 1183 1245 1232 et
1260 1191 1390 1252 quascun-

93 1269 158 1333 ·que
181 1257 319 1315 solveritis
341 1275 425 1333 super
448 1266 561 1323 terram,
590 1268 671 1316 eruut
693 1258 782 1316 soluta
806 1259 833 1315 in
855 1247 944 1316 crelo’.
988 1267 1016 1315 et
1038 1257 1145 1316 loannis
1167 1259 1299 1333 vigesimo
1322 1260 1389 1317 dixit

93 1344 171 1401 lesus
193 1341 335 1418 discipulis
358 1343 429 1400 “Pax
451 1343 542 1400 vobisl
572 1343 644 1402 siout
670 1345 744 1402 misit
771 1361 812 1400 me
841 1353 932 1418 pater,
960 1343 998 1399 ita
1020 1359 1073 1418 ego
1096 1345 1175 1401 mitto
1199 1341 1273 1402 vos’'.
1318 1345 1390 1402 ‘llmu

65 1439 169 1484 romum
191 1427 317 1490 dixisset,
347 1427 419 1484 llavit
447 1427 474 1484 in
501 1445 550 1485 eos
578 1435 606 1484 et
627 1429 693 1486 dinit
722 1429 761 1486 eis
784 1429 923 1503 “hmipite
951 1427 1077 1502 spiritum
1105 1437 1242 1486 sanetum:
1272 1446 1389 1503 quorum

95 1513 272 1572 ‘remiseritis
293 1518 418 1588 peccata,
440 1513 619 1570 remittuntur
640 1514 694 1576 eis,
718 1528 945 1587 quorumeunque
961 1513 1145 1574 retinueritis,
1168 1521 1274 1570 retenta
1289 1514 1388 1572 sunt”.’

95 1597 204 1654 ltursns
226 1612 335 1670 quoque
357 1615 418 1654 eum
440 1598 580 1654 contentio
603 1597 676 1654 iuter
697 1597 839 1672 apostolos
863 1595 1003 1654 oriebatur
1024 1598 1085 1671 quis
1107 1615 1202 1654 eorum
1231 1599 1318 1656 maior
1346 1599 1457 1656 hr·t.to.

96 1691 178 1740 turus
201 1689 288 1744 esset,
310 1681 451 1756 respoudit
466 1681 591 1740 Christus
614 1681 709 1756 ‘Reges
731 1683 855 1756 gentium
877 1681 1051 1739 dominantur
1072 1682 1126 1745 eis,
1148 1691 1176 1739 et
1199 1684 1244 1758 qui
1267 1691 1389 1758 potesta·

96 1777 161 1823 'tem
185 1765 287 1822 babent
308 1781 472 1842 supensus,
501 1765 612 1824 benefici
640 1775 786 1824 vocantur:
815 1783 863 1823 vos
890 1774 1058 1824 autemnon
1081 1767 1135 1828 sic:
1164 1767 1212 1824 sed
1235 1769 1281 1843 qni
1304 1769 1391 1824 maior

64 1859 149 1908 uest
173 1852 202 1906 in
223 1849 315 1914 robis,
344 1849 391 1906 liat
412 1852 484 1908 siout
506 1851 609 1922 minor,
638 1859 666 1908 et
697 1853 743 1926 qui
765 1851 893 1927 princeps
915 1859 958 1908 est
980 1849 1050 1908 sieut
1073 1851 1119 1926 qui
1142 1852 1286 1909 ministrat.
1329 1869 1391 1910 uam

95 1944 171 1992 ‘uter
194 1935 281 1992 maior
303 1943 359 1998 est,
389 1937 435 2009 qni
458 1935 591 1993 aoeumhit
621 1954 654 1992 au
677 1937 724 2011 qni
746 1936 899 1992 ministrat?
929 1953 1018 1992 noune
1041 1936 1087 2010 qui
1109 1936 1258 1994 accumbit?
1288 1946 1315 1994 at
1337 1953 1389 2011 ego

96 2022 133 2077 ‘iu
156 2019 248 2076 medio
271 2027 390 2076 restrum
413 2037 472 2077 sum
496 2021 594 2095 utqui
618 2021 772 2078 ministrat'.
816 2022 908 2094 Aequa
931 2020 1017 2094 igitur
1038 2028 1176 2095 potestas,
1199 2019 1292 2078 uullus
1314 2022 1463 2096 prin-tur.

94 2107 222 2180 stipatus:
251 2121 346 2160 omnes
374 2106 444 2161 euim
473 2122 557 2162 unum
581 2123 689 2170 snmus:
720 2123 774 2162 uon
797 2115 840 2161 est
862 2121 956 2162 servus
983 2121 1073 2178 neque
1100 2105 1242 2169 domiuus,
1270 2123 1325 2164 nou
1348 2125 1391 2162 sa·

96 2192 177 2266 piens
201 2197 247 2246 aut
269 2190 417 2264 iusipiens:
445 2207 529 2246 uuum
551 2207 652 2266 corpus
675 2207 768 2247 snmus
790 2189 817 2246 iu
841 2189 948 2245 Christo
971 2187 1031 2245 lesu
1054 2189 1165 2246 domino
1188 2200 1303 2254 nostro:
1332 2190 1391 2264 ipse

63 2275 190 2336 ttradix,
220 2290 272 2331 nos
294 2273 373 2336 rami,
407 2274 466 2349 ipse
487 2275 566 2338 ritis,
595 2293 646 2335 uris
668 2274 803 2350 palmites.
848 2273 900 2330 Sed
923 2273 988 2347 quid
1010 2274 1148 2348 sapientes
1170 2273 1209 2330 illi
1241 2275 1391 2332 obiiciunt?

96 2358 301 2416 auscultemus:
332 2359 378 2414 uui
400 2358 482 2418 Petro
505 2355 619 2416 numero
641 2355 772 2434 singulari
801 2359 868 2414 dixit
891 2358 959 2416 ‘Tibi
986 2357 1056 2414 dabo
1085 2357 1174 2414 clares
1202 2360 1280 2432 regni
1309 2359 1392 2416 ooelo·

97 2444 185 2507 ‘rum',
210 2459 264 2499 uon
287 2442 390 2499 ‘vobis'.
432 2445 579 2518 Egregium
601 2451 800 2506 commentum,
825 2443 943 2500 inventio
966 2442 1095 2499 bumana!
1120 2459 1232 2517 serpeus
1255 2443 1302 2500 ille
1324 2444 1393 2500 auti·

97 2545 187 2601 quus,
212 2527 259 2602 qui
281 2527 421 2584 mendacio
442 2530 559 2602 primum
582 2529 689 2586 seduxit
711 2528 861 2591 homiuem,
884 2535 1031 2601 postquam
1054 2543 1142 2600 genus
1164 2527 1311 2586 humanum
1334 2543 1393 2584 ere·
1481 2531 1483 2536 ’

97 2621 175 2688 ptum
202 2627 216 2668 e
239 2611 362 2669 lancibus
386 2613 457 2675 suis,
487 2613 559 2687 quod
582 2623 690 2689 eaptum
714 2611 798 2686 longo
821 2619 946 2668 tenuerat
969 2619 1107 2686 tempore,
1136 2611 1237 2668 Christi
1260 2613 1393 2686 sanguiue

65 2696 290 2770 sienempttoue
317 2697 425 2754 iuventa
452 2697 531 2761 vidit,
558 2715 654 2755 noram
682 2695 845 2772 excogitavit
872 2696 1007 2759 fraudem.
1039 2704 1070 2752 ut
1091 2697 1142 2754 sub
1164 2698 1225 2771 ipso
1247 2697 1393 2754 Christiani

97 2781 219 2838 nominis
237 2780 323 2858 titulo
346 2779 422 2838 lallat
445 2784 584 2846 iuoautos,
613 2790 702 2840 seotas
724 2791 752 2839 et
775 2781 921 2838 schismata
949 2781 1064 2844 invenit,
1094 2781 1192 2856 quibus
1221 2781 1391 2839 subverteret

97 2865 194 2929 Mem,
225 2866 364 2922 veritatem
386 2875 592 2942 corrumperet,
622 2866 757 2925 scinderet
784 2867 925 2926 unitatem.
969 2863 1103 2922 Unitatem
1132 2865 1182 2923 hae
1210 2865 1390 2940 responsione
1401 2873 1462 2925 tu.

97 2949 158 3007 hdei
180 2949 264 3006 dooet
277 2949 416 3006 Christus:
439 2953 603 3025 quaesiverat
625 2971 640 3010 a
661 2949 804 3025 discipulis
826 2949 890 3008 ‘Vos
913 2967 992 3024 quem
1015 2967 1057 3008 me
1072 2968 1133 3008 esse
1148 2951 1266 3008 dieitisl'
1287 2951 1394 3015 Petrus,

99 3052 131 3090 os
154 3035 279 3090 omnium
301 3034 519 3108 discipulorum,
536 3037 679 3111 respoudit
709 3037 758 3092 ‘Tu
780 3049 810 3092 es
832 3035 971 3097 Christus,
993 3034 1067 3092 filius
1089 3036 1131 3092 dei
1154 3035 1223 3091 vivi'.
1252 3037 1295 3092 oui
1318 3035 1394 3092 thri-

68 3127 161 3176 aostns
184 3119 235 3174 ‘'ln
258 3135 288 3175 es
302 3118 399 3177 Petrus
415 3129 441 3176 et
464 3137 547 3196 super
569 3121 646 3178 hauo’
668 3120 729 3178 lidei
751 3128 865 3194 ‘petram
888 3117 1026 3176 aedificabo
1048 3115 1198 3177 eeclesiam’
1221 3137 1276 3178 non
1299 3121 1395 3177 lloma-

99 3221 174 3266 nam,
198 3203 248 3260 sed
271 3199 383 3260 'meam’.
420 3206 584 3280 ‘quicunque
606 3223 648 3262 me
670 3205 814 3262 confessus
837 3204 921 3260 luerit
943 3221 1034 3260 eoram
1057 3204 1221 3266 homiuibus,
1244 3203 1397 3262 oonlltehor

99 3295 135 3342 ‘et
157 3303 212 3361 ego
236 3303 298 3344 eum
320 3305 412 3344 eoram
435 3297 513 3364 patre
535 3293 614 3353 meo',
637 3291 670 3348 ab
692 3290 796 3346 unitate
819 3289 930 3363 incipit,
954 3296 985 3344 ut
1007 3288 1080 3346 sient
1094 3290 1153 3362 ipse
1175 3298 1203 3346 et
1218 3297 1297 3362 pater
1311 3305 1396 3346 uuum

102 3381 177 3436 sunt,
209 3373 251 3428 sie
280 3379 307 3427 et
330 3371 423 3430 lideles
444 3382 559 3448 totaque
580 3375 680 3432 Christi
708 3372 822 3432 ecelesia
843 3390 927 3429 nuum
951 3373 1015 3429 siut.
1059 3371 1213 3428 ‘Exordium
1235 3372 1268 3428 ab
1291 3373 1396 3429 unitute

102 3456 311 3530 proficiscitur.
341 3465 371 3514 ut
399 3459 513 3516 eeclesia
541 3475 595 3518 una
616 3458 803 3520 monstretur’,
832 3457 983 3532 Cyprianus
1006 3455 1052 3512 ait.
1096 3465 1184 3530 ‘quam
1207 3473 1288 3513 uuam
1311 3457 1396 3512 eecle-

72 3543 178 3598 uuam
202 3541 286 3597 etiem
309 3540 336 3596 in
358 3541 464 3601 cantico
487 3543 655 3600 cantieorum
677 3543 792 3617 spiritns
814 3551 926 3599 sanetus
949 3557 980 3598 ex
1007 3557 1125 3615 persona
1146 3541 1248 3598 domiui
1270 3540 1395 3614 desiguat

101 3633 136 3680 ‘et
156 3625 225 3682 dicit
249 3624 323 3688 „llna
346 3635 389 3683 est
410 3625 536 3685 columba
558 3645 631 3690 mea,
653 3629 775 3702 perlecta
797 3644 869 3690 mea.
898 3643 952 3682 unu
974 3633 1016 3682 est
1038 3626 1118 3682 matri
1142 3641 1212 3687 snm,
1240 3624 1326 3682 electa
1349 3639 1395 3698 ge·

102 3710 201 3766 ‘nitrioi
227 3705 326 3766 suae''.'
368 3711 426 3769 lloo
447 3713 560 3770 unitatis
583 3720 780 3770 sacramentnm
801 3712 879 3768 divus
899 3710 1000 3767 Paulus
1022 3709 1136 3784 Ephesis
1159 3709 1280 3767 scribens
1302 3718 1463 3771 osten-ine,

102 3795 156 3850 dit:
179 3794 312 3851 ‘Obsecro
334 3795 392 3852 vos'
413 3797 451 3853 ait
474 3805 536 3871 ‘ego
558 3797 664 3854 vinctus
686 3797 713 3852 iu
736 3796 860 3859 domiuo.
890 3802 921 3852 ul
941 3793 1023 3868 digne
1045 3793 1203 3858 ambuletis,
1233 3803 1263 3850 ut
1285 3795 1396 3867 dignum

104 3887 152 3935 ‘est
175 3879 321 3936 vocatione
343 3897 396 3954 qua
418 3882 506 3939 vocati
528 3883 610 3945 estis,
639 3899 700 3938 curn
729 3881 802 3937 omui
831 3879 1012 3936 submissione
1035 3897 1066 3936 ac
1087 3879 1306 3942 mansuetudine.
1336 3895 1397 3936 oum

73 3964 194 4021 unanimi
217 3963 345 4027 leuitate,
367 3963 518 4022 tolerantes
540 3983 588 4022 vos
611 3967 724 4022 invicem
747 3965 894 4026 charitate,
917 3963 1059 4020 studentes
1074 3981 1182 4020 servare
1196 3965 1326 4020 unitatem
1343 3963 1398 4037 spi·

104 4050 181 4106 ‘ritus
204 4063 259 4123 per
279 4048 414 4106 vinculum
443 4049 533 4124 pacis:
562 4067 645 4106 uuum
675 4065 776 4124 eorpus
804 4057 833 4106 et
861 4066 932 4105 nnus
962 4049 1088 4122 spiritus,
1117 4036 1350 4122 quemadmodum
1370 4055 1398 4104 et

105 4135 199 4190 ‘vocati
223 4133 293 4189 estis
316 4133 343 4188 iu
365 4149 418 4189 una
441 4149 489 4208 spe
511 4135 663 4192 rooatiouis
686 4142 799 4198 restrae:
830 4151 901 4190 uuus
930 4133 1056 4189 domiuus
1084 4142 1111 4189 et
1140 4150 1193 4189 uua
1215 4131 1290 4196 tides,
1313 4149 1398 4190 uuum

106 4217 263 4292 baptisma,
294 4231 366 4274 uuus
393 4218 460 4275 deus
488 4227 516 4276 et
538 4229 617 4293 pater
638 4219 758 4276 omnium
787 4218 899 4293 quiret
921 4233 1005 4292 super
1027 4219 1115 4274 omnia
1138 4227 1167 4275 et
1187 4235 1239 4294 per
1260 4217 1348 4275 omnia
1371 4225 1400 4274 et

170 4482 303 4534 *Matris
315 4483 419 4535 XVIII.
435 4483 474 4535 18.
540 4483 665 4536 8Ῑοαιιιι.
678 4483 738 4534 XX.
751 4481 857 4534 21...23.
922 4480 944 4518 ¹⁸
960 4481 1029 4534 Ltto.
1042 4481 1130 4534 XXII.
1143 4482 1252 4535 eo...27.
1313 4481 1399 4536 ²⁰0st

106 4567 197 4618 loaun.
211 4567 272 4630 XV.
286 4567 311 4618 5.
326 4568 450 4635 ethpoo.
464 4567 553 4623 XXII.
568 4567 606 4620 to.
659 4563 682 4601 Β
698 4583 771 4634 serp.
787 4564 1214 4634 entim]Apooel,X11‚9.Xll.2.
1265 4565 1398 4618 ”Marah

107 4651 177 4701 xvt.
192 4651 234 4702 15.
250 4650 291 4704 lb.
306 4651 347 4702 18.
399 4652 420 4686 ⁸¹
439 4651 522 4720 quie]
541 4649 742 4703 manumet.
762 4649 946 4703 hunitune.
976 4645 979 4655 ’
1008 4650 1227 4718 ⁸⁴Cypriamde
1246 4651 1398 4700 uuiheool.
1460 4681 1463 4686 ·
1550 4701 1554 4710 ,

107 4736 191 4786 Extat
210 4738 299 4788 etiem
317 4739 347 4786 in
365 4753 427 4788 ean.
444 4737 803 4800 18.Ceus.xxt111.qu.1.
866 4735 888 4766 ³⁵
906 4735 1201 4788 Ceutie.oaut.Vl.8.
1265 4731 1400 4784 ¹⁸metris

108 4819 202 4872 Cautio.
257 4818 282 4852 ⁸²
299 4819 378 4871 Paul.
393 4821 662 4888 ep.edpres.1V,
679 4818 746 4872 t...o.
797 4818 821 4854 ⁴⁰
838 4819 1002 4872 tolleranter
1020 4825 1045 4872 t.

1106 4899 1174 4966 23*
