3382 5516
347 381 420 449 244
473 409 573 444 sensnm
587 403 712 445 varenam
727 407 830 442 enarro
842 407 973 444 aversas
986 407 1099 442 vrsnnn.
1114 409 1140 443 u,
1153 401 1187 442 ao.
1202 406 1266 443 ano.
1280 407 1306 442 a.
1323 372 1501 442 rotonenses.

346 571 395 625 stis
419 585 472 623 non
495 568 598 628 minor,
621 567 653 623 ad
677 566 811 638 rigentem
833 575 928 621 arcton
943 557 1010 622 citra
1024 583 1100 622 mare
1116 565 1228 640 glaciale
1242 566 1409 627 consistens.
1431 563 1605 620 Roxolanorum
1675 559 1676 574 ¹

345 655 411 714 (linx.
436 669 514 726 qrrcm
537 668 587 706 nans
610 652 727 707 lloscum
751 651 878 713 dicimus.
907 650 965 706 sola
987 650 1097 725 persidia
1121 660 1149 706 et
1171 651 1331 707 detestando
1354 651 1476 706 scismate
1497 651 1605 704 lamosus.

346 740 368 794 is
391 746 494 812 partem
518 739 607 807 regni,
631 736 826 792 bitlrnanorum
849 735 973 791 videlieet
997 737 1173 810 provinciam,
1197 754 1295 810 magno
1311 735 1391 792 etiarn
1408 733 1532 790 bellorum
1546 743 1606 788 moto

346 823 438 879 turbat
461 823 555 878 indies.
599 821 650 876 Sed
674 829 701 876 ct
724 821 794 876 lruno
817 839 863 876 ren
886 828 981 876 noster
1003 821 1191 894 patrocinante
1206 821 1313 877 iusticia
1334 821 1403 876 ludit
1425 819 1530 892 sepius,
1549 820 1607 872 rios·

345 925 398 981 que
421 908 569 981 potentiam
594 907 704 978 triginta
728 905 848 962 millibus
871 906 897 960 in
920 904 981 960 loco
1004 907 1082 961 cesis
1107 906 1275 979 prolligavit.
1304 903 1504 978 quamplurimis
1525 903 1622 976 primos

346 993 421 1048 ribns
444 992 476 1048 ad
499 990 603 1047 rincrrla
625 991 770 1054 coniectis,
794 992 839 1063 qui
863 991 889 1045 in
913 990 1039 1046 omnibus
1054 991 1203 1048 Litbuauiae
1225 990 1322 1047 castris
1345 990 1490 1044 arctissima
1504 989 1606 1042 detinen-

347 1087 391 1133 tur
412 1076 548 1137 custodia.
572 1075 664 1130 multis
687 1077 767 1131 etiam
791 1074 851 1130 aliis
872 1075 1040 1149 captivorum
1059 1075 1179 1131 rnillibns
1201 1093 1250 1149 per
1272 1076 1426 1130 urriversnm
1454 1068 1508 1128 iere
1531 1071 1607 1126 oriem

277 1165 334 1214 §.tt
344 1162 425 1218 variis
448 1161 662 1216 Christianorum
685 1160 852 1235 principibus
875 1160 1069 1233 mancipiorum
1092 1159 1153 1216 loeo
1174 1161 1246 1216 dono
1276 1160 1356 1215 datis.
1400 1159 1504 1231 lanaque
1530 1173 1608 1212 orum

345 1247 476 1302 lutriboc
499 1244 778 1302 bellumdeeennium
807 1245 957 1318 superavit,
986 1245 1050 1300 ιΙιιιιι
1077 1245 1132 1300 sint
1162 1245 1207 1318 qni
1239 1263 1284 1303 eas
1312 1242 1467 1300 discordias
1487 1245 1607 1298 seminent

343 1331 481 1388 concitent
501 1340 529 1387 et
553 1330 671 1403 turpiter
692 1329 764 1386 alere
793 1345 849 1384 non
877 1337 1011 1385 verentur.
1056 1329 1106 1384 Sed
1136 1329 1205 1403 prob
1234 1329 1327 1391 dolor,
1356 1345 1410 1384 non
1437 1328 1518 1402 pudet
1541 1327 1631 1381 etiamn
1675 1369 1676 1390 p

344 1416 486 1488 religionis
508 1415 681 1488 professores
705 1422 841 1470 tantorum
865 1412 996 1470 malorum
1019 1423 1145 1471 auctores
1168 1421 1195 1468 et
1219 1415 1290 1470 laces
1311 1431 1386 1474 esse.
1410 1413 1456 1486 qui
1480 1412 1570 1468 litteris
1587 1420 1608 1464 et

345 1502 451 1558 noticiis
473 1501 505 1555 ad
528 1517 585 1555 earn
609 1517 664 1554 rom
688 1499 826 1555 fovendam
849 1499 989 1572 magisque
1018 1499 1175 1555 irritandam
1205 1508 1276 1555 terra
1304 1507 1332 1552 ot
1359 1499 1442 1558 mari.
1470 1513 1567 1552 sursum
1585 1513 1608 1550 ar

343 1586 471 1641 deorsum
494 1586 642 1646 cursitant,
666 1593 696 1638 ut
718 1585 806 1656 Reges
829 1590 856 1639 et
877 1583 1032 1658 Principes,
1054 1583 1176 1656 alioquin
1199 1584 1270 1640 lorte
1286 1585 1443 1656 quieturos,
1465 1583 1607 1655 adpugnare
1675 1641 1676 1678 1

344 1670 524 1725 inllanrment:
553 1669 649 1726 salutis
678 1669 784 1742 insigne
811 1677 839 1724 et
867 1669 1004 1725 candidam
1033 1669 1192 1725 innocentiae
1219 1677 1320 1728 vestem
1347 1667 1474 1723 delerant
1495 1675 1607 1738 umquam
1675 1709 1676 1726 ι

344 1756 417 1828 paris
440 1763 588 1815 amatores.
617 1761 644 1808 et
668 1754 781 1810 iratrntn
811 1754 956 1828 perniciem
985 1755 1094 1816 sitiunt.
1123 1752 1310 1827 bellorumque
1338 1752 1459 1808 fomitem
1486 1759 1512 1806 et
1539 1759 1631 1806 totamu
1675 1729 1676 1766 ¹

343 1855 450 1902 cansam
474 1846 620 1913 praestant:
643 1838 680 1893 lrii
703 1847 766 1893 sumt
789 1839 835 1910 qni
858 1837 1009 1911 loquuntur
1031 1854 1122 1913 pacem
1144 1855 1205 1894 cum
1228 1839 1351 1912 proximo
1368 1854 1433 1898 suo.
1457 1835 1522 1892 mala
1536 1829 1615 1889 autom

346 1925 371 1980 in
395 1924 521 1984 cordibus
544 1940 648 1978 eorrrrn.
686 1923 731 1978 scd
756 1939 846 1978 revera
869 1923 936 1980 aleus
959 1923 1027 1979 lueis
1050 1940 1104 1978 aron
1128 1921 1264 1979 illuditur:
1295 1923 1366 1978 brevi
1390 1939 1503 1996 natoque
1523 1921 1559 1974 ris
1577 1936 1608 1972 se·

276 2010 460 2064 §.secundum
491 2009 638 2081 nequitiam
667 2008 885 2063 adinventionum
914 2009 1035 2081 ipsorum
1062 2007 1203 2064 retribuet.
1249 2009 1313 2064 Tne
1335 2023 1413 2066 roro,
1449 2005 1607 2061 sacratissime

344 2088 532 2169 [imperatore]
558 2093 722 2165 integritatis
744 2092 862 2148 studinm
885 2109 949 2165 erga
972 2111 1001 2148 se
1024 2101 1052 2148 et
1079 2101 1179 2148 statnnr
1208 2110 1287 2149 suum
1315 2091 1464 2165 pacandum
1489 2091 1608 2162 cognitum

342 2179 423 2234 liniret
446 2179 498 2234 ilex
522 2186 631 2238 nostor.
655 2194 705 2254 pro
728 2193 780 2250 qna
803 2176 983 2233 benivolentia
1007 2185 1085 2236 tent
1108 2186 1246 2252 parentem
1275 2176 1390 2233 alterurn
1419 2175 1552 2234 observat,
1575 2187 1632 2224 rar-s
1675 2239 1676 2260 Χ

342 2269 455 2319 'noratur
476 2272 503 2318 ct
525 2261 605 2322 colit,
629 2259 750 2334 velleque
774 2262 889 2318 vicissim
911 2263 970 2318 eius
993 2261 1156 2318 Maiestatem
1172 2263 1245 2320 omni
1261 2277 1343 2336 opera
1358 2268 1387 2317 ct
1403 2259 1528 2317 [multato
1547 2259 1608 2322 eniti,
1675 2265 1676 2322 i

343 2357 374 2403 ut
397 2363 556 2422 qnacnnquc
580 2348 723 2402 occasione
745 2354 773 2401 et
796 2346 883 2402 modis
907 2355 959 2404 ttae
981 2345 1134 2403 celsitudini
1157 2357 1252 2403 mutuo
1274 2346 1420 2420 gratificari
1443 2355 1555 2418 strenuo
1569 2344 1609 2398 lra·

206 2487 207 2492 ,
274 2441 453 2491 §.tt-ternum
476 2431 594 2488 officium
619 2440 748 2505 prestare
771 2432 867 2504 possit.
910 2429 943 2487 lit
973 2440 1003 2488 ut
1030 2431 1109 2488 linem
1137 2433 1217 2490 dictis
1245 2433 1409 2504 imponam,-
1426 2431 1468 2488 iris
1495 2427 1609 2485 lrostibns.
1675 2437 1676 2498 ι

343 2525 371 2573 et
394 2516 502 2591 qrridern
525 2517 641 2574 assiduis
665 2533 778 2588 regnum
802 2525 925 2572 nostrum
949 2533 963 2570 a
987 2517 1109 2573 tricentis
1125 2533 1192 2591 pene
1208 2517 1286 2572 annis
1301 2517 1448 2590 promitur,
1472 2533 1556 2571 rernm
1570 2529 1608 2566 sno
1675 2501 1676 2550 l

341 2619 395 2658 rere
418 2611 537 2664 tantum,
561 2618 611 2656 suo
633 2599 718 2656 milite
740 2610 769 2656 ct
790 2601 910 2657 maximis
932 2599 1072 2658 laboribus
1094 2609 1178 2657 totarn
1200 2601 1269 2657 banc
1289 2599 1353 2656 belli
1374 2599 1473 2658 utolem
1488 2597 1632 2656 sustinone
1675 2589 1676 2664 J

342 2687 449 2742 nemine
472 2687 687 2741 Christianorum
710 2685 862 2760 principum
884 2685 1064 2760 suffragante:
1096 2701 1144 2760 spe
1166 2683 1304 2743 alebamur
1330 2687 1474 2746 continua.
1501 2693 1527 2740 et
1546 2681 1610 2737 nudis
1675 2735 1676 2766 p

342 2788 451 2844 semper
473 2768 716 2844 pollicitationibus
730 2771 940 2848 detinebamur:
963 2769 1117 2845 sumptibus
1139 2780 1166 2826 et
1188 2771 1308 2827 berneris
1330 2771 1434 2826 nostris
1456 2771 1537 2826 vicina
1557 2768 1608 2821 ltne-
1675 2817 1676 2824 ,

342 2872 429 2928 usqne
452 2855 510 2912 ocia
539 2855 710 2917 fovebamus.
741 2863 771 2910 ut
792 2856 845 2911 iam
867 2863 994 2928 tarrqmm
1014 2855 1114 2912 defessi
1137 2865 1164 2912 et
1192 2854 1340 2913 imbecilles
1367 2874 1381 2911 a
1412 2854 1553 2911 maioribus
1572 2853 1609 2906 im·

274 2940 436 3014 §.arpensis
458 2941 599 2996 continere
621 2955 672 2995 nos
695 2955 838 3013 possemus
860 2950 889 2995 et
909 2938 1068 2997 deberemus
1091 2941 1200 2998 merito.
1236 2957 1308 2996 nunc
1330 2949 1435 3002 tuneo,
1458 2949 1488 2996 ut
1509 2940 1609 3014 priratos
1675 2947 1676 2970 ι

341 3023 454 3080 ellectns
473 3023 580 3097 publica
602 3024 691 3080 vineat
714 3023 830 3086 utilitas.
861 3024 1058 3098 expeditionem
1088 3025 1156 3081 liene
1183 3023 1335 3098 generalem
1363 3026 1531 3082 commendat
1550 3027 1632 3076 sum-³³

341 3125 452 3182 irrepere
474 3117 502 3164 et
523 3108 656 3181 approbat
678 3109 867 3166 serenissimus
889 3109 943 3166 ilex
965 3117 1075 3172 noster:
1097 3109 1189 3166 laudat
1204 3111 1313 3166 morium
1327 3110 1360 3165 de
1375 3108 1528 3184 colligendo
1542 3121 1609 3162 nomo

341 3192 438 3250 bellico
461 3201 489 3249 et
511 3195 631 3250 exercitu
653 3194 859 3267 congregando,
883 3209 963 3267 quem
986 3195 1172 3252 sanctissimus
1193 3194 1319 3252 dominus
1341 3203 1436 3252 noster
1457 3203 1485 3252 et
1506 3203 1555 3250 tue
1568 3189 1609 3246 ecl·

342 3279 468 3335 situdinis
491 3278 659 3351 providentia
682 3279 836 3340 constitnit,
860 3278 959 3352 aliique
982 3279 1070 3352 llegcs
1092 3288 1119 3336 et
1140 3280 1279 3354 Principes
1294 3279 1437 3336 Christiani
1461 3283 1608 3353 proponunt.

273 3367 292 3418 t.
300 3369 331 3415 ³⁷.
343 3365 390 3420 sed
412 3380 500 3437 neque
522 3363 556 3418 de
579 3379 612 3419 eo
635 3381 685 3436 pro
708 3379 780 3419 noire
801 3363 966 3420 llaiestatern
989 3364 1090 3437 regiam
1113 3382 1175 3422 cnm
1197 3374 1292 3422 senatu
1308 3373 1336 3421 et
1350 3365 1466 3420 subditis
1481 3365 1535 3420 suis
1549 3361 1609 3435 quir·

341 3464 421 3524 quam
443 3450 588 3504 decernere
610 3449 734 3522 potuisse
757 3449 827 3504 inter
848 3447 1009 3506 domesticas
1032 3448 1205 3506 difficultates
1226 3458 1253 3505 et
1276 3446 1397 3505 bellicam
1414 3449 1632 3522 occupationem}⁵
1675 3465 1676 3482 r

341 3551 403 3590 cum
426 3551 457 3588 ea
480 3549 559 3606 qnam
582 3534 691 3588 memini
713 3532 880 3594 hostilitate,
911 3533 1009 3605 quibus
1032 3533 1121 3607 aliqua
1144 3553 1175 3590 ex
1198 3543 1275 3609 parte
1297 3543 1435 3608 omenque
1457 3529 1608 3607 compositis.

341 3627 369 3674 ct
391 3617 585 3674 deliberatione
617 3619 697 3674 buius
724 3616 875 3691 dignissimi
904 3627 1053 3674 conventus
1081 3619 1245 3692 procedente
1272 3635 1335 3700 npox
1360 3619 1526 3676 maiestatem
1546 3629 1608 3672 suam
1675 3689 1676 3696 ἵ

339 3703 415 3760 etde
430 3701 584 3776 colligendo
607 3719 718 3760 nummo
741 3711 770 3759 et
791 3702 982 3760 describendo
1005 3701 1091 3760 milite
1113 3704 1140 3760 in
1162 3720 1248 3778 regno
1271 3713 1299 3760 et
1320 3703 1448 3761 dominiis
1462 3705 1518 3760 suis
1531 3701 1609 3758 itidem

343 3869 483 3880 --———··-
504 3873 508 3875 -
531 3871 535 3876 ·

407 3968 547 4020 ³Litaron.
560 3975 594 4018 tt.
608 3971 724 4032 rettulere.
761 3968 915 4034 'supravit
928 3973 951 4021 1.
987 3967 1009 4002 ¹⁰
1021 3975 1216 4022 vereantucn„
1236 3971 1389 4022 obliviscitur
1400 3973 1520 4022 Potonran
1531 3969 1608 4020 omne

339 4057 415 4118 loqui.
464 4053 483 4085 ¹¹
502 4053 590 4104 literis
602 4059 633 4101 n.
695 4052 714 4086 ¹²
733 4052 865 4118 ac]&1t.
925 4053 945 4086 ¹⁸
965 4071 1091 4106 censeam
1103 4061 1135 4105 n.
1187 4061 1312 4122 prestent
1327 4060 1348 4106 1.
1394 4053 1459 4122 loq.]
1478 4055 1607 4106 ot1eren.

341 4135 420 4186 lx.8.
439 4137 540 4188 Pselrn.
554 4139 697 4188 xxvllm.
747 4137 767 4170 ¹⁹
784 4139 937 4204 Imperator
950 4142 1019 4190 ontis.
1033 4144 1057 4191 1.
1074 4143 1123 4191 sed
1130 4145 1216 4205 poeria
1227 4143 1303 4190 etiem
1315 4142 1510 4214 secretissime
1522 4140 1606 4200 integr-

340 4221 539 4270 eteioderia'ttt.
574 4219 780 4275 ”benevolae
817 4221 838 4256 ²¹
851 4226 1007 4290 Megestete
1019 4229 1043 4274 1.
1079 4223 1399 4290 ”quibusvismodistt
1434 4224 1456 4258 ²¹
1468 4223 1606 4292 presteret.

339 4301 362 4336 ²⁴
379 4306 510 4355 trecentis
521 4309 554 4355 o.
589 4305 612 4338 ²⁷
629 4311 754 4356 aumttt.
790 4304 812 4340 ⁸⁹
830 4311 890 4368 nos]
910 4311 944 4360 nb
958 4313 981 4359 1.
1017 4307 1039 4342 ³²
1057 4308 1230 4361 celsitadinis
1240 4313 1265 4360 1.
1311 4309 1396 4371 §.oto
1415 4310 1466 4361 Vix
1484 4305 1607 4360 incondn·

338 4387 401 4438 ains
419 4387 582 4453 dietpotnit
600 4391 669 4456 Regi
686 4390 796 4456 pleeere
815 4396 844 4442 ot
862 4408 879 4442 e
897 4393 981 4444 sociis
996 4395 1056 4444 suis
1073 4394 1171 4445 Tuscae
1190 4392 1408 4458 debellarentur,
1428 4395 1489 4446 dum
1500 4393 1550 4443 eibi
1562 4402 1605 4439 mo

338 4471 436 4523 leeties
458 4473 549 4524 nullas
575 4475 754 4540 imponerent.
789 4477 896 4528 Nostris
916 4463 1004 4530 'etiem
1027 4479 1193 4545 temporibus
1211 4478 1301 4528 solent
1319 4479 1393 4530 boue
1410 4485 1438 4530 et
1460 4477 1604 4544 sanguinem
1675 4475 1676 4488 ¹

339 4556 401 4620 (dat
417 4559 471 4609 end
486 4558 560 4624 Blnt)
576 4560 736 4626 promittere
755 4561 800 4626 qui
819 4561 919 4612 alienis
937 4563 1066 4628 perieulis
1084 4577 1172 4614 rernm
1190 4563 1378 4614 movendorum
1396 4563 1511 4614 studium
1528 4566 1606 4609 nteot

338 4640 412 4692 bone
423 4654 553 4707 saumque
565 4643 727 4709 sanguinem
741 4651 875 4711 augeant,
897 4646 982 4696 facile
996 4652 1136 4698 exercent.
1171 4645 1364 4713 “Megestste'
1376 4651 1401 4700 1.
1435 4641 1604 4710 “eomJiatt

338 4726 440 4776 nemini
453 4729 476 4776 1.
