<?xml version="1.0" encoding="UTF-8"?>
<!DOCTYPE html PUBLIC "-//W3C//DTD XHTML 1.0 Transitional//EN"
    "http://www.w3.org/TR/xhtml1/DTD/xhtml1-transitional.dtd">
<html xmlns="http://www.w3.org/1999/xhtml" xml:lang="en" lang="en">
 <head>
  <title>
</title>
<meta http-equiv="Content-Type" content="text/html;charset=utf-8" />
  <meta name='ocr-system' content='tesseract 3.04.00' />
  <meta name='ocr-capabilities' content='ocr_page ocr_carea ocr_par ocr_line ocrx_word'/>
</head>
<body>
  <div class='ocr_page' id='page_1' title='image "./ulrichihuttenie12huttgoog_0026.png"; bbox 0 0 3464 5526; ppageno 0'>
   <div class='ocr_carea' id='block_1_1' title="bbox 238 383 1375 455">
    <p class='ocr_par' dir='ltr' id='par_1_1' title="bbox 238 383 1375 455">
     <span class='ocr_line' id='line_1_1' title="bbox 238 383 1375 455; baseline 0.003 -3"><span class='ocrx_word' id='word_1_1' title='bbox 238 417 361 454; x_wconf 68' lang='grc' dir='ltr'>ΙΠΠΙΙ</span> <span class='ocrx_word' id='word_1_2' title='bbox 380 415 410 452; x_wconf 79' lang='grc'>11</span> <span class='ocrx_word' id='word_1_3' title='bbox 429 415 574 453; x_wconf 72' lang='lat' dir='ltr'>vtntoltvtt</span> <span class='ocrx_word' id='word_1_4' title='bbox 591 415 870 454; x_wconf 65' lang='lat' dir='ltr'>Wil&#39;l&#39;iilil’sslitililissss</span> <span class='ocrx_word' id='word_1_5' title='bbox 888 415 990 452; x_wconf 71' lang='grc' dir='ltr'><strong>ΟΒΔΉΟ</strong></span> <span class='ocrx_word' id='word_1_6' title='bbox 1010 417 1030 452; x_wconf 83' lang='lat'>1.</span> <span class='ocrx_word' id='word_1_7' title='bbox 1053 415 1119 452; x_wconf 64' lang='lat' dir='ltr'>EST.</span> <span class='ocrx_word' id='word_1_8' title='bbox 1132 416 1158 452; x_wconf 78' lang='grc' dir='ltr'>Δ.</span> <span class='ocrx_word' id='word_1_9' title='bbox 1172 409 1233 453; x_wconf 62' lang='lat' dir='ltr'>idid.</span> <span class='ocrx_word' id='word_1_10' title='bbox 1353 383 1375 455; x_wconf 78' lang='grc'>9</span> 
     </span>
    </p>
   </div>
   <div class='ocr_carea' id='block_1_2' title="bbox 18 567 1447 3818">
    <p class='ocr_par' dir='ltr' id='par_1_2' title="bbox 18 567 1447 3818">
     <span class='ocr_line' id='line_1_2' title="bbox 98 567 1377 651; baseline 0 -19"><span class='ocrx_word' id='word_1_11' title='bbox 98 573 256 651; x_wconf 84' lang='lat' dir='ltr'>composito</span> <span class='ocrx_word' id='word_1_12' title='bbox 277 580 307 634; x_wconf 88' lang='lat' dir='ltr'>at</span> <span class='ocrx_word' id='word_1_13' title='bbox 327 571 400 634; x_wconf 83' lang='lat' dir='ltr'>nihil</span> <span class='ocrx_word' id='word_1_14' title='bbox 420 572 572 632; x_wconf 84' lang='lat' dir='ltr'>immutato</span> <span class='ocrx_word' id='word_1_15' title='bbox 584 570 675 646; x_wconf 77' lang='lat' dir='ltr'>&#39;vultu</span> <span class='ocrx_word' id='word_1_16' title='bbox 697 589 785 650; x_wconf 89' lang='lat' dir='ltr'>quem</span> <span class='ocrx_word' id='word_1_17' title='bbox 804 572 955 633; x_wconf 90' lang='lat' dir='ltr'>occisurus</span> <span class='ocrx_word' id='word_1_18' title='bbox 970 580 1033 633; x_wconf 92' lang='lat' dir='ltr'>erat</span> <span class='ocrx_word' id='word_1_19' title='bbox 1050 574 1176 650; x_wconf 88' lang='lat' dir='ltr'>aspexit,</span> <span class='ocrx_word' id='word_1_20' title='bbox 1200 567 1306 632; x_wconf 89' lang='lat' dir='ltr'>blando</span> <span class='ocrx_word' id='word_1_21' title='bbox 1325 589 1377 632; x_wconf 90' lang='lat' dir='ltr'>ore</span> 
     </span>
     <span class='ocr_line' id='line_1_3' title="bbox 97 670 1375 752; baseline 0.001 -19"><span class='ocrx_word' id='word_1_22' title='bbox 97 693 125 734; x_wconf 87' lang='lat' dir='ltr'>ac</span> <span class='ocrx_word' id='word_1_23' title='bbox 145 675 251 734; x_wconf 84' lang='lat' dir='ltr'>amieis</span> <span class='ocrx_word' id='word_1_24' title='bbox 265 673 363 734; x_wconf 83' lang='lat' dir='ltr'>serbis</span> <span class='ocrx_word' id='word_1_25' title='bbox 378 673 481 734; x_wconf 81' lang='lat' dir='ltr'>aliatus</span> <span class='ocrx_word' id='word_1_26' title='bbox 498 679 556 743; x_wconf 85' lang='lat' dir='ltr'>est;</span> <span class='ocrx_word' id='word_1_27' title='bbox 577 671 658 734; x_wconf 89' lang='lat' dir='ltr'>iubet</span> <span class='ocrx_word' id='word_1_28' title='bbox 672 675 759 734; x_wconf 88' lang='lat' dir='ltr'>etiam</span> <span class='ocrx_word' id='word_1_29' title='bbox 774 675 839 734; x_wconf 88' lang='lat' dir='ltr'>sine</span> <span class='ocrx_word' id='word_1_30' title='bbox 854 673 943 733; x_wconf 92' lang='lat' dir='ltr'>armis</span> <span class='ocrx_word' id='word_1_31' title='bbox 958 689 1037 738; x_wconf 87' lang='lat' dir='ltr'>esse.</span> <span class='ocrx_word' id='word_1_32' title='bbox 1061 673 1149 752; x_wconf 85' lang='lat' dir='ltr'>‘quod</span> <span class='ocrx_word' id='word_1_33' title='bbox 1165 689 1261 751; x_wconf 89' lang='lat' dir='ltr'>neque</span> <span class='ocrx_word' id='word_1_34' title='bbox 1280 670 1375 749; x_wconf 84' lang='lat' dir='ltr'>longe’</span> 
     </span>
     <span class='ocr_line' id='line_1_4' title="bbox 98 773 1377 854; baseline 0 -20"><span class='ocrx_word' id='word_1_35' title='bbox 98 776 186 854; x_wconf 87' lang='lat' dir='ltr'>inquit</span> <span class='ocrx_word' id='word_1_36' title='bbox 208 773 405 836; x_wconf 69' lang='lat' dir='ltr'><strong>‘comitaberis</strong></span> <span class='ocrx_word' id='word_1_37' title='bbox 425 781 456 836; x_wconf 90' lang='lat' dir='ltr'>et</span> <span class='ocrx_word' id='word_1_38' title='bbox 470 776 531 835; x_wconf 87' lang='lat' dir='ltr'>iter·</span> <span class='ocrx_word' id='word_1_39' title='bbox 542 792 681 836; x_wconf 87' lang='lat' dir='ltr'>securum</span> <span class='ocrx_word' id='word_1_40' title='bbox 697 783 754 844; x_wconf 89' lang='lat' dir='ltr'>est,</span> <span class='ocrx_word' id='word_1_41' title='bbox 778 777 841 838; x_wconf 89' lang='lat' dir='ltr'>sine</span> <span class='ocrx_word' id='word_1_42' title='bbox 857 773 984 845; x_wconf 83' lang='lat' dir='ltr'>insidiis,</span> <span class='ocrx_word' id='word_1_43' title='bbox 1007 777 1070 837; x_wconf 87' lang='lat' dir='ltr'>sine</span> <span class='ocrx_word' id='word_1_44' title='bbox 1090 773 1248 854; x_wconf 89' lang='lat' dir='ltr'>periculo’;</span> <span class='ocrx_word' id='word_1_45' title='bbox 1262 782 1298 837; x_wconf 85' lang='lat' dir='ltr'>et</span> <span class='ocrx_word' id='word_1_46' title='bbox 1314 782 1377 835; x_wconf 88' lang='lat' dir='ltr'>crat</span> 
     </span>
     <span class='ocr_line' id='line_1_5' title="bbox 98 875 1375 956; baseline 0 -19"><span class='ocrx_word' id='word_1_47' title='bbox 98 895 179 946; x_wconf 86' lang='lat' dir='ltr'>sane,</span> <span class='ocrx_word' id='word_1_48' title='bbox 203 877 259 938; x_wconf 88' lang='lat' dir='ltr'>nisi</span> <span class='ocrx_word' id='word_1_49' title='bbox 277 885 419 956; x_wconf 89' lang='lat' dir='ltr'>quantum</span> <span class='ocrx_word' id='word_1_50' title='bbox 437 879 502 956; x_wconf 88' lang='lat' dir='ltr'>ipse</span> <span class='ocrx_word' id='word_1_51' title='bbox 523 876 666 938; x_wconf 84' lang='lat' dir='ltr'>allaturus</span> <span class='ocrx_word' id='word_1_52' title='bbox 687 879 775 940; x_wconf 87' lang='lat' dir='ltr'>vonit.</span> <span class='ocrx_word' id='word_1_53' title='bbox 810 875 893 946; x_wconf 84' lang='lat' dir='ltr'>Quod</span> <span class='ocrx_word' id='word_1_54' title='bbox 912 877 1080 938; x_wconf 80' lang='lat' dir='ltr'>recordanti</span> <span class='ocrx_word' id='word_1_55' title='bbox 1101 875 1171 937; x_wconf 82' lang='lat' dir='ltr'>milri</span> <span class='ocrx_word' id='word_1_56' title='bbox 1190 875 1276 946; x_wconf 91' lang='lat' dir='ltr'>subit,</span> <span class='ocrx_word' id='word_1_57' title='bbox 1299 878 1375 955; x_wconf 88' lang='lat' dir='ltr'>quod</span> 
     </span>
     <span class='ocr_line' id='line_1_6' title="bbox 83 976 1376 1058; baseline -0.001 -19"><span class='ocrx_word' id='word_1_58' title='bbox 83 981 142 1057; x_wconf 72' lang='lat' dir='ltr'>oqui</span> <span class='ocrx_word' id='word_1_59' title='bbox 164 979 331 1058; x_wconf 81' lang='lat' dir='ltr'>proditione</span> <span class='ocrx_word' id='word_1_60' title='bbox 352 985 490 1048; x_wconf 90' lang='lat' dir='ltr'>utuntur,</span> <span class='ocrx_word' id='word_1_61' title='bbox 510 997 564 1058; x_wconf 90' lang='lat' dir='ltr'>per</span> <span class='ocrx_word' id='word_1_62' title='bbox 584 978 657 1042; x_wconf 88' lang='lat' dir='ltr'>alios</span> <span class='ocrx_word' id='word_1_63' title='bbox 679 999 742 1042; x_wconf 88' lang='lat' dir='ltr'>eam</span> <span class='ocrx_word' id='word_1_64' title='bbox 765 979 821 1042; x_wconf 90' lang='lat' dir='ltr'>sibi</span> <span class='ocrx_word' id='word_1_65' title='bbox 842 985 1029 1058; x_wconf 89' lang='lat' dir='ltr'>comparant:</span> <span class='ocrx_word' id='word_1_66' title='bbox 1061 978 1109 1039; x_wconf 86' lang='lat' dir='ltr'>hic</span> <span class='ocrx_word' id='word_1_67' title='bbox 1132 976 1186 1037; x_wconf 92' lang='lat' dir='ltr'>sibi</span> <span class='ocrx_word' id='word_1_68' title='bbox 1205 977 1285 1038; x_wconf 92' lang='lat' dir='ltr'>illum</span> <span class='ocrx_word' id='word_1_69' title='bbox 1308 995 1376 1056; x_wconf 91' lang='lat' dir='ltr'>pro·</span> 
     </span>
     <span class='ocr_line' id='line_1_7' title="bbox 98 1078 1377 1160; baseline -0.002 -18"><span class='ocrx_word' id='word_1_70' title='bbox 98 1082 162 1142; x_wconf 89' lang='lat' dir='ltr'>didit</span> <span class='ocrx_word' id='word_1_71' title='bbox 183 1083 265 1160; x_wconf 88' lang='lat' dir='ltr'>ipse,</span> <span class='ocrx_word' id='word_1_72' title='bbox 286 1099 382 1160; x_wconf 82' lang='lat' dir='ltr'>neque</span> <span class='ocrx_word' id='word_1_73' title='bbox 405 1080 462 1142; x_wconf 90' lang='lat' dir='ltr'>hoc</span> <span class='ocrx_word' id='word_1_74' title='bbox 483 1082 567 1160; x_wconf 86' lang='lat' dir='ltr'>pensi</span> <span class='ocrx_word' id='word_1_75' title='bbox 589 1080 691 1141; x_wconf 89' lang='lat' dir='ltr'>habuit</span> <span class='ocrx_word' id='word_1_76' title='bbox 708 1079 865 1149; x_wconf 90' lang='lat' dir='ltr'>scelestus,</span> <span class='ocrx_word' id='word_1_77' title='bbox 900 1081 977 1159; x_wconf 88' lang='lat' dir='ltr'>quod</span> <span class='ocrx_word' id='word_1_78' title='bbox 1006 1078 1104 1140; x_wconf 85' lang='lat' dir='ltr'>dicere</span> <span class='ocrx_word' id='word_1_79' title='bbox 1132 1079 1235 1140; x_wconf 88' lang='lat' dir='ltr'>solitus</span> <span class='ocrx_word' id='word_1_80' title='bbox 1257 1089 1301 1142; x_wconf 88' lang='lat' dir='ltr'>est</span> <span class='ocrx_word' id='word_1_81' title='bbox 1320 1080 1377 1141; x_wconf 79' lang='lat' dir='ltr'>du-</span> 
     </span>
     <span class='ocr_line' id='line_1_8' title="bbox 99 1180 1377 1263; baseline 0.001 -21"><span class='ocrx_word' id='word_1_82' title='bbox 99 1191 194 1260; x_wconf 86' lang='lat' dir='ltr'>gustus</span> <span class='ocrx_word' id='word_1_83' title='bbox 213 1183 325 1253; x_wconf 73' lang='lat' dir='ltr'>Cesar,</span> <span class='ocrx_word' id='word_1_84' title='bbox 347 1184 542 1261; x_wconf 74' lang='lat' dir='ltr'>proditionem</span> <span class='ocrx_word' id='word_1_85' title='bbox 565 1201 664 1244; x_wconf 87' lang='lat' dir='ltr'>amare</span> <span class='ocrx_word' id='word_1_86' title='bbox 683 1201 732 1255; x_wconf 86' lang='lat' dir='ltr'>se,</span> <span class='ocrx_word' id='word_1_87' title='bbox 754 1184 920 1263; x_wconf 71' lang='lat' dir='ltr'>proditores</span> <span class='ocrx_word' id='word_1_88' title='bbox 938 1199 1006 1243; x_wconf 87' lang='lat' dir='ltr'>vero</span> <span class='ocrx_word' id='word_1_89' title='bbox 1021 1198 1080 1242; x_wconf 92' lang='lat' dir='ltr'>non</span> <span class='ocrx_word' id='word_1_90' title='bbox 1096 1180 1228 1250; x_wconf 89' lang='lat' dir='ltr'>laudare;</span> <span class='ocrx_word' id='word_1_91' title='bbox 1251 1182 1300 1252; x_wconf 84' lang='lat' dir='ltr'>hie</span> <span class='ocrx_word' id='word_1_92' title='bbox 1317 1200 1377 1244; x_wconf 91' lang='lat' dir='ltr'>ma·</span> 
     </span>
     <span class='ocr_line' id='line_1_9' title="bbox 99 1267 1447 1364; baseline 0.004 -22"><span class='ocrx_word' id='word_1_93' title='bbox 99 1284 137 1344; x_wconf 89' lang='lat' dir='ltr'>lus</span> <span class='ocrx_word' id='word_1_94' title='bbox 158 1301 224 1346; x_wconf 88' lang='lat' dir='ltr'>esse</span> <span class='ocrx_word' id='word_1_95' title='bbox 248 1283 357 1346; x_wconf 87' lang='lat' dir='ltr'>mavult</span> <span class='ocrx_word' id='word_1_96' title='bbox 377 1285 455 1363; x_wconf 86' lang='lat' dir='ltr'>ipse,</span> <span class='ocrx_word' id='word_1_97' title='bbox 488 1303 576 1364; x_wconf 85' lang='lat' dir='ltr'>quarn</span> <span class='ocrx_word' id='word_1_98' title='bbox 603 1283 686 1346; x_wconf 91' lang='lat' dir='ltr'>malis</span> <span class='ocrx_word' id='word_1_99' title='bbox 708 1287 750 1346; x_wconf 93' lang='lat' dir='ltr'>uti</span> <span class='ocrx_word' id='word_1_100' title='bbox 777 1267 848 1345; x_wconf 89' lang='lat' dir='ltr'>aliis.</span> <span class='ocrx_word' id='word_1_101' title='bbox 894 1285 994 1363; x_wconf 84' lang='lat' dir='ltr'>ltaque</span> <span class='ocrx_word' id='word_1_102' title='bbox 1017 1282 1066 1345; x_wconf 88' lang='lat' dir='ltr'>ubi</span> <span class='ocrx_word' id='word_1_103' title='bbox 1087 1285 1157 1344; x_wconf 92' lang='lat' dir='ltr'>satis</span> <span class='ocrx_word' id='word_1_104' title='bbox 1177 1283 1219 1346; x_wconf 90' lang='lat' dir='ltr'>illi</span> <span class='ocrx_word' id='word_1_105' title='bbox 1241 1283 1319 1344; x_wconf 89' lang='lat' dir='ltr'>bono</span> <span class='ocrx_word' id='word_1_106' title='bbox 1342 1303 1447 1353; x_wconf 71' lang='lat' dir='ltr'>actus.</span> 
     </span>
     <span class='ocr_line' id='line_1_10' title="bbox 99 1381 1378 1467; baseline 0 -23"><span class='ocrx_word' id='word_1_107' title='bbox 99 1381 217 1464; x_wconf 78' lang='lat' dir='ltr'>simplici</span> <span class='ocrx_word' id='word_1_108' title='bbox 241 1387 435 1464; x_wconf 83' lang='lat' dir='ltr'>persuasisset</span> <span class='ocrx_word' id='word_1_109' title='bbox 456 1387 523 1448; x_wconf 87' lang='lat' dir='ltr'>lidei</span> <span class='ocrx_word' id='word_1_110' title='bbox 545 1389 731 1467; x_wconf 83' lang='lat' dir='ltr'>opinionem,</span> <span class='ocrx_word' id='word_1_111' title='bbox 768 1387 886 1448; x_wconf 90' lang='lat' dir='ltr'>tandem</span> <span class='ocrx_word' id='word_1_112' title='bbox 906 1387 1000 1446; x_wconf 92' lang='lat' dir='ltr'>munit</span> <span class='ocrx_word' id='word_1_113' title='bbox 1021 1403 1053 1448; x_wconf 91' lang='lat' dir='ltr'>se</span> <span class='ocrx_word' id='word_1_114' title='bbox 1082 1386 1187 1456; x_wconf 91' lang='lat' dir='ltr'>armis,</span> <span class='ocrx_word' id='word_1_115' title='bbox 1216 1403 1312 1466; x_wconf 78' lang='lat' dir='ltr'>neque</span> <span class='ocrx_word' id='word_1_116' title='bbox 1333 1386 1378 1446; x_wconf 87' lang='lat' dir='ltr'>his</span> 
     </span>
     <span class='ocr_line' id='line_1_11' title="bbox 75 1474 1377 1568; baseline 0 -20"><span class='ocrx_word' id='word_1_117' title='bbox 75 1487 201 1566; x_wconf 74' lang='lat' dir='ltr'>inquibus</span> <span class='ocrx_word' id='word_1_118' title='bbox 220 1495 290 1550; x_wconf 88' lang='lat' dir='ltr'>ante</span> <span class='ocrx_word' id='word_1_119' title='bbox 312 1489 400 1560; x_wconf 90' lang='lat' dir='ltr'>loeis,</span> <span class='ocrx_word' id='word_1_120' title='bbox 421 1507 520 1568; x_wconf 86' lang='lat' dir='ltr'>neque</span> <span class='ocrx_word' id='word_1_121' title='bbox 541 1507 576 1550; x_wconf 91' lang='lat' dir='ltr'>eo</span> <span class='ocrx_word' id='word_1_122' title='bbox 598 1505 658 1566; x_wconf 86' lang='lat' dir='ltr'>quo</span> <span class='ocrx_word' id='word_1_123' title='bbox 677 1488 786 1550; x_wconf 87' lang='lat' dir='ltr'>soleret</span> <span class='ocrx_word' id='word_1_124' title='bbox 806 1487 922 1558; x_wconf 87' lang='lat' dir='ltr'>habitu,</span> <span class='ocrx_word' id='word_1_125' title='bbox 947 1494 975 1548; x_wconf 88' lang='lat' dir='ltr'>et</span> <span class='ocrx_word' id='word_1_126' title='bbox 995 1486 1068 1548; x_wconf 88' lang='lat' dir='ltr'>elam</span> <span class='ocrx_word' id='word_1_127' title='bbox 1088 1474 1234 1548; x_wconf 86' lang='lat' dir='ltr'>omnibus.</span> <span class='ocrx_word' id='word_1_128' title='bbox 1268 1493 1377 1550; x_wconf 77' lang='lat' dir='ltr'>exeun·</span> 
     </span>
     <span class='ocr_line' id='line_1_12' title="bbox 100 1588 1376 1669; baseline 0.002 -22"><span class='ocrx_word' id='word_1_129' title='bbox 100 1597 150 1649; x_wconf 81' lang='lat' dir='ltr'>tem</span> <span class='ocrx_word' id='word_1_130' title='bbox 171 1590 327 1652; x_wconf 89' lang='lat' dir='ltr'>comitatus</span> <span class='ocrx_word' id='word_1_131' title='bbox 349 1598 393 1653; x_wconf 89' lang='lat' dir='ltr'>est</span> <span class='ocrx_word' id='word_1_132' title='bbox 414 1597 515 1651; x_wconf 89' lang='lat' dir='ltr'>noster</span> <span class='ocrx_word' id='word_1_133' title='bbox 535 1589 599 1659; x_wconf 91' lang='lat' dir='ltr'>ille,</span> <span class='ocrx_word' id='word_1_134' title='bbox 623 1597 703 1651; x_wconf 92' lang='lat' dir='ltr'>totus</span> <span class='ocrx_word' id='word_1_135' title='bbox 724 1592 787 1652; x_wconf 90' lang='lat' dir='ltr'>sine</span> <span class='ocrx_word' id='word_1_136' title='bbox 808 1592 897 1650; x_wconf 88' lang='lat' dir='ltr'>armis</span> <span class='ocrx_word' id='word_1_137' title='bbox 925 1588 1126 1669; x_wconf 86' lang='lat' dir='ltr'>equestribus,</span> <span class='ocrx_word' id='word_1_138' title='bbox 1155 1588 1260 1668; x_wconf 88' lang='lat' dir='ltr'>pusillo</span> <span class='ocrx_word' id='word_1_139' title='bbox 1289 1607 1376 1667; x_wconf 88' lang='lat' dir='ltr'>equo,</span> 
     </span>
     <span class='ocr_line' id='line_1_13' title="bbox 100 1689 1376 1774; baseline 0.002 -24"><span class='ocrx_word' id='word_1_140' title='bbox 100 1697 205 1752; x_wconf 89' lang='lat' dir='ltr'>utnon</span> <span class='ocrx_word' id='word_1_141' title='bbox 228 1690 315 1770; x_wconf 90' lang='lat' dir='ltr'>louge</span> <span class='ocrx_word' id='word_1_142' title='bbox 335 1694 444 1760; x_wconf 91' lang='lat' dir='ltr'>iturus,</span> <span class='ocrx_word' id='word_1_143' title='bbox 468 1699 501 1752; x_wconf 94' lang='lat' dir='ltr'>ut</span> <span class='ocrx_word' id='word_1_144' title='bbox 522 1692 605 1755; x_wconf 84' lang='lat' dir='ltr'>brevi</span> <span class='ocrx_word' id='word_1_145' title='bbox 626 1709 813 1761; x_wconf 67' lang='lat' dir='ltr'>reuersurum</span> <span class='ocrx_word' id='word_1_146' title='bbox 838 1694 956 1755; x_wconf 87' lang='lat' dir='ltr'>nescius</span> <span class='ocrx_word' id='word_1_147' title='bbox 977 1693 1067 1752; x_wconf 88' lang='lat' dir='ltr'>miser</span> <span class='ocrx_word' id='word_1_148' title='bbox 1086 1689 1122 1750; x_wconf 90' lang='lat' dir='ltr'>ad</span> <span class='ocrx_word' id='word_1_149' title='bbox 1145 1708 1233 1770; x_wconf 89' lang='lat' dir='ltr'>quam</span> <span class='ocrx_word' id='word_1_150' title='bbox 1254 1691 1376 1774; x_wconf 81' lang='lat' dir='ltr'>cladem,</span> 
     </span>
     <span class='ocr_line' id='line_1_14' title="bbox 18 1775 1376 1874; baseline 0.004 -22"><span class='ocrx_word' id='word_1_151' title='bbox 18 1805 20 1808; x_wconf 86' lang='grc'><strong><em>·</em></strong></span> <span class='ocrx_word' id='word_1_152' title='bbox 99 1792 130 1852; x_wconf 92' lang='lat' dir='ltr'>ad</span> <span class='ocrx_word' id='word_1_153' title='bbox 151 1793 230 1872; x_wconf 84' lang='lat' dir='ltr'>quod</span> <span class='ocrx_word' id='word_1_154' title='bbox 254 1795 373 1854; x_wconf 88' lang='lat' dir='ltr'>exitium</span> <span class='ocrx_word' id='word_1_155' title='bbox 397 1794 572 1863; x_wconf 75' lang='lat' dir='ltr'>duceretur:</span> <span class='ocrx_word' id='word_1_156' title='bbox 593 1797 680 1874; x_wconf 85' lang='lat' dir='ltr'>quam</span> <span class='ocrx_word' id='word_1_157' title='bbox 703 1811 762 1854; x_wconf 93' lang='lat' dir='ltr'>non</span> <span class='ocrx_word' id='word_1_158' title='bbox 781 1809 954 1856; x_wconf 86' lang='lat' dir='ltr'>reversurus</span> <span class='ocrx_word' id='word_1_159' title='bbox 976 1793 1013 1854; x_wconf 92' lang='lat' dir='ltr'>ad</span> <span class='ocrx_word' id='word_1_160' title='bbox 1031 1775 1115 1854; x_wconf 37' lang='lat' dir='ltr'>hunc·</span> <span class='ocrx_word' id='word_1_161' title='bbox 1129 1793 1266 1863; x_wconf 82' lang='lat' dir='ltr'>tratrem,</span> <span class='ocrx_word' id='word_1_162' title='bbox 1289 1811 1376 1873; x_wconf 87' lang='lat' dir='ltr'>quam</span> 
     </span>
     <span class='ocr_line' id='line_1_15' title="bbox 99 1892 1377 1984; baseline 0.002 -30"><span class='ocrx_word' id='word_1_163' title='bbox 99 1913 151 1954; x_wconf 90' lang='lat' dir='ltr'>uon</span> <span class='ocrx_word' id='word_1_164' title='bbox 173 1895 325 1984; x_wconf 84' lang='lat' dir='ltr'>revisurus</span> <span class='ocrx_word' id='word_1_165' title='bbox 345 1895 425 1957; x_wconf 91' lang='lat' dir='ltr'>hunc</span> <span class='ocrx_word' id='word_1_166' title='bbox 447 1905 560 1974; x_wconf 84' lang='lat' dir='ltr'>patrem</span> <span class='ocrx_word' id='word_1_167' title='bbox 584 1897 690 1964; x_wconf 77' lang='lat' dir='ltr'>exiiet3</span> <span class='ocrx_word' id='word_1_168' title='bbox 710 1894 788 1974; x_wconf 89' lang='lat' dir='ltr'>quod</span> <span class='ocrx_word' id='word_1_169' title='bbox 804 1896 859 1956; x_wconf 88' lang='lat' dir='ltr'>iste</span> <span class='ocrx_word' id='word_1_170' title='bbox 872 1894 991 1956; x_wconf 92' lang='lat' dir='ltr'>ultimus</span> <span class='ocrx_word' id='word_1_171' title='bbox 1008 1894 1064 1956; x_wconf 91' lang='lat' dir='ltr'>sibi</span> <span class='ocrx_word' id='word_1_172' title='bbox 1084 1894 1147 1955; x_wconf 78' lang='lat' dir='ltr'>ritae</span> <span class='ocrx_word' id='word_1_173' title='bbox 1164 1892 1241 1964; x_wconf 89' lang='lat' dir='ltr'>dies,</span> <span class='ocrx_word' id='word_1_174' title='bbox 1263 1897 1377 1974; x_wconf 89' lang='lat' dir='ltr'>primus</span> 
     </span>
     <span class='ocr_line' id='line_1_16' title="bbox 74 1995 1444 2103; baseline 0 -47"><span class='ocrx_word' id='word_1_175' title='bbox 74 1995 237 2058; x_wconf 71' lang='lat' dir='ltr'>romalorum</span> <span class='ocrx_word' id='word_1_176' title='bbox 266 1999 442 2060; x_wconf 89' lang='lat' dir='ltr'>constitutus</span> <span class='ocrx_word' id='word_1_177' title='bbox 469 2005 590 2103; x_wconf 60' lang='lat' dir='ltr'>esset·</span> <span class='ocrx_word' id='word_1_178' title='bbox 599 1997 784 2059; x_wconf 88' lang='lat' dir='ltr'>interturbor</span> <span class='ocrx_word' id='word_1_179' title='bbox 809 1997 983 2077; x_wconf 73' lang='lat' dir='ltr'>lachrymis,</span> <span class='ocrx_word' id='word_1_180' title='bbox 1013 1997 1166 2064; x_wconf 87' lang='lat' dir='ltr'>Germani,</span> <span class='ocrx_word' id='word_1_181' title='bbox 1198 2014 1257 2075; x_wconf 89' lang='lat' dir='ltr'>quo</span> <span class='ocrx_word' id='word_1_182' title='bbox 1279 1999 1444 2064; x_wconf 73' lang='lat' dir='ltr'>nsinustat.</span> 
     </span>
     <span class='ocr_line' id='line_1_17' title="bbox 98 2097 1378 2179; baseline 0.004 -24"><span class='ocrx_word' id='word_1_183' title='bbox 98 2109 157 2175; x_wconf 87' lang='lat' dir='ltr'>apte</span> <span class='ocrx_word' id='word_1_184' title='bbox 178 2100 216 2160; x_wconf 87' lang='lat' dir='ltr'>de</span> <span class='ocrx_word' id='word_1_185' title='bbox 238 2099 284 2178; x_wconf 70' lang='lat' dir='ltr'>igis</span> <span class='ocrx_word' id='word_1_186' title='bbox 304 2117 370 2178; x_wconf 76' lang='lat' dir='ltr'>quaa</span> <span class='ocrx_word' id='word_1_187' title='bbox 387 2107 550 2179; x_wconf 85' lang='lat' dir='ltr'>sequuntur</span> <span class='ocrx_word' id='word_1_188' title='bbox 573 2101 681 2162; x_wconf 88' lang='lat' dir='ltr'>decore</span> <span class='ocrx_word' id='word_1_189' title='bbox 703 2106 733 2161; x_wconf 89' lang='lat' dir='ltr'>et</span> <span class='ocrx_word' id='word_1_190' title='bbox 752 2099 883 2178; x_wconf 87' lang='lat' dir='ltr'>apposite</span> <span class='ocrx_word' id='word_1_191' title='bbox 901 2098 1012 2160; x_wconf 86' lang='lat' dir='ltr'>dicam:</span> <span class='ocrx_word' id='word_1_192' title='bbox 1033 2097 1103 2177; x_wconf 89' lang='lat' dir='ltr'>quid</span> <span class='ocrx_word' id='word_1_193' title='bbox 1121 2117 1237 2178; x_wconf 85' lang='lat' dir='ltr'>possem</span> <span class='ocrx_word' id='word_1_194' title='bbox 1253 2100 1330 2160; x_wconf 90' lang='lat' dir='ltr'>enim</span> <span class='ocrx_word' id='word_1_195' title='bbox 1348 2101 1378 2160; x_wconf 91' lang='lat' dir='ltr'>iu</span> 
     </span>
     <span class='ocr_line' id='line_1_18' title="bbox 98 2200 1378 2281; baseline 0.003 -23"><span class='ocrx_word' id='word_1_196' title='bbox 98 2217 127 2260; x_wconf 90' lang='lat' dir='ltr'>re</span> <span class='ocrx_word' id='word_1_197' title='bbox 147 2201 212 2262; x_wconf 78' lang='lat' dir='ltr'>tali?</span> <span class='ocrx_word' id='word_1_198' title='bbox 235 2219 337 2280; x_wconf 85' lang='lat' dir='ltr'>quaeso</span> <span class='ocrx_word' id='word_1_199' title='bbox 358 2219 416 2262; x_wconf 92' lang='lat' dir='ltr'>nou</span> <span class='ocrx_word' id='word_1_200' title='bbox 438 2202 544 2280; x_wconf 82' lang='lat' dir='ltr'>exigite</span> <span class='ocrx_word' id='word_1_201' title='bbox 565 2202 710 2280; x_wconf 78' lang='lat' dir='ltr'>dignitatis</span> <span class='ocrx_word' id='word_1_202' title='bbox 731 2203 875 2263; x_wconf 87' lang='lat' dir='ltr'>rationem</span> <span class='ocrx_word' id='word_1_203' title='bbox 898 2200 934 2261; x_wconf 92' lang='lat' dir='ltr'>ab</span> <span class='ocrx_word' id='word_1_204' title='bbox 956 2219 992 2261; x_wconf 91' lang='lat' dir='ltr'>eo</span> <span class='ocrx_word' id='word_1_205' title='bbox 1013 2201 1063 2279; x_wconf 89' lang='lat' dir='ltr'>qui</span> <span class='ocrx_word' id='word_1_206' title='bbox 1079 2217 1133 2279; x_wconf 84' lang='lat' dir='ltr'>por</span> <span class='ocrx_word' id='word_1_207' title='bbox 1149 2201 1378 2281; x_wconf 79' lang='lat' dir='ltr'>magnitudinem</span> 
     </span>
     <span class='ocr_line' id='line_1_19' title="bbox 99 2289 1377 2382; baseline 0.002 -22"><span class='ocrx_word' id='word_1_208' title='bbox 99 2301 201 2364; x_wconf 91' lang='lat' dir='ltr'>doloris</span> <span class='ocrx_word' id='word_1_209' title='bbox 222 2303 278 2364; x_wconf 85' lang='lat' dir='ltr'>sibi</span> <span class='ocrx_word' id='word_1_210' title='bbox 305 2321 366 2364; x_wconf 91' lang='lat' dir='ltr'>uon</span> <span class='ocrx_word' id='word_1_211' title='bbox 393 2311 515 2364; x_wconf 84' lang='lat' dir='ltr'>constat.</span> <span class='ocrx_word' id='word_1_212' title='bbox 560 2303 618 2364; x_wconf 86' lang='lat' dir='ltr'>Ubi·</span> <span class='ocrx_word' id='word_1_213' title='bbox 641 2309 722 2364; x_wconf 84' lang='lat' dir='ltr'>estre</span> <span class='ocrx_word' id='word_1_214' title='bbox 749 2289 853 2364; x_wconf 71' lang='lat' dir='ltr'>urliem</span> <span class='ocrx_word' id='word_1_215' title='bbox 871 2310 994 2366; x_wconf 80' lang='lat' dir='ltr'>uentum</span> <span class='ocrx_word' id='word_1_216' title='bbox 1017 2309 1076 2373; x_wconf 85' lang='lat' dir='ltr'>est,</span> <span class='ocrx_word' id='word_1_217' title='bbox 1099 2321 1202 2366; x_wconf 87' lang='lat' dir='ltr'>omnes</span> <span class='ocrx_word' id='word_1_218' title='bbox 1224 2321 1279 2382; x_wconf 91' lang='lat' dir='ltr'>per</span> <span class='ocrx_word' id='word_1_219' title='bbox 1301 2320 1377 2381; x_wconf 90' lang='lat' dir='ltr'>quos</span> 
     </span>
     <span class='ocr_line' id='line_1_20' title="bbox 99 2403 1377 2484; baseline 0.002 -21"><span class='ocrx_word' id='word_1_220' title='bbox 99 2423 150 2464; x_wconf 90' lang='lat' dir='ltr'>nou</span> <span class='ocrx_word' id='word_1_221' title='bbox 172 2413 318 2466; x_wconf 78' lang='lat' dir='ltr'>staturum</span> <span class='ocrx_word' id='word_1_222' title='bbox 340 2405 397 2466; x_wconf 92' lang='lat' dir='ltr'>hoc</span> <span class='ocrx_word' id='word_1_223' title='bbox 419 2407 501 2467; x_wconf 83' lang='lat' dir='ltr'>netas</span> <span class='ocrx_word' id='word_1_224' title='bbox 523 2405 657 2484; x_wconf 82' lang='lat' dir='ltr'>putabat,</span> <span class='ocrx_word' id='word_1_225' title='bbox 681 2404 717 2466; x_wconf 88' lang='lat' dir='ltr'>ab</span> <span class='ocrx_word' id='word_1_226' title='bbox 738 2423 771 2466; x_wconf 91' lang='lat' dir='ltr'>se</span> <span class='ocrx_word' id='word_1_227' title='bbox 793 2405 924 2473; x_wconf 84' lang='lat' dir='ltr'>dimittit,</span> <span class='ocrx_word' id='word_1_228' title='bbox 947 2405 1036 2466; x_wconf 90' lang='lat' dir='ltr'>allum</span> <span class='ocrx_word' id='word_1_229' title='bbox 1057 2403 1129 2475; x_wconf 92' lang='lat' dir='ltr'>alio,</span> <span class='ocrx_word' id='word_1_230' title='bbox 1151 2407 1190 2466; x_wconf 91' lang='lat' dir='ltr'>ita</span> <span class='ocrx_word' id='word_1_231' title='bbox 1213 2411 1245 2467; x_wconf 92' lang='lat' dir='ltr'>ut</span> <span class='ocrx_word' id='word_1_232' title='bbox 1259 2405 1377 2466; x_wconf 89' lang='lat' dir='ltr'>tandem</span> 
     </span>
     <span class='ocr_line' id='line_1_21' title="bbox 70 2495 1378 2583; baseline 0.006 -23"><span class='ocrx_word' id='word_1_233' title='bbox 70 2513 200 2583; x_wconf 69' lang='lat' dir='ltr'>sprraeter</span> <span class='ocrx_word' id='word_1_234' title='bbox 221 2505 300 2568; x_wconf 86' lang='lat' dir='ltr'>illam</span> <span class='ocrx_word' id='word_1_235' title='bbox 323 2507 452 2568; x_wconf 90' lang='lat' dir='ltr'>iuturam</span> <span class='ocrx_word' id='word_1_236' title='bbox 474 2509 618 2568; x_wconf 82' lang='lat' dir='ltr'>victimam</span> <span class='ocrx_word' id='word_1_237' title='bbox 636 2515 665 2570; x_wconf 91' lang='lat' dir='ltr'>et</span> <span class='ocrx_word' id='word_1_238' title='bbox 686 2525 777 2568; x_wconf 92' lang='lat' dir='ltr'>unum</span> <span class='ocrx_word' id='word_1_239' title='bbox 801 2527 836 2568; x_wconf 91' lang='lat' dir='ltr'>ex</span> <span class='ocrx_word' id='word_1_240' title='bbox 858 2495 974 2567; x_wconf 79' lang='lat' dir='ltr'>famulis</span> <span class='ocrx_word' id='word_1_241' title='bbox 996 2507 1056 2570; x_wconf 92' lang='lat' dir='ltr'>suis</span> <span class='ocrx_word' id='word_1_242' title='bbox 1077 2509 1224 2570; x_wconf 89' lang='lat' dir='ltr'>neminem</span> <span class='ocrx_word' id='word_1_243' title='bbox 1246 2509 1327 2568; x_wconf 90' lang='lat' dir='ltr'>iuxta</span> <span class='ocrx_word' id='word_1_244' title='bbox 1345 2527 1378 2568; x_wconf 87' lang='lat' dir='ltr'>se</span> 
     </span>
     <span class='ocr_line' id='line_1_22' title="bbox 98 2607 1378 2690; baseline 0.004 -24"><span class='ocrx_word' id='word_1_245' title='bbox 98 2607 237 2669; x_wconf 85' lang='lat' dir='ltr'>habuerit</span> <span class='ocrx_word' id='word_1_246' title='bbox 277 2608 318 2670; x_wconf 89' lang='lat' dir='ltr'>ibi</span> <span class='ocrx_word' id='word_1_247' title='bbox 341 2616 402 2670; x_wconf 87' lang='lat' dir='ltr'>toto</span> <span class='ocrx_word' id='word_1_248' title='bbox 424 2607 528 2690; x_wconf 82' lang='lat' dir='ltr'>campo</span> <span class='ocrx_word' id='word_1_249' title='bbox 548 2611 669 2672; x_wconf 83' lang='lat' dir='ltr'>incertis</span> <span class='ocrx_word' id='word_1_250' title='bbox 691 2608 845 2673; x_wconf 87' lang='lat' dir='ltr'>itineribus</span> <span class='ocrx_word' id='word_1_251' title='bbox 867 2607 1008 2670; x_wconf 87' lang='lat' dir='ltr'>oberrare</span> <span class='ocrx_word' id='word_1_252' title='bbox 1030 2609 1131 2688; x_wconf 73' lang='lat' dir='ltr'>erepit,</span> <span class='ocrx_word' id='word_1_253' title='bbox 1155 2610 1244 2672; x_wconf 90' lang='lat' dir='ltr'>modo</span> <span class='ocrx_word' id='word_1_254' title='bbox 1257 2611 1287 2670; x_wconf 93' lang='lat' dir='ltr'>in</span> <span class='ocrx_word' id='word_1_255' title='bbox 1301 2610 1378 2672; x_wconf 91' lang='lat' dir='ltr'>hano</span> 
     </span>
     <span class='ocr_line' id='line_1_23' title="bbox 99 2710 1377 2791; baseline 0.002 -21"><span class='ocrx_word' id='word_1_256' title='bbox 99 2711 229 2771; x_wconf 84' lang='lat' dir='ltr'>modain</span> <span class='ocrx_word' id='word_1_257' title='bbox 247 2710 327 2772; x_wconf 89' lang='lat' dir='ltr'>illam</span> <span class='ocrx_word' id='word_1_258' title='bbox 350 2713 424 2772; x_wconf 88' lang='lat' dir='ltr'>viam</span> <span class='ocrx_word' id='word_1_259' title='bbox 446 2711 610 2782; x_wconf 90' lang='lat' dir='ltr'>declinans,</span> <span class='ocrx_word' id='word_1_260' title='bbox 639 2711 769 2791; x_wconf 85' lang='lat' dir='ltr'>undique</span> <span class='ocrx_word' id='word_1_261' title='bbox 791 2711 1086 2788; x_wconf 82' lang='lat' dir='ltr'>carnificinae&#39;locurn</span> <span class='ocrx_word' id='word_1_262' title='bbox 1112 2713 1310 2791; x_wconf 85' lang='lat' dir='ltr'>prospiciens,</span> <span class='ocrx_word' id='word_1_263' title='bbox 1333 2712 1377 2772; x_wconf 91' lang='lat' dir='ltr'>ni·</span> 
     </span>
     <span class='ocr_line' id='line_1_24' title="bbox 98 2801 1444 2892; baseline 0.004 -23"><span class='ocrx_word' id='word_1_264' title='bbox 98 2810 134 2871; x_wconf 78' lang='lat' dir='ltr'>lril</span> <span class='ocrx_word' id='word_1_265' title='bbox 154 2813 223 2874; x_wconf 87' lang='lat' dir='ltr'>satis</span> <span class='ocrx_word' id='word_1_266' title='bbox 244 2811 359 2883; x_wconf 86' lang='lat' dir='ltr'>ridens,</span> <span class='ocrx_word' id='word_1_267' title='bbox 386 2815 483 2876; x_wconf 88' lang='lat' dir='ltr'>omnia</span> <span class='ocrx_word' id='word_1_268' title='bbox 509 2816 624 2876; x_wconf 86' lang='lat' dir='ltr'>timens.</span> <span class='ocrx_word' id='word_1_269' title='bbox 665 2813 703 2876; x_wconf 88' lang='lat' dir='ltr'>llt</span> <span class='ocrx_word' id='word_1_270' title='bbox 730 2814 807 2874; x_wconf 91' lang='lat' dir='ltr'>enim</span> <span class='ocrx_word' id='word_1_271' title='bbox 836 2813 1019 2892; x_wconf 86' lang='lat' dir='ltr'>cognoscatis</span> <span class='ocrx_word' id='word_1_272' title='bbox 1048 2815 1126 2876; x_wconf 91' lang='lat' dir='ltr'>iuxta</span> <span class='ocrx_word' id='word_1_273' title='bbox 1152 2801 1268 2876; x_wconf 87' lang='lat' dir='ltr'>insitam</span> <span class='ocrx_word' id='word_1_274' title='bbox 1292 2813 1444 2880; x_wconf 82' lang='lat' dir='ltr'>mali-tos.</span> 
     </span>
     <span class='ocr_line' id='line_1_25' title="bbox 100 2912 1378 2986; baseline 0.002 -12"><span class='ocrx_word' id='word_1_275' title='bbox 100 2917 163 2976; x_wconf 89' lang='lat' dir='ltr'>tiam</span> <span class='ocrx_word' id='word_1_276' title='bbox 186 2914 258 2984; x_wconf 87' lang='lat' dir='ltr'>nihil</span> <span class='ocrx_word' id='word_1_277' title='bbox 277 2933 343 2976; x_wconf 88' lang='lat' dir='ltr'>csse</span> <span class='ocrx_word' id='word_1_278' title='bbox 364 2915 422 2977; x_wconf 86' lang='lat' dir='ltr'>hoc</span> <span class='ocrx_word' id='word_1_279' title='bbox 443 2915 659 2986; x_wconf 83' lang='lat' dir='ltr'>meticulosius,</span> <span class='ocrx_word' id='word_1_280' title='bbox 682 2914 755 2978; x_wconf 89' lang='lat' dir='ltr'>nihil</span> <span class='ocrx_word' id='word_1_281' title='bbox 776 2915 920 2986; x_wconf 90' lang='lat' dir='ltr'>timidius,</span> <span class='ocrx_word' id='word_1_282' title='bbox 943 2912 1226 2984; x_wconf 85' lang='lat' dir='ltr'>nihilimbecillius„</span> <span class='ocrx_word' id='word_1_283' title='bbox 1246 2915 1378 2976; x_wconf 87' lang='lat' dir='ltr'>nonsibi</span> 
     </span>
     <span class='ocr_line' id='line_1_26' title="bbox 71 3016 1378 3096; baseline 0.005 -22"><span class='ocrx_word' id='word_1_284' title='bbox 71 3016 131 3076; x_wconf 72' lang='lat' dir='ltr'>aad</span> <span class='ocrx_word' id='word_1_285' title='bbox 152 3017 365 3080; x_wconf 83' lang='lat' dir='ltr'>condolendum</span> <span class='ocrx_word' id='word_1_286' title='bbox 388 3019 537 3096; x_wconf 89' lang='lat' dir='ltr'>negotium</span> <span class='ocrx_word' id='word_1_287' title='bbox 556 3017 691 3080; x_wconf 82' lang='lat' dir='ltr'>sulficere</span> <span class='ocrx_word' id='word_1_288' title='bbox 714 3016 882 3090; x_wconf 84' lang='lat' dir='ltr'>uidebatur,</span> <span class='ocrx_word' id='word_1_289' title='bbox 905 3018 962 3077; x_wconf 91' lang='lat' dir='ltr'>nisi</span> <span class='ocrx_word' id='word_1_290' title='bbox 984 3017 1021 3078; x_wconf 91' lang='lat' dir='ltr'>ad</span> <span class='ocrx_word' id='word_1_291' title='bbox 1043 3035 1092 3078; x_wconf 89' lang='lat' dir='ltr'>eas</span> <span class='ocrx_word' id='word_1_292' title='bbox 1113 3035 1186 3095; x_wconf 84' lang='lat' dir='ltr'>quas</span> <span class='ocrx_word' id='word_1_293' title='bbox 1210 3025 1276 3080; x_wconf 90' lang='lat' dir='ltr'>ante</span> <span class='ocrx_word' id='word_1_294' title='bbox 1298 3035 1378 3080; x_wconf 90' lang='lat' dir='ltr'>com·</span> 
     </span>
     <span class='ocr_line' id='line_1_27' title="bbox 99 3119 1378 3200; baseline 0.002 -22"><span class='ocrx_word' id='word_1_295' title='bbox 99 3127 244 3194; x_wconf 72' lang='lat' dir='ltr'>parauerat</span> <span class='ocrx_word' id='word_1_296' title='bbox 261 3137 334 3199; x_wconf 87' lang='lat' dir='ltr'>opes</span> <span class='ocrx_word' id='word_1_297' title='bbox 352 3119 408 3181; x_wconf 88' lang='lat' dir='ltr'>loci</span> <span class='ocrx_word' id='word_1_298' title='bbox 428 3138 546 3200; x_wconf 88' lang='lat' dir='ltr'>quoque</span> <span class='ocrx_word' id='word_1_299' title='bbox 565 3120 813 3200; x_wconf 86' lang='lat' dir='ltr'>opportunitatem</span> <span class='ocrx_word' id='word_1_300' title='bbox 833 3121 1015 3198; x_wconf 65' lang='lat' dir='ltr'>exquirerem</span> <span class='ocrx_word' id='word_1_301' title='bbox 1039 3137 1130 3198; x_wconf 86' lang='lat' dir='ltr'>quare</span> <span class='ocrx_word' id='word_1_302' title='bbox 1150 3121 1247 3189; x_wconf 89' lang='lat' dir='ltr'>etiam,</span> <span class='ocrx_word' id='word_1_303' title='bbox 1269 3121 1378 3200; x_wconf 88' lang='lat' dir='ltr'>nequid</span> 
     </span>
     <span class='ocr_line' id='line_1_28' title="bbox 99 3220 1378 3292; baseline 0.002 -12"><span class='ocrx_word' id='word_1_304' title='bbox 99 3239 179 3281; x_wconf 83' lang='lat' dir='ltr'>secus</span> <span class='ocrx_word' id='word_1_305' title='bbox 199 3240 233 3282; x_wconf 88' lang='lat' dir='ltr'>ao</span> <span class='ocrx_word' id='word_1_306' title='bbox 253 3223 417 3284; x_wconf 89' lang='lat' dir='ltr'>institutum</span> <span class='ocrx_word' id='word_1_307' title='bbox 439 3229 503 3284; x_wconf 88' lang='lat' dir='ltr'>erat</span> <span class='ocrx_word' id='word_1_308' title='bbox 523 3222 657 3292; x_wconf 88' lang='lat' dir='ltr'>cederet,</span> <span class='ocrx_word' id='word_1_309' title='bbox 682 3223 764 3284; x_wconf 88' lang='lat' dir='ltr'>iussit</span> <span class='ocrx_word' id='word_1_310' title='bbox 785 3220 966 3284; x_wconf 86' lang='lat' dir='ltr'>descendere</span> <span class='ocrx_word' id='word_1_311' title='bbox 987 3220 1128 3282; x_wconf 76' lang='lat' dir='ltr'>famulum</span> <span class='ocrx_word' id='word_1_312' title='bbox 1150 3228 1179 3284; x_wconf 88' lang='lat' dir='ltr'>et</span> <span class='ocrx_word' id='word_1_313' title='bbox 1195 3221 1304 3282; x_wconf 89' lang='lat' dir='ltr'>arctius</span> <span class='ocrx_word' id='word_1_314' title='bbox 1321 3221 1378 3282; x_wconf 89' lang='lat' dir='ltr'>sibi</span> 
     </span>
     <span class='ocr_line' id='line_1_29' title="bbox 99 3323 1378 3403; baseline 0.003 -23"><span class='ocrx_word' id='word_1_315' title='bbox 99 3341 201 3400; x_wconf 84' lang='lat' dir='ltr'>equum</span> <span class='ocrx_word' id='word_1_316' title='bbox 224 3325 415 3403; x_wconf 87' lang='lat' dir='ltr'>succingere,</span> <span class='ocrx_word' id='word_1_317' title='bbox 438 3323 553 3385; x_wconf 82' lang='lat' dir='ltr'>murrdre</span> <span class='ocrx_word' id='word_1_318' title='bbox 575 3323 716 3392; x_wconf 88' lang='lat' dir='ltr'>calearia,</span> <span class='ocrx_word' id='word_1_319' title='bbox 740 3323 868 3386; x_wconf 89' lang='lat' dir='ltr'>iormare</span> <span class='ocrx_word' id='word_1_320' title='bbox 889 3323 1023 3393; x_wconf 91' lang='lat' dir='ltr'>irenum,</span> <span class='ocrx_word' id='word_1_321' title='bbox 1044 3323 1220 3402; x_wconf 88' lang='lat' dir='ltr'>prudentius</span> <span class='ocrx_word' id='word_1_322' title='bbox 1245 3323 1378 3400; x_wconf 87' lang='lat' dir='ltr'>lupaturn</span> 
     </span>
     <span class='ocr_line' id='line_1_30' title="bbox 100 3423 1379 3505; baseline 0.002 -23"><span class='ocrx_word' id='word_1_323' title='bbox 100 3423 213 3494; x_wconf 89' lang='lat' dir='ltr'>indere;</span> <span class='ocrx_word' id='word_1_324' title='bbox 243 3425 294 3487; x_wconf 90' lang='lat' dir='ltr'>ubi</span> <span class='ocrx_word' id='word_1_325' title='bbox 322 3443 445 3488; x_wconf 86' lang='lat' dir='ltr'>securus</span> <span class='ocrx_word' id='word_1_326' title='bbox 472 3423 520 3487; x_wconf 91' lang='lat' dir='ltr'>ille</span> <span class='ocrx_word' id='word_1_327' title='bbox 550 3426 695 3487; x_wconf 86' lang='lat' dir='ltr'>occidioni</span> <span class='ocrx_word' id='word_1_328' title='bbox 716 3425 918 3490; x_wconf 59' lang='lat' dir='ltr'>submulatus</span> <span class='ocrx_word' id='word_1_329' title='bbox 938 3443 998 3486; x_wconf 77' lang='lat' dir='ltr'>suar</span> <span class='ocrx_word' id='word_1_330' title='bbox 1020 3443 1129 3505; x_wconf 88' lang='lat' dir='ltr'>equum</span> <span class='ocrx_word' id='word_1_331' title='bbox 1151 3425 1277 3486; x_wconf 87' lang='lat' dir='ltr'>ministri</span> <span class='ocrx_word' id='word_1_332' title='bbox 1298 3432 1379 3486; x_wconf 89' lang='lat' dir='ltr'>tenet</span> 
     </span>
     <span class='ocr_line' id='line_1_31' title="bbox 71 3523 1409 3606; baseline 0.002 -21"><span class='ocrx_word' id='word_1_333' title='bbox 71 3536 201 3596; x_wconf 62' lang='lat' dir='ltr'>romanu,</span> <span class='ocrx_word' id='word_1_334' title='bbox 229 3528 299 3588; x_wconf 89' lang='lat' dir='ltr'>dum</span> <span class='ocrx_word' id='word_1_335' title='bbox 325 3529 421 3588; x_wconf 91' lang='lat' dir='ltr'>omnia</span> <span class='ocrx_word' id='word_1_336' title='bbox 451 3529 616 3590; x_wconf 87' lang='lat' dir='ltr'>cautissime</span> <span class='ocrx_word' id='word_1_337' title='bbox 642 3529 796 3590; x_wconf 88' lang='lat' dir='ltr'>adversum</span> <span class='ocrx_word' id='word_1_338' title='bbox 820 3545 851 3589; x_wconf 89' lang='lat' dir='ltr'>se</span> <span class='ocrx_word' id='word_1_339' title='bbox 874 3534 1062 3606; x_wconf 83' lang='lat' dir='ltr'>apparentur.</span> <span class='ocrx_word' id='word_1_340' title='bbox 1103 3545 1158 3588; x_wconf 90' lang='lat' dir='ltr'>nee</span> <span class='ocrx_word' id='word_1_341' title='bbox 1189 3529 1247 3588; x_wconf 85' lang='lat' dir='ltr'>iste</span> <span class='ocrx_word' id='word_1_342' title='bbox 1266 3528 1377 3588; x_wconf 87' lang='lat' dir='ltr'>interea</span> <span class='ocrx_word' id='word_1_343' title='bbox 1405 3523 1409 3534; x_wconf 91' lang='lat'>&#39;</span> 
     </span>
     <span class='ocr_line' id='line_1_32' title="bbox 99 3613 1376 3712; baseline 0.004 -28"><span class='ocrx_word' id='word_1_344' title='bbox 99 3625 270 3690; x_wconf 78' lang='lat' dir='ltr'>familiariter</span> <span class='ocrx_word' id='word_1_345' title='bbox 293 3649 328 3692; x_wconf 88' lang='lat' dir='ltr'>ae</span> <span class='ocrx_word' id='word_1_346' title='bbox 350 3628 456 3691; x_wconf 89' lang='lat' dir='ltr'>blande</span> <span class='ocrx_word' id='word_1_347' title='bbox 478 3613 606 3710; x_wconf 85' lang='lat' dir='ltr'>colloqui</span> <span class='ocrx_word' id='word_1_348' title='bbox 628 3630 749 3700; x_wconf 90' lang='lat' dir='ltr'>desinit,</span> <span class='ocrx_word' id='word_1_349' title='bbox 778 3646 836 3708; x_wconf 88' lang='lat' dir='ltr'>quo</span> <span class='ocrx_word' id='word_1_350' title='bbox 860 3647 948 3690; x_wconf 88' lang='lat' dir='ltr'>omne</span> <span class='ocrx_word' id='word_1_351' title='bbox 976 3629 1149 3707; x_wconf 85' lang='lat' dir='ltr'>suspicionis</span> <span class='ocrx_word' id='word_1_352' title='bbox 1172 3635 1376 3712; x_wconf 82' lang='lat' dir='ltr'>argumentum</span> 
     </span>
     <span class='ocr_line' id='line_1_33' title="bbox 100 3729 1444 3818; baseline 0 -29"><span class='ocrx_word' id='word_1_353' title='bbox 100 3730 227 3791; x_wconf 86' lang='lat' dir='ltr'>emedio</span> <span class='ocrx_word' id='word_1_354' title='bbox 249 3729 340 3793; x_wconf 90' lang='lat' dir='ltr'>tollat.</span> <span class='ocrx_word' id='word_1_355' title='bbox 386 3730 499 3818; x_wconf 76' lang='lat' dir='ltr'>Placuit</span> <span class='ocrx_word' id='word_1_356' title='bbox 520 3732 637 3793; x_wconf 89' lang='lat' dir='ltr'>tandem</span> <span class='ocrx_word' id='word_1_357' title='bbox 659 3733 689 3792; x_wconf 90' lang='lat' dir='ltr'>in</span> <span class='ocrx_word' id='word_1_358' title='bbox 712 3749 776 3794; x_wconf 88' lang='lat' dir='ltr'>eam</span> <span class='ocrx_word' id='word_1_359' title='bbox 799 3749 864 3811; x_wconf 77' lang='lat' dir='ltr'>qum</span> <span class='ocrx_word' id='word_1_360' title='bbox 887 3748 980 3809; x_wconf 91' lang='lat' dir='ltr'>prope</span> <span class='ocrx_word' id='word_1_361' title='bbox 1001 3738 1065 3792; x_wconf 90' lang='lat' dir='ltr'>erat</span> <span class='ocrx_word' id='word_1_362' title='bbox 1079 3730 1186 3811; x_wconf 77' lang='lat' dir='ltr'>sylvam</span> <span class='ocrx_word' id='word_1_363' title='bbox 1204 3730 1444 3818; x_wconf 73' lang='lat' dir='ltr'>succederetur,</span> 
     </span>
    </p>
   </div>
   <div class='ocr_carea' id='block_1_3' title="bbox 99 3879 1439 4798">
    <p class='ocr_par' dir='ltr' id='par_1_3' title="bbox 99 3879 1439 4798">
     <span class='ocr_line' id='line_1_34' title="bbox 160 3879 1378 3952; baseline 0.001 -18"><span class='ocrx_word' id='word_1_364' title='bbox 160 3881 171 3913; x_wconf 84' lang='lat'>³</span> <span class='ocrx_word' id='word_1_365' title='bbox 189 3885 244 3934; x_wconf 81' lang='lat' dir='ltr'>.r·:t</span> <span class='ocrx_word' id='word_1_366' title='bbox 262 3889 291 3935; x_wconf 83' lang='grc'>11.</span> <span class='ocrx_word' id='word_1_367' title='bbox 342 3879 377 3915; x_wconf 70' lang='lat'>⁸¹²</span> <span class='ocrx_word' id='word_1_368' title='bbox 395 3883 532 3949; x_wconf 81' lang='lat' dir='ltr'>Augustos</span> <span class='ocrx_word' id='word_1_369' title='bbox 551 3883 655 3952; x_wconf 78' lang='lat' dir='ltr'>Coessr]</span> <span class='ocrx_word' id='word_1_370' title='bbox 673 3889 702 3933; x_wconf 83' lang='lat' dir='ltr'>li.</span> <span class='ocrx_word' id='word_1_371' title='bbox 722 3886 838 3934; x_wconf 73' lang='lat' dir='ltr'>correxit</span> <span class='ocrx_word' id='word_1_372' title='bbox 856 3883 995 3933; x_wconf 85' lang='lat' dir='ltr'>Romanus</span> <span class='ocrx_word' id='word_1_373' title='bbox 1019 3883 1130 3948; x_wconf 79' lang='lat' dir='ltr'>quidam</span> <span class='ocrx_word' id='word_1_374' title='bbox 1153 3885 1314 3950; x_wconf 79' lang='lat' dir='ltr'>Imperator.</span> <span class='ocrx_word' id='word_1_375' title='bbox 1337 3902 1378 3935; x_wconf 86' lang='lat' dir='ltr'>re·</span> 
     </span>
     <span class='ocr_line' id='line_1_35' title="bbox 99 3967 1379 4034; baseline 0.006 -22"><span class='ocrx_word' id='word_1_376' title='bbox 99 3969 180 4029; x_wconf 70' lang='lat' dir='ltr'>spexit</span> <span class='ocrx_word' id='word_1_377' title='bbox 197 3971 230 4018; x_wconf 88' lang='lat' dir='ltr'>ad</span> <span class='ocrx_word' id='word_1_378' title='bbox 246 3969 378 4020; x_wconf 74' lang='lat' dir='ltr'>Plutarch.</span> <span class='ocrx_word' id='word_1_379' title='bbox 396 3971 423 4020; x_wconf 82' lang='lat' dir='ltr'>iu</span> <span class='ocrx_word' id='word_1_380' title='bbox 441 3969 510 4019; x_wconf 84' lang='lat' dir='ltr'>ilem.</span> <span class='ocrx_word' id='word_1_381' title='bbox 526 3970 566 4019; x_wconf 88' lang='grc'>17.</span> <span class='ocrx_word' id='word_1_382' title='bbox 585 3968 638 4031; x_wconf 88' lang='lat' dir='ltr'>(ed.</span> <span class='ocrx_word' id='word_1_383' title='bbox 652 3969 747 4021; x_wconf 83' lang='lat' dir='ltr'>lteislr.</span> <span class='ocrx_word' id='word_1_384' title='bbox 761 3971 782 4019; x_wconf 91' lang='lat'>1.</span> <span class='ocrx_word' id='word_1_385' title='bbox 796 3985 822 4034; x_wconf 91' lang='lat' dir='ltr'>p.</span> <span class='ocrx_word' id='word_1_386' title='bbox 837 3967 907 4032; x_wconf 84' lang='grc'>113.)</span> <span class='ocrx_word' id='word_1_387' title='bbox 926 3984 1000 4032; x_wconf 89' lang='lat' dir='ltr'>„non</span> <span class='ocrx_word' id='word_1_388' title='bbox 1019 3969 1120 4030; x_wconf 88' lang='lat' dir='ltr'>solum,</span> <span class='ocrx_word' id='word_1_389' title='bbox 1140 3973 1170 4019; x_wconf 89' lang='lat' dir='ltr'>ut</span> <span class='ocrx_word' id='word_1_390' title='bbox 1182 3969 1303 4033; x_wconf 87' lang='lat' dir='ltr'>videtur,</span> <span class='ocrx_word' id='word_1_391' title='bbox 1323 3969 1379 4020; x_wconf 82' lang='lat' dir='ltr'>An·</span> 
     </span>
     <span class='ocr_line' id='line_1_36' title="bbox 100 4047 1375 4120; baseline 0.006 -22"><span class='ocrx_word' id='word_1_392' title='bbox 100 4052 202 4115; x_wconf 76' lang='lat' dir='ltr'>sigonae</span> <span class='ocrx_word' id='word_1_393' title='bbox 219 4053 288 4104; x_wconf 84' lang='lat' dir='ltr'>dixit</span> <span class='ocrx_word' id='word_1_394' title='bbox 306 4053 452 4120; x_wconf 80' lang='lat' dir='ltr'>prodentes</span> <span class='ocrx_word' id='word_1_395' title='bbox 471 4047 684 4119; x_wconf 61' lang='lat' dir='ltr'>lepodemum,</span> <span class='ocrx_word' id='word_1_396' title='bbox 698 4056 800 4118; x_wconf 74' lang='lat' dir='ltr'>Bryon.</span> <span class='ocrx_word' id='word_1_397' title='bbox 813 4051 985 4117; x_wconf 74' lang='grc' dir='ltr'><strong><em>προδοσίας,</em></strong></span> <span class='ocrx_word' id='word_1_398' title='bbox 998 4051 1177 4120; x_wconf 81' lang='lat' dir='ltr'>proditiones]</span> <span class='ocrx_word' id='word_1_399' title='bbox 1198 4069 1291 4105; x_wconf 82' lang='lat' dir='ltr'>amere</span> <span class='ocrx_word' id='word_1_400' title='bbox 1304 4069 1375 4116; x_wconf 84' lang='lat' dir='ltr'>sese,</span> 
     </span>
     <span class='ocr_line' id='line_1_37' title="bbox 100 4137 1376 4205; baseline 0.005 -21"><span class='ocrx_word' id='word_1_401' title='bbox 100 4153 143 4188; x_wconf 80' lang='lat' dir='ltr'>eos</span> <span class='ocrx_word' id='word_1_402' title='bbox 160 4153 220 4190; x_wconf 86' lang='lat' dir='ltr'>uero</span> <span class='ocrx_word' id='word_1_403' title='bbox 242 4140 288 4205; x_wconf 87' lang='lat' dir='ltr'>qui</span> <span class='ocrx_word' id='word_1_404' title='bbox 307 4137 504 4205; x_wconf 85' lang='lat' dir='ltr'>prodidissent,</span> <span class='ocrx_word' id='word_1_405' title='bbox 528 4139 633 4202; x_wconf 70' lang='lat' dir='ltr'>odisse,</span> <span class='ocrx_word' id='word_1_406' title='bbox 657 4153 745 4205; x_wconf 87' lang='lat' dir='ltr'>neque</span> <span class='ocrx_word' id='word_1_407' title='bbox 769 4137 864 4189; x_wconf 82' lang='lat' dir='ltr'>Caesar</span> <span class='ocrx_word' id='word_1_408' title='bbox 885 4137 982 4189; x_wconf 83' lang='lat' dir='ltr'>dicens</span> <span class='ocrx_word' id='word_1_409' title='bbox 1005 4137 1039 4188; x_wconf 88' lang='lat' dir='ltr'>de</span> <span class='ocrx_word' id='word_1_410' title='bbox 1061 4138 1169 4190; x_wconf 81' lang='lat' dir='ltr'>Thrsee</span> <span class='ocrx_word' id='word_1_411' title='bbox 1192 4139 1376 4204; x_wconf 79' lang='lat' dir='ltr'>Rhymituloe,</span> 
     </span>
     <span class='ocr_line' id='line_1_38' title="bbox 101 4221 1377 4290; baseline -0.001 -15"><span class='ocrx_word' id='word_1_412' title='bbox 101 4237 188 4275; x_wconf 75' lang='lat' dir='ltr'>amare</span> <span class='ocrx_word' id='word_1_413' title='bbox 204 4239 232 4276; x_wconf 87' lang='lat' dir='ltr'>ee</span> <span class='ocrx_word' id='word_1_414' title='bbox 250 4223 447 4290; x_wconf 86' lang='lat' dir='ltr'>proditionem,</span> <span class='ocrx_word' id='word_1_415' title='bbox 465 4223 630 4290; x_wconf 87' lang='lat' dir='ltr'>proditorem</span> <span class='ocrx_word' id='word_1_416' title='bbox 649 4229 741 4278; x_wconf 82' lang='lat' dir='ltr'>eutem</span> <span class='ocrx_word' id='word_1_417' title='bbox 759 4223 877 4278; x_wconf 84' lang='lat' dir='ltr'>odisse”,</span> <span class='ocrx_word' id='word_1_418' title='bbox 906 4222 979 4274; x_wconf 88' lang='lat' dir='ltr'>Plut.</span> <span class='ocrx_word' id='word_1_419' title='bbox 993 4222 1124 4290; x_wconf 82' lang='lat' dir='ltr'>apophth.</span> <span class='ocrx_word' id='word_1_420' title='bbox 1137 4221 1197 4275; x_wconf 79' lang='lat'><strong>207.</strong></span> <span class='ocrx_word' id='word_1_421' title='bbox 1211 4223 1266 4288; x_wconf 84' lang='lat' dir='ltr'>(ed.</span> <span class='ocrx_word' id='word_1_422' title='bbox 1279 4225 1377 4276; x_wconf 87' lang='lat' dir='ltr'>Reisk.</span> 
     </span>
     <span class='ocr_line' id='line_1_39' title="bbox 101 4296 1439 4374; baseline 0.002 -19"><span class='ocrx_word' id='word_1_423' title='bbox 101 4306 141 4356; x_wconf 79' lang='lat' dir='ltr'>Vl.</span> <span class='ocrx_word' id='word_1_424' title='bbox 153 4324 180 4374; x_wconf 92' lang='lat' dir='ltr'>p.</span> <span class='ocrx_word' id='word_1_425' title='bbox 192 4307 258 4374; x_wconf 78' lang='lat' dir='ltr'>rto.)</span> <span class='ocrx_word' id='word_1_426' title='bbox 290 4307 367 4358; x_wconf 83' lang='lat' dir='ltr'>‘Cum</span> <span class='ocrx_word' id='word_1_427' title='bbox 385 4307 580 4372; x_wconf 84' lang='lat' dir='ltr'>erymoteieos</span> <span class='ocrx_word' id='word_1_428' title='bbox 598 4309 736 4360; x_wconf 84' lang='lat' dir='ltr'>Thracum</span> <span class='ocrx_word' id='word_1_429' title='bbox 755 4325 802 4362; x_wconf 73' lang='grc' dir='ltr'>τοι</span> <span class='ocrx_word' id='word_1_430' title='bbox 822 4308 856 4358; x_wconf 81' lang='lat' dir='ltr'>ab</span> <span class='ocrx_word' id='word_1_431' title='bbox 875 4301 992 4360; x_wconf 80' lang='lat' dir='ltr'>dnt&#39;onio</span> <span class='ocrx_word' id='word_1_432' title='bbox 1012 4307 1047 4356; x_wconf 82' lang='lat' dir='ltr'>ad</span> <span class='ocrx_word' id='word_1_433' title='bbox 1064 4307 1152 4373; x_wconf 83' lang='lat' dir='ltr'>ipsum</span> <span class='ocrx_word' id='word_1_434' title='bbox 1171 4307 1333 4370; x_wconf 85' lang='lat' dir='ltr'>deiecisset,</span> <span class='ocrx_word' id='word_1_435' title='bbox 1435 4296 1439 4304; x_wconf 57' lang='lat'>¹</span> 
     </span>
     <span class='ocr_line' id='line_1_40' title="bbox 101 4389 1376 4458; baseline 0.002 -19"><span class='ocrx_word' id='word_1_436' title='bbox 101 4392 237 4456; x_wconf 83' lang='lat' dir='ltr'>propinans</span> <span class='ocrx_word' id='word_1_437' title='bbox 256 4393 361 4444; x_wconf 84' lang='lat' dir='ltr'>cuidam</span> <span class='ocrx_word' id='word_1_438' title='bbox 381 4393 544 4458; x_wconf 86' lang='lat' dir='ltr'>reliquorum</span> <span class='ocrx_word' id='word_1_439' title='bbox 563 4409 656 4458; x_wconf 83' lang='lat' dir='ltr'>rogem</span> <span class='ocrx_word' id='word_1_440' title='bbox 675 4395 769 4443; x_wconf 68' lang='lat' dir='ltr'>Caesar</span> <span class='ocrx_word' id='word_1_441' title='bbox 788 4389 846 4458; x_wconf 83' lang='lat' dir='ltr'>[qui</span> <span class='ocrx_word' id='word_1_442' title='bbox 864 4393 965 4458; x_wconf 87' lang='lat' dir='ltr'>primus</span> <span class='ocrx_word' id='word_1_443' title='bbox 983 4391 1121 4457; x_wconf 80' lang='lat' dir='ltr'>Augustus</span> <span class='ocrx_word' id='word_1_444' title='bbox 1141 4397 1183 4442; x_wconf 88' lang='lat' dir='ltr'>est</span> <span class='ocrx_word' id='word_1_445' title='bbox 1201 4395 1376 4458; x_wconf 85' lang='lat' dir='ltr'>cogu&#39;ornina·</span> 
     </span>
     <span class='ocr_line' id='line_1_41' title="bbox 100 4473 1376 4545; baseline 0.003 -23"><span class='ocrx_word' id='word_1_446' title='bbox 100 4473 150 4540; x_wconf 89' lang='lat' dir='ltr'>tus]</span> <span class='ocrx_word' id='word_1_447' title='bbox 168 4475 232 4528; x_wconf 80' lang='lat' dir='ltr'>dixit</span> <span class='ocrx_word' id='word_1_448' title='bbox 250 4479 319 4544; x_wconf 80' lang='lat' dir='ltr'>‘Ego</span> <span class='ocrx_word' id='word_1_449' title='bbox 337 4478 517 4544; x_wconf 87' lang='lat' dir='ltr'>proditionem</span> <span class='ocrx_word' id='word_1_450' title='bbox 536 4495 610 4540; x_wconf 84' lang='lat' dir='ltr'>emo,</span> <span class='ocrx_word' id='word_1_451' title='bbox 631 4478 782 4545; x_wconf 89' lang='lat' dir='ltr'>proditores</span> <span class='ocrx_word' id='word_1_452' title='bbox 796 4483 886 4528; x_wconf 80' lang='lat' dir='ltr'>autem</span> <span class='ocrx_word' id='word_1_453' title='bbox 899 4492 953 4526; x_wconf 91' lang='lat' dir='ltr'>nou</span> <span class='ocrx_word' id='word_1_454' title='bbox 965 4475 1065 4526; x_wconf 86' lang='lat' dir='ltr'>luudo’.</span> <span class='ocrx_word' id='word_1_455' title='bbox 1100 4477 1143 4527; x_wconf 88' lang='lat' dir='ltr'>De</span> <span class='ocrx_word' id='word_1_456' title='bbox 1155 4477 1285 4543; x_wconf 86' lang='lat' dir='ltr'>Philippo</span> <span class='ocrx_word' id='word_1_457' title='bbox 1305 4477 1376 4543; x_wconf 79' lang='lat' dir='ltr'>apud</span> 
     </span>
     <span class='ocr_line' id='line_1_42' title="bbox 101 4552 1375 4627; baseline 0.002 -19"><span class='ocrx_word' id='word_1_458' title='bbox 101 4559 172 4609; x_wconf 63' lang='lat' dir='ltr'>stab.</span> <span class='ocrx_word' id='word_1_459' title='bbox 185 4561 384 4614; x_wconf 57' lang='lat' dir='ltr'>torittslvoo.</span> <span class='ocrx_word' id='word_1_460' title='bbox 397 4569 524 4614; x_wconf 81' lang='lat' dir='ltr'>narratur</span> <span class='ocrx_word' id='word_1_461' title='bbox 535 4579 597 4614; x_wconf 88' lang='lat' dir='ltr'>eum</span> <span class='ocrx_word' id='word_1_462' title='bbox 609 4563 711 4614; x_wconf 87' lang='lat' dir='ltr'>dixisse</span> <span class='ocrx_word' id='word_1_463' title='bbox 724 4555 790 4620; x_wconf 75' lang='grc' dir='ltr'>τούς</span> <span class='ocrx_word' id='word_1_464' title='bbox 801 4555 956 4627; x_wconf 65' lang='grc' dir='ltr'><strong><em>μέλλοντας</em></strong></span> <span class='ocrx_word' id='word_1_465' title='bbox 968 4552 1141 4624; x_wconf 72' lang='grc' dir='ltr'>προδιδόναι</span> <span class='ocrx_word' id='word_1_466' title='bbox 1153 4553 1277 4626; x_wconf 74' lang='lat' dir='ltr'>politurae</span> <span class='ocrx_word' id='word_1_467' title='bbox 1291 4560 1375 4625; x_wconf 76' lang='grc' dir='ltr'>φιλοῖ,</span> 
     </span>
     <span class='ocr_line' id='line_1_43' title="bbox 100 4635 1375 4714; baseline -0.001 -19"><span class='ocrx_word' id='word_1_468' title='bbox 100 4639 162 4702; x_wconf 77' lang='grc' dir='ltr'><strong><em>τοὺς</em></strong></span> <span class='ocrx_word' id='word_1_469' title='bbox 184 4635 207 4694; x_wconf 81' lang='grc' dir='ltr'>δ’</span> <span class='ocrx_word' id='word_1_470' title='bbox 217 4635 273 4712; x_wconf 76' lang='grc' dir='ltr'>ἤδη</span> <span class='ocrx_word' id='word_1_471' title='bbox 290 4640 509 4710; x_wconf 69' lang='grc' dir='ltr'>προδεδωκότας</span> <span class='ocrx_word' id='word_1_472' title='bbox 530 4641 652 4714; x_wconf 75' lang='grc' dir='ltr'>μάλιστα</span> <span class='ocrx_word' id='word_1_473' title='bbox 674 4646 753 4714; x_wconf 79' lang='lat' dir='ltr'>patrui.</span> <span class='ocrx_word' id='word_1_474' title='bbox 825 4644 1102 4712; x_wconf 65' lang='grc' dir='ltr'>ι101.νο1.1.ρ.111.</span> <span class='ocrx_word' id='word_1_475' title='bbox 1171 4645 1193 4680; x_wconf 75' lang='lat'>¹²</span> <span class='ocrx_word' id='word_1_476' title='bbox 1212 4645 1334 4696; x_wconf 78' lang='lat' dir='ltr'>caederet</span> <span class='ocrx_word' id='word_1_477' title='bbox 1350 4649 1375 4694; x_wconf 81' lang='grc'>2.</span> 
     </span>
     <span class='ocr_line' id='line_1_44' title="bbox 100 4725 1134 4798; baseline 0.002 -20"><span class='ocrx_word' id='word_1_478' title='bbox 100 4725 119 4758; x_wconf 68' lang='lat'><strong>³</strong></span> <span class='ocrx_word' id='word_1_479' title='bbox 136 4727 193 4788; x_wconf 89' lang='lat' dir='ltr'>illo]</span> <span class='ocrx_word' id='word_1_480' title='bbox 210 4731 426 4782; x_wconf 78' lang='grc' dir='ltr'>Ιοο.11ο11οιιὶιο.</span> <span class='ocrx_word' id='word_1_481' title='bbox 478 4731 500 4765; x_wconf 84' lang='lat'>¹⁰</span> <span class='ocrx_word' id='word_1_482' title='bbox 518 4729 583 4798; x_wconf 87' lang='lat' dir='ltr'>iste]</span> <span class='ocrx_word' id='word_1_483' title='bbox 603 4733 674 4783; x_wconf 90' lang='lat' dir='ltr'>Dux.</span> <span class='ocrx_word' id='word_1_484' title='bbox 737 4729 759 4764; x_wconf 77' lang='lat'>⁸²</span> <span class='ocrx_word' id='word_1_485' title='bbox 777 4728 891 4796; x_wconf 81' lang='lat' dir='ltr'>sylvam]</span> <span class='ocrx_word' id='word_1_486' title='bbox 911 4730 1134 4796; x_wconf 83' lang='lat' dir='ltr'>B&#39;dblingensom.</span> 
     </span>
    </p>
   </div>
   <div class='ocr_carea' id='block_1_4' title="bbox 0 0 1746 5526">
    <p class='ocr_par' dir='ltr' id='par_1_4' title="bbox 0 0 1746 5526">
     <span class='ocr_line' id='line_1_45' title="bbox 0 0 1746 5526; baseline 0 0"><span class='ocrx_word' id='word_1_487' title='bbox 0 0 1746 5526; x_wconf 95' lang='lat' dir='ltr'> </span> 
     </span>
    </p>
   </div>
  </div>
 </body>
</html>
