3434 5512
339 419 413 492 ⁴³68
471 451 606 487 ntentans
620 451 794 488 utentiottttt
807 453 842 489 D!
856 453 1004 491 convulsit
1016 453 1190 491 AVGVfl‘l'lllfll
1203 457 1380 494 DESCRIPTIO.
1394 457 1420 498 A.
1434 452 1493 494 1518.

337 611 419 670 multa
438 613 530 683 patiar
548 611 694 685 insermtis
719 625 804 686 quam
823 615 1014 685 propulsantis
1036 615 1133 672 bellum
1144 618 1218 672 rado
1232 619 1275 672 sit.
1312 619 1505 690 pnodmddem
1521 619 1625 676 drabe

337 696 436 752 debere
457 703 583 766 etpasse
602 697 728 769 probavit
748 698 783 754 aa
803 698 930 764 bonerto,
960 699 994 754 ab
1015 703 1139 765 uilitate,
1167 719 1185 757 a
1207 703 1353 775 religione,
1374 705 1435 758 item
1454 721 1476 758 a
1495 707 1625 776 ροίεπτὲα,

338 799 357 837 a
375 781 555 854 fortitudine,
577 799 595 838 a
617 783 760 854 discrplina
782 784 895 838 militari
900 807 908 846 ‚·
929 783 1086 859 dddiditqas
1106 801 1161 842 nan
1182 789 1242 843 sirie
1261 787 1379 860 Mamm
1400 803 1447 844 eas
1465 803 1552 860 passe
1566 789 1627 844 buis

270 867 327 918 t-tt·
339 869 382 922 rei
400 867 532 939 deficere,
561 881 622 924 enm
644 875 698 923 tota
721 867 913 924 christianitas
934 885 972 925 ea
989 874 1125 942 prasenti
1138 873 1261 943 pendeat
1281 881 1424 928 conventu.
1470 873 1541 928 item
1562 887 1628 929 nsns

337 957 377 1008 est
396 958 424 1007 et
441 953 643 1025 paradigmatis
669 951 871 1025 Imperatorum
893 954 1013 1012 Henrici
1037 963 1063 1010 st
1092 955 1216 1026 Othonis,
1243 961 1291 1030 qai
1315 958 1501 1015 Obm'stiarnrm
1528 971 1645 1014 namma

336 1039 486 1108 sepissime
506 1053 669 1110 oppressum
691 1039 858 1110 liberarant,
881 1046 908 1094 et
927 1056 981 1120 qna
1003 1041 1152 1097 Germania
1170 1041 1289 1098 iburcis
1308 1059 1391 1116 meam
1406 1043 1491 1100 ltalia
1509 1046 1628 1116 propris·

336 1125 417 1194 quior
438 1129 492 1192 est‚
519 1137 551 1178 eo
572 1126 701 1178 maiorem
724 1124 845 1180 dandam
867 1139 981 1196 apes-am
1003 1141 1075 1190 sese,
1104 1133 1131 1182 et
1156 1129 1252 1182 aerinis
1278 1129 1486 1201 insipientiam,
1517 1135 1550 1185 at
1574 1145 1626 1184 nan

336 1209 423 1264 solnm
445 1209 507 1270 sibi,
537 1209 588 1264 sed
612 1210 692 1264 etiam
720 1213 860 1264 communi
885 1211 1024 1266 commodo
1051 1217 1078 1266 st
1098 1213 1205 1268 ntititmi
1228 1215 1411 1269 commiscent.
1454 1213 1492 1270 In
1513 1215 1572 1284 fine
1592 1214 1628 1267 nd

339 1293 514 1348 concordiam
536 1295 687 1366 pontificis-
701 1296 817 1350 maximi
841 1297 950 1350 nomme
976 1296 1052 1352 banis
1080 1302 1107 1352 et
1132 1297 1294 1370 efficacius
1321 1299 1409 1354 uerbis
1428 1298 1560 1354 hortatus
1580 1305 1626 1354 est.
1707 1363 1708 1372 χ

270 1375 485 1449 taruanense
506 1393 567 1434 cnm
585 1379 729 1452 pnntnlnm
752 1381 991 1448 canonizationem,
1013 1382 1217 1452 responderunt
1236 1397 1267 1438 se
1287 1385 1653 1440 mmmatm'smmfflmtt

337 1463 440 1522 damini
459 1466 546 1519 nostri
566 1470 593 1518 et
608 1479 664 1536 per
685 1464 804 1536 diploma
826 1469 881 1520 iant
903 1466 1000 1522 lectam
1022 1473 1048 1520 el
1065 1469 1290 1546 perorationem
1312 1469 1538 1525 reemendissimi
1551 1469 1629 1541 lopati

337 1552 499 1604 concinnam
521 1555 548 1604 et
567 1556 695 1605 ornatam
717 1551 895 1613 intellexisse,
917 1552 1042 1623 qnodque
1062 1566 1148 1623 snper
1169 1546 1324 1608 bataimadi
1337 1556 1442 1626 negabo
1456 1556 1592 1610 secretim
1604 1561 1628 1608 st

337 1637 473 1690 molamus
494 1635 634 1690 consitium
661 1641 752 1692 essent
777 1634 912 1696 habituris
938 1643 1028 1691 minen
1054 1637 1129 1709 qnod
1153 1639 1376 1694 renermdissmsi
1400 1639 1485 1712 iegati
1504 1640 1628 1711 pontifici

338 1721 459 1774 maainm
480 1719 548 1774 illud
567 1719 601 1774 de
618 1720 790 1791 principibus
813 1721 970 1777 &mania
988 1723 1117 1793 polliceri
1123 1730 1252 1794 possent,
1274 1725 1349 1796 quad
1363 1726 1504 1780 sanctitati
1516 1739 1579 1780 snae
1592 1724 1627 1778 art

339 1803 523 1878 defensionem
545 1810 571 1858 et
590 1807 787 1860 incrementum
803 1805 953 1861 Cbn'stiani
964 1809 1081 1862 nominis
1094 1809 1248 1863 υἰάενεωνι
1270 1825 1335 1863 nam
1349 1815 1482 1883 maniam
1499 1809 1542 1864 ad
1557 1809 1625 1864 banc
1635 1823 1653 1858 vt

335 1890 509 1963 provinciam
530 1890 670 1956 attineret,
693 1906 833 1962 nunquam
854 1897 944 1946 essem
964 1892 1100 1964 defuturi,
1123 1892 1248 1964 brevique
1268 1909 1299 1948 se
1314 1909 1478 1965 responsum
1492 1893 1531 1950 de
1544 1897 1626 1951 anni

272 1973 390 2030 l.²¹·bns
410 1975 534 2029 daturos.
579 1972 710 2031 Ceterum
732 1983 876 2049 antequam
899 1976 932 2032 ad
954 1975 1058 2051 reliqua
1082 1993 1240 2051 pergamus,
1264 1977 1367 2052 aliquid
1389 1979 1470 2034 etism
1492 1979 1528 2036 de
1550 1979 1626 2036 modo

337 2052 519 2132 flgffiffil·
542 2071 549 2141 Ι
571 2058 757 2122 consultandi,
785 2059 832 2134 qni
855 2061 968 2118 huiusce
989 2061 1029 2118 rei
1052 2061 1139 2135 gratia
1162 2061 1271 2118 habitus
1299 2071 1358 2126 est,
1386 2063 1561 2121 scribendum
1582 2064 1627 2120 du·

337 2145 437 2203 timus:
466 2144 530 2200 Cum
553 2143 656 2218 aliquid
679 2145 705 2200 in
727 2145 953 2204 consultationem
975 2147 1063 2209 venit,
1092 2147 1207 2203 Caesaris
1228 2148 1369 2223 imperiive
1391 2149 1501 2206 nomine
1531 2149 1625 2224 triplex

336 2227 481 2286 eonsilium
504 2228 633 2286 babetur:
656 2230 772 2304 primum
794 2231 866 2288 enim
887 2230 1032 2288 eonsilium
1054 2231 1208 2290 Electornm
1230 2233 1353 2307 imperiis
1383 2233 1533 2290 secuudum
1557 2236 1654 2308 primm

337 2316 443 2388 cipum,
466 2313 657 2388 prelatorum.
685 2316 816 2373 connitum
838 2323 867 2371 et
889 2315 1038 2380 baronum;
1070 2317 1183 2374 tercium
1210 2325 1350 2374 oraturum
1378 2319 1529 2375 civitatum.
1574 2319 1626 2376 bea

340 2406 397 2456 tres
418 2398 527 2456 consilii
549 2399 658 2458 classes
672 2400 778 2458 divisim
799 2400 961 2464 consulunt,
984 2409 1012 2457 et
1033 2419 1094 2458 eum
1111 2401 1189 2458 simul
1204 2410 1319 2465 coeunt,
1343 2401 1504 2476 singillatim
1521 2413 1627 2460 senten·

341 2484 384 2542 tia
405 2483 627 2558 expostulentur.
650 2503 812 2560 quamquam
834 2486 911 2542 et'in
934 2486 1049 2544 secunda
1073 2503 1182 2561 quoque
1203 2486 1291 2544 classe
1312 2487 1409 2544 divisio
1431 2488 1502 2544 lacta
1519 2497 1579 2550 est.
1600 2498 1626 2545 ut
1707 2563 1708 2570 ἵ

340 2568 477 2644 principes
498 2568 602 2626 scilicet
622 2587 684 2626 cuns
706 2570 842 2646 prelatis.
867 2571 984 2628 Comites
1005 2589 1070 2628 vero
1091 2589 1122 2629 ac
1143 2572 1262 2628 Bmones
1290 2571 1435 2646 caeterique
1465 2573 1576 2648 pralani
1603 2575 1625 2630 in

186 2650 193 2662 ¹
271 2654 329 2702 l·²²·
338 2652 476 2710 subselliis
499 2654 611 2714 invicem
632 2655 759 2712 diseretis
781 2656 915 2712 sederent.
951 2657 980 2713 hv
1003 2657 1115 2731 negotio
1135 2665 1226 2714 antem
1247 2655 1400 2731 legatorum
1416 2657 1452 2713 ita
1469 2657 1652 2716 consulentiae

338 2739 408 2795 ratio
432 2737 523 2796 balvita
545 2749 601 2796 est:
624 2756 657 2796 ex
680 2740 804 2798 omnibus
826 2741 898 2798 enim
920 2741 1028 2816 imperii
1051 2741 1193 2798 ordinibus
1214 2740 1298 2817 aliqui
1318 2741 1418 2799 delesti
1441 2751 1524 2806 sunt:
1553 2753 1626 2802 caete·

338 2841 411 2885 rum,
435 2831 538 2898 prater
559 2823 705 2888 electores,
729 2843 822 2882 omnes
845 2827 909 2883 stati
932 2835 960 2882 et
981 2827 1050 2884 firmi
1073 2835 1164 2890 erant,
1186 2843 1248 2883 nam
1270 2825 1327 2884 bini
1347 2827 1436 2884 donec
1450 2827 1503 2902 ipsi
1521 2845 1573 2903 per
1588 2846 1627 2885 ar·

338 2907 398 2964 bens
423 2908 600 2972 interessent,
623 2900 806 2967 mutabantur.
850 2910 1031 2968 Ecclesiastiei
1060 2911 1203 2988 elegerunt
1231 2912 1376 2986 episcopos
1403 2911 1626 3000 bambergensem

337 3001 366 3049 et
380 2995 595 3067 dystettensem3
617 2995 665 3052 sed
687 2995 714 3052 in
736 2995 826 3052 locum
841 2995 1060 3071 bambergensis,
1083 2999 1132 3071 qni
1146 2997 1357 3054 valetudinarius
1378 3005 1451 3060 erat,
1475 2999 1626 3072 Augusteu-

338 3077 376 3134 sis
398 3072 609 3142 suffectus'est;
632 3079 696 3136 item
718 3081 846 3138 nuncium
861 3079 1097 3156 llerbipolensem.
1119 3081 1252 3140 abbatem
1267 3081 1498 3157 Wesburgensent
1512 3101 1547 3141 ae
1561 3097 1652 3140 nnn-n
1707 3095 1708 3118 ³

337 3162 396 3218 cios
418 3161 593 3237 praelatnrun'v
616 3163 734 3228 Suevim:
763 3165 888 3223 Mandoni
915 3183 980 3224 vero
1002 3166 1149 3240 Georgium
1172 3168 1307 3229 Saxonin,
1335 3167 1505 3225 liriderieum
1535 3168 1626 3246 palati·
1707 3141 1708 3226 i

337 3263 417 3310 vrum,
440 3247 557 3316 Bavarin
579 3249 662 3304 duces
684 3249 842 3324 elegerunt,
874 3252 938 3308 itevu
961 3251 1088 3308 nuncium
1111 3251 1250 3309 Willvelvui
1271 3253 1387 3311 bavadre
1408 3252 1488 3311 ducis
1510 3261 1541 3310 et
1563 3271 1626 3310 nnn-

338 3332 408 3390 oium
431 3333 584 3408 lantgravii
607 3333 722 3398 llassiae,
751 3351 783 3392 et
806 3335 939 3392 Comitum
962 3353 1026 3393 vero
1049 3353 1080 3394 aa
1101 3337 1234 3394 Baranam
1255 3336 1342 3394 classe
1371 3352 1472 3402 unuln:
1501 3337 1625 3396 Civitates
1707 3299 1708 3388 i

270 3418 426 3474 nti-aulem
450 3417 673 3492 Ratisponeusem
696 3421 975 3495 Argentinensemqne
997 3421 1158 3479 decuriones
1180 3421 1330 3496 elegerunt.
1367 3423 1423 3478 llos
1442 3439 1514 3498 ergo
1537 3440 1625 3480 omnes
1707 3423 1708 3432 ’

336 3502 460 3559 consiliis
482 3511 509 3558 et
533 3504 679 3560 tractandis
694 3505 789 3568 rebus,
819 3506 907 3580 quoad
930 3523 1013 3581 super
1035 3507 1147 3580 negotio
1169 3505 1323 3580 legatarum
1345 3507 1561 3582 disceptaretur,
1588 3507 1669 3563 ines·

261 3604 263 3608 ’
306 3627 309 3634 .
337 3596 440 3644 teresse
463 3605 573 3645 necesse
595 3598 667 3646 erat:
691 3591 743 3647 hoc
765 3591 857 3664 itaque
879 3591 974 3648 ordine
994 3590 1069 3648 nllus
1091 3608 1146 3647 vion
1168 3592 1339 3649 intermissus
1361 3592 1436 3654 dies,
1467 3593 1495 3649 in
1518 3611 1575 3668 quo
1595 3594 1624 3649 de

337 3672 419 3729 rebus
442 3679 499 3730 tunt
528 3672 645 3747 publicis
672 3683 729 3732 tum
757 3676 869 3750 privatis
897 3675 999 3750 aliquid
1028 3683 1173 3734 tractatum
1200 3693 1255 3732 nan
1279 3677 1324 3732 sit.
1368 3676 1466 3733 Verum
1490 3680 1623 3735 enimvero
1707 3685 1708 3694 ¹

336 3750 516 3839 {22¹¹„g2ffljl
537 3757 604 3816 illud
625 3759 690 3816 mibi
713 3758 789 3818 valde
812 3759 908 3817 inutile
923 3761 1023 3823 visum,
1045 3763 1119 3818 inter
1134 3761 1281 3818 Germanos
1295 3760 1446 3836 principes,
1468 3763 1543 3820 nime
1557 3779 1624 3820 aon·

337 3843 424 3899 munis
447 3842 567 3900 amnium
591 3844 663 3902 salus
684 3844 835 3924 dependet,
864 3846 965 3902 tamdiu
988 3863 1038 3920 pra
1061 3847 1156 3921 primis
1178 3846 1335 3903 secundisve
1358 3846 1497 3904 subselliis
1519 3857 1623 3905 contro·

337 3926 450 3984 versiam
472 3927 523 3984 ali:
546 3945 606 3984 narn
629 3931 692 3986 ‹luvu
715 3931 846 3988 eiusmodi
869 3931 1015 3987 ambitione
1037 3931 1206 3994 detinentur,
1229 3949 1259 3987 ea
1276 3927 1429 4006 spernimus
1444 3951 1507 4008 qua¹
1523 3941 1649 3990 matnrett

337 4011 380 4086 agi
403 4029 544 4070 necessum
573 4023 623 4070 est.
660 4014 818 4090 utinamque
841 4032 889 4072 nee
912 4015 972 4072 odia
1001 4014 1038 4071 ita
1067 4033 1116 4072 sun
1144 4017 1263 4073 iacerent
1291 4017 1481 4080 fundamenta,
1511 4029 1542 4075 ut
1568 4017 1621 4074 erui

269 4101 328 4153 lm·
339 4104 435 4169 postea
457 4113 511 4154 non
534 4098 586 4154 nisi
608 4116 669 4156 eum
693 4103 779 4158 tutius
794 4099 976 4175 superstructi
991 4099 1096 4159 editicii
1113 4101 1190 4158 ruina
1205 4102 1327 4176 possint!
1350 4103 1433 4177 Atqui
1449 4104 1472 4159 si
1487 4103 1546 4163 linc
1560 4101 1623 4160 nvnl·
1707 4101 1708 4176 l

337 4187 419 4253 taque
440 4181 596 4240 huiusmodi
618 4183 670 4240 alia
692 4193 768 4242 reato
791 4185 890 4242 iudicio
907 4200 1148 4259 percurreremus,
1171 4203 1265 4260 quem.
1293 4187 1330 4242 dii
1364 4187 1442 4251 boni,
1469 4188 1553 4244 alium
1573 4187 1621 4243 nisi
1707 4183 1708 4264 l

337 4264 466 4339 nosipsos
487 4267 682 4342 deprimimus?
708 4270 781 4327 uude
802 4270 830 4327 in
852 4277 958 4326 mutum
980 4271 1126 4332 inanimis
1152 4270 1310 4328 mortalium
1339 4273 1425 4329 crevit
1453 4272 1567 4334 invidia,
1594 4277 1620 4327 nt
1707 4267 1708 4332 l

337 4347 425 4406 altero
447 4367 497 4408 nos
520 4352 619 4426 privari
642 4354 722 4412 oculo
745 4354 824 4412 iaeile
846 4353 995 4428 patiamur,
1026 4355 1049 4411 si
1077 4361 1196 4432 utroque
1224 4356 1327 4414 lumine
1353 4365 1463 4432 captum
1485 4357 1520 4413 iri
1542 4355 1645 4414 attans
1707 4347 1708 4352 ’

335 4433 481 4492 oredimus.
514 4437 561 4494 sed
576 4455 627 4496 aas
642 4439 795 4496 iustitntam
810 4457 919 4514 operam
935 4455 1141 4514 prosequamur.
1175 4441 1272 4500 initum
1288 4451 1329 4500 est
1346 4443 1398 4499 boe
1413 4451 1502 4499 minen
1516 4439 1618 4499 coudlii

387 4701 515 4788 ⁰'l'vtrpia
532 4717 555 4756 n.
589 4703 610 4736 ²¹
630 4705 681 4756 Hes
701 4709 758 4756 at.
793 4705 816 4740 ἥ
833 4706 977 4772 sigillatim
998 4712 1024 4758 3.
1040 4707 1280 4774 'attinuisset
1305 4709 1491 4774 Weissenbnrq.
1527 4707 1550 4741 ⁸⁸
1568 4707 1616 4757 nti·

336 4795 378 4839 ter
393 4803 475 4854 snpra
491 4789 638 4852 §.laenati
657 4791 784 4842 advelator.
820 4785 947 4857 ⁴²⁸passit
967 4793 1057 4842 !.2.t.
1110 4791 1132 4825 ⁴⁸
1145 4793 1237 4846 inuitis
1249 4796 1274 4844 2.
