3410 5524
95 449 130 484 10.
137 449 218 485 fl'l'ssl
232 441 268 484 A'D
281 417 423 486 ainishun.
432 449 675 485 t’tttcmtttnttmtt
689 447 839 484 conanum.
848 447 984 484 ΜἭΟΔΕ
996 442 1215 520 '⁹¹¹3‘³¹·⁰⁸⁰·⁴·
1225 441 1282 484 lbl'i.
1305 417 1372 490 161

96 609 143 664 ista
164 607 340 684 expeditione
361 607 511 666 creduntur
532 606 672 664 sulllccre:
701 606 809 666 modum
838 605 983 681 colligendi
1013 615 1102 664 autem
1130 605 1289 682 intelligetis
1316 625 1377 665 cum

96 710 136 749 res
158 694 219 768 ipsa
242 691 398 767 reipublicae
421 701 517 748 vestrm
540 693 700 749 innotuerit.
744 692 810 748 ltem
832 708 882 768 pro
906 693 956 748 ista
972 693 1085 767 pecunia
1101 693 1288 750 conducentur
1302 694 1378 768 equi·

97 787 134 834 tes
156 777 227 834 Galli
250 787 278 834 et
300 777 484 852 Langobardi.
506 777 625 852 pedites.
649 776 834 841 banzlnecht,
858 775 970 834 Swiceri
986 786 1013 834 et
1027 777 1152 842 Bohemi;
1176 776 1221 834 flet
1243 771 1378 834 exercitus

95 863 271 920 ducentorum
302 862 416 920 millium
444 863 594 938 homiuum.
631 861 695 918 item
724 862 776 918 erit
804 879 907 918 sumina
934 878 999 920 cura
1027 862 1184 937 providendi
1214 863 1377 920 exercitibus

78 957 274 1004 scommeatum
296 965 345 1022 per
366 948 439 1004 viros
462 948 549 1004 bonos
571 955 599 1002 et
624 946 752 1022 providos
775 955 953 1010 mercatores:
982 947 1091 1004 modum
1114 956 1218 1010 autem,
1248 965 1302 1021 quo
1325 948 1377 1004 ista

98 1031 172 1095 lant.
196 1032 343 1106 aliquando
365 1031 575 1090 omnem'latius
598 1048 629 1088 ex
651 1031 761 1104 scriptis
777 1047 935 1106 magnorum
952 1031 1104 1106 principum
1120 1030 1289 1104 intelligetis.
1312 1031 1377 1088 ltem

96 1117 243 1173 secundum
266 1134 341 1192 pape
369 1116 512 1174 consilinm
541 1133 588 1172 rex
609 1115 728 1190 bugliae.
753 1114 867 1178 Scotiaa,
889 1116 992 1178 llaniae,
1014 1114 1206 1190 portugalim,
1230 1116 1376 1190 Flameugi.

96 1219 155 1276 pars
177 1201 273 1258 Galliae
295 1201 469 1258 Massiliensis
491 1209 519 1258 et
540 1202 621 1257 lanua
642 1208 670 1256 et
692 1200 785 1256 Veneti
808 1200 920 1257 classem
944 1201 970 1256 in
993 1201 1063 1256 mari
1076 1201 1251 1258 fortissimam
1266 1210 1377 1278 ponent,

96 1295 174 1361 atque
197 1287 227 1342 in
250 1286 322 1343 omni
344 1285 406 1344 loco
428 1287 511 1343 armis
532 1294 560 1342 et
581 1293 732 1343 commeatu
761 1285 891 1342 iuvabunt
917 1293 1075 1346 terrestrem
1103 1287 1266 1350 exercitum
1294 1285 1379 1361 lmpe·

71 1379 90 1418 ¹⁰
99 1380 170 1428 rator
192 1379 222 1428 et
244 1387 291 1427 rex
313 1370 449 1431 Gallorum
472 1380 553 1427 erunt
567 1370 656 1428 'duces
680 1371 820 1427 terrestris
842 1370 985 1428 exercitus.
1029 1370 1111 1428 llulta
1134 1370 1185 1428 alia
1208 1380 1273 1429 sunt
1294 1372 1321 1427 iu
1336 1390 1379 1428 ca·

98 1453 189 1530 pitulis
213 1473 274 1530 quae
297 1455 414 1512 velcon
438 1464 511 1513 recte
533 1455 642 1531 percepi
667 1454 707 1511 vcl
729 1453 830 1512 oblivio
855 1453 967 1513 sustulit
987 1454 1029 1512 vel
1058 1473 1119 1530 quac
1135 1448 1196 1514 'dito
1220 1454 1378 1530 intelligetis

98 1548 157 1614 post
181 1539 237 1596 illa.
280 1540 332 1597 hoc
353 1557 437 1597 unum
459 1558 507 1596 vos
529 1539 614 1597 lutere
636 1537 716 1602 nolo,
746 1539 819 1613 qnod
847 1556 940 1596 omnies
962 1539 1130 1597 Christianos
1158 1558 1239 1614 reges
1266 1540 1299 1597 ad
1326 1540 1379 1596 boc

99 1626 237 1698 negotium
259 1624 334 1682 valde
357 1625 425 1682 liene
447 1625 598 1699 dispositos
620 1625 707 1686 video,
731 1631 758 1680 ot
781 1624 853 1698 qnod
875 1633 977 1682 certam
1000 1632 1028 1681 et
1051 1625 1228 1683 indubitatam
1245 1625 1378 1682 intereos

99 1709 215 1766 babituri
239 1726 331 1767 snmus
352 1727 446 1784 pacem
470 1711 495 1765 in
517 1709 637 1766 levorem
661 1708 734 1766 illius
756 1709 945 1783 expeditionis.
990 1708 1052 1768 llaec
1075 1710 1135 1767 ideo
1158 1709 1287 1767 libentius
1304 1709 1379 1766 vohis

73 1803 92 1842 n
101 1794 202 1858 scribo,
226 1803 256 1850 ut
277 1812 337 1852 cum
359 1793 454 1852 sedulo
478 1795 504 1850 in
527 1811 627 1868 genere
649 1793 825 1850 deliberativo
848 1813 895 1852 ves
917 1795 1079 1858 exerceatis.
1099 1791 1225 1851 'habeatis
1241 1795 1379 1851 materiam

100 1881 184 1936 uosni
207 1879 299 1936 saculi
322 1888 350 1936 et
371 1879 501 1954 temporis
522 1879 802 1955 praegnantissimam,
830 1880 857 1935 in
886 1898 939 1954 qua
968 1878 1052 1936 multa
1075 1888 1102 1936 et
1124 1879 1230 1936 utiliter
1251 1889 1280 1936 et
1300 1879 1380 1936 docte

99 1963 236 2038 disputare
259 1973 286 2020 et
308 1981 358 2038 pro
380 1965 516 2021 communi
539 1963 752 2020 Christianitatis
774 1962 892 2020 utilitate
908 1964 1076 2022 adinvenire
1105 1972 1133 2020 et
1160 1964 1302 2040 exquirere
1332 1981 1381 2040 po·

100 2049 195 2104 teritis.
238 2049 302 2106 ltem
325 2048 406 2106 credo
429 2049 481 2106 ista
502 2065 570 2105 nova
593 2047 662 2123 apud
684 2065 734 2104 vos
755 2049 893 2123 praeterita
915 2067 986 2106 nunc
1008 2066 1068 2106 esse
1089 2057 1117 2106 et
1137 2064 1169 2106 cx
1184 2048 1381 2112 mercatoribus

99 2131 179 2207 longe
200 2134 320 2190 exactius
343 2133 432 2194 omnia
455 2133 598 2190 audivisse.
643 2133 743 2208 Scripsi
766 2132 818 2190 ista
840 2133 938 2190 nedum
960 2141 1088 2190 currente
1108 2134 1156 2189 scd
1172 2132 1279 2190 volante
1294 2149 1381 2207 penna

72 2228 174 2273 tumore
196 2210 535 2276 obscurornrn'uirorum:
558 2217 643 2277 nolite
666 2235 697 2274 ea
719 2218 852 2282 irridere,
874 2218 917 2274 sin
940 2236 1032 2280 secus.
1055 2217 1155 2275 talibus
1178 2217 1301 2274 obscuris
1323 2211 1381 2291 e'pi·
1458 2289 1460 2294 ,

100 2301 175 2358 stolis
195 2301 331 2359 carebitis.
375 2303 402 2359 Si
426 2305 478 2359 ista
500 2303 571 2377 apud
594 2319 641 2358 vos
662 2301 881 2360 manifestissima
896 2319 951 2370 nme
967 2311 1045 2366 sunt.
1067 2303 1272 2360 communicetis
1286 2319 1318 2359 ca
1333 2301 1381 2358 do-

100 2387 169 2443 mino
191 2397 288 2444 nostro
311 2388 475 2463 praeposito.
499 2388 542 2446 cui
566 2405 607 2444 me
630 2387 776 2462 plurimum
799 2387 1030 2446 commendabitis.
1074 2387 1102 2443 Si
1125 2404 1177 2461 qua
1200 2403 1296 2461 magna
1318 2394 1381 2461 post

101 2470 143 2528 illa
164 2472 235 2548 apud
257 2488 308 2528 nos
330 2451 409 2534 ient.
433 2489 480 2529 vos
502 2473 651 2547 participes
673 2473 778 2535 laciano,
822 2471 923 2530 Valete.
960 2491 991 2529 ex
1013 2472 1078 2529 Lina
1107 2471 1202 2528 ultima
1230 2470 1391 2528 Decembris

99 2573 167 2612 auno
189 2562 229 2617 rt.

72 2653 93 2690 ²⁵
182 2640 288 2698 Oblitus
311 2642 350 2698 lui
373 2642 492 2700 scribere
514 2659 622 2698 causam
645 2660 705 2716 quac
728 2651 838 2698 nostros
860 2643 997 2717 principes
1019 2649 1113 2699 contr'a
1137 2643 1251 2698 Turcnm
1283 2642 1319 2697 ita
1341 2642 1381 2697 in·

101 2725 227 2782 llamruat:
250 2727 354 2784 'lurcus
375 2735 440 2802 post
463 2725 535 2783 illam
558 2725 806 2784 victoriosissimam
828 2727 968 2788 victoriam
990 2727 1108 2784 habitam
1124 2735 1220 2783 contra
1236 2723 1384 2782 Soldanum

101 2809 171 2866 misit
192 2811 325 2886 quendam
347 2811 446 2868 Bascha
470 2829 548 2886 quern
572 2809 710 2886 appellant
730 2809 937 2876 Barbarossam,
960 2812 1006 2888 qui
1029 2811 1192 2887 expugnavit
1214 2827 1305 2884 regem
1329 2811 1381 2867 Tu·

102 2911 160 2959 nes,
182 2896 289 2952 obsedit
311 2913 402 2970 regem
425 2897 615 2952 Trnmesentiae
638 2905 666 2952 et
688 2904 802 2972 propter
823 2914 948 2970 magnum
972 2913 1070 2954 nomeu
1086 2896 1165 2953 Tucci
1188 2895 1265 2971 qnasi
1288 2912 1382 2951 ornnes

101 2977 179 3036 llauri
202 2999 289 3055 nsque
313 2977 345 3036 ad
367 2998 479 3054 regnum
495 2980 564 3038 Phes
586 2981 758 3045 tleioceruut,
781 2989 927 3056 sequentes
950 2981 1060 3038 victoris
1083 2983 1219 3039 loctunam
1241 2988 1269 3038 ct
1290 2997 1381 3037 auram

74 3062 267 3138 epoputuem,
290 3082 351 3139 quaa
375 3066 463 3123 omnia
487 3065 515 3122 in
537 3067 635 3127 maius.
665 3075 696 3122 ut
717 3066 821 3130 nostis,
848 3065 964 3123 extollit.
1008 3064 1070 3123 llaec
1099 3068 1169 3122 lacta
1196 3076 1260 3122 suut
1290 3081 1382 3122 mense

103 3149 214 3206 tlctohro
235 3158 263 3206 et
285 3149 402 3206 llarchio
425 3149 505 3208 lirani
528 3167 560 3206 ex
581 3151 671 3206 Africa
694 3150 805 3225 scripsit
827 3151 1000 3226 imperatori.
1023 3161 1050 3208 et
1071 3151 1179 3224 subegit
1195 3149 1325 3226 quosdam
1341 3167 1383 3205 re·

104 3233 179 3312 gulos
200 3235 245 3309 qui
269 3235 347 3309 prius
369 3235 558 3310 persolverunt
580 3236 637 3310 regi
661 3234 850 3310 llispaniurum
872 3235 951 3294 Xlllll
972 3233 1055 3292 millia
1078 3237 1247 3294 ducatorum.
1289 3300 1294 3312 ‚

166 3483 177 3516 ¹
199 3485 294 3536 Dacico
318 3473 458 3552 Hanm.',et
479 3489 518 3540 aie
540 3487 657 3538 rneaadoac
679 3488 782 3551 scripsit
806 3486 908 3536 statiua
934 3501 969 3536 em
991 3501 1020 3536 eo
1046 3487 1239 3536 (bmirttotioais
1263 3485 1381 3536 Romnum

105 3574 212 3636 exemplo
229 3573 298 3638 quod
313 3569 364 3620 stbt
385 3571 421 3620 nd
437 3587 523 3620 manus
545 3571 662 3626 habehat.
686 3572 720 3635 cs.
738 3586 818 3636 supra
836 3589 865 3636 p.
881 3571 937 3620 155.
951 3587 972 3619 n.
986 3568 1027 3622 et.
1079 3570 1176 3620 Daciae
1198 3547 1289 3620 hobam
1308 3571 1382 3618 etiam

106 3655 224 3718 llapxaldi
240 3657 306 3706 Aan.
320 3657 381 3704 eccl.
398 3657 441 3706 ed.
454 3655 548 3714 Mauri.
567 3664 624 3706 tom.
639 3661 691 3706 nrt
708 3673 736 3722 p.
749 3652 808 3706 209.
821 3658 923 3721 otiique.
957 3652 980 3686 ¹⁴
1000 3651 1052 3719 ln]
1065 3655 1155 3705 Henna.
1168 3651 1243 3704 dedit
1258 3651 1296 3702 18.
1315 3653 1382 3703 For·

106 3743 174 3790 tasse
191 3756 286 3791 norum
306 3753 406 3790 annum
425 3756 442 3790 a
459 3741 504 3790 die
523 3741 612 3792 nstall
631 3741 732 3792 Christi
757 3721 919 3806 conpulerit
936 3738 1056 3790 stabius.
1108 3737 1128 3770 ⁸¹
1149 3737 1272 3788 blatchio
1285 3731 1381 3801 Ornoi]

102 3821 141 3873 Oi.
153 3839 208 3888 qum
219 3825 292 3876 inire
304 3841 329 3891 p.
346 3823 403 3875 toa.
414 3841 441 3876 v.
453 3825 495 3874 et.
515 3825 550 3900 nd
565 3801 639 3876 inuno
652 3825 684 3876 V.
698 3824 830 3876 ‘Consule
844 3825 980 3875 German!
999 3823 1032 3874 de
1051 3822 1146 3874 libello
1158 3819 1303 3886 Dibitlidtt
1327 3821 1382 3884 bri·

107 3908 263 3976 tibairianot
280 3909 413 3980 hitaliam
430 3911 585 3976 §titatium
603 3909 725 3974 notatam
742 3909 745 3976 l
760 3911 816 3973 oud)
838 3916 937 3962 annexas
959 3907 1098 3972 tritttidm
1117 3906 1206 3971 ninia
1223 3905 1256 3960 nti
1273 3901 1380 3973 stlrttil

107 3991 228 4060 lotidoffti
244 3997 353 4062 auidior
370 3997 443 4058 tolbrt·
457 3996 496 4050 bit
514 3992 626 4048 Giinther
645 3993 844 4046 adnotavimus.

165 4845 288 4900 Humor
307 4849 376 4900 Ora.
396 4862 459 4899 vor..
478 4846 510 4900 V.
