3382 5516
335 397 406 470 182
460 425 561 462 etone.
577 423 693 478 ”mim
704 423 742 475 dl)
755 418 979 460 PROPOleIOKBU
992 422 1175 458 llaxtullrtatu
1188 422 1245 460 tur.
1259 423 1285 460 Α.
1299 417 1356 458 ibis.
1368 422 1485 459 ΙΔΟΤΔΙ.

332 582 411 634 anuis
429 597 482 632 nou
500 579 592 630 iuerat
615 579 783 645 frequentior
806 583 969 630 conventus:
993 593 1056 650 uam
1078 577 1220 630 Electores
1237 577 1277 628 ibi
1299 593 1347 634 sea
1361 583 1452 639 erant,
1473 581 1502 628 et
1518 581 1603 628 soteri

331 667 470 736 principes
488 665 657 731 potentiores
674 664 796 730 plerique
816 679 921 723 omnesr
941 663 1056 715 aderant
1074 667 1102 713 et
1120 678 1214 728 regum
1231 663 1404 728 plurimorum
1421 661 1520 728 legati.
1543 663 1604 713 Leo·
1656 713 1658 720 ,

330 751 373 802 nis
385 751 419 802 X.
438 749 535 802 summi
553 747 695 800 Pontificis
713 747 800 814 legati
823 752 902 798 erant
919 748 1067 798 Mattheus
1090 747 1213 812 Longius
1230 747 1459 814 Archiepisccpus
1477 746 1604 798 Salisbur·
1676 805 1679 813 ¹

331 813 424 902 gineis
443 839 471 886 et
488 834 607 885 Thomas
625 831 776 884 caietanus
795 831 951 882 cardinalis
970 832 996 882 S.
1012 833 1093 894 suri,
1116 833 1161 897 qui
1180 839 1307 898 quoniam
1326 849 1360 883 ex
1378 833 1444 882 urbe
1462 833 1550 882 Rome
1565 833 1605 882 ad·

330 920 475 984 veniebat,
493 935 548 970 uon
566 919 659 970 statim
677 918 757 968 initio
775 923 925 968 conventus
943 917 1049 968 aderat.
1083 918 1181 983 ltaque
1194 917 1289 969 Caesar
1306 919 1385 972 initio
1403 918 1605 990 Principumae

330 1003 489 1072 populorum
508 1003 663 1055 Germanice
681 1017 795 1054 caussas
812 1002 930 1066 audiuit,
955 1007 983 1054 et
1007 1003 1207 1054 controversias
1230 1001 1350 1065 dirimit,
1379 1018 1413 1052 ne
1432 1017 1487 1066 qua
1505 1003 1606 1068 privata

330 1089 579 1156 dissensicspostea
596 1087 813 1140 deliberationes
830 1087 864 1139 de
882 1087 954 1138 bello
972 1088 1090 1138 'Purcico
1107 1087 1314 1138 interturbaret
1349 1088 1385 1138 Et
1403 1088 1533 1152 quoniam
1550 1103 1605 1138 ecu-

330 1174 422 1229 silium
439 1174 473 1225 de
492 1190 524 1226 eo
543 1173 615 1224 bello
631 1174 765 1224 movendo
781 1171 819 1222 ad
836 1171 954 1222 salutem
972 1173 1058 1223 totius
1074 1173 1149 1223 orbis
1162 1172 1312 1224 Christiani
1330 1172 1502 1238 pertinebat,
1522 1172 1606 1222 eristi·

247 1255 253 1264 '
330 1259 425 1310 mahat
443 1257 535 1310 Cesar
551 1262 608 1308 tum
626 1257 732 1308 demum
750 1273 784 1308 ea
802 1256 835 1306 de
854 1273 883 1308 re
902 1271 963 1308 esee
981 1257 1153 1311 referendum
1172 1257 1207 1306 ad
1224 1256 1379 1322 Principes,
1404 1272 1468 1322 pum
1489 1257 1606 1308 advenis

329 1347 372 1394 set
389 1344 513 1410 Legatus
530 1341 706 1404 Pontificius,
725 1347 756 1392 ut
772 1342 860 1407 magis
872 1339 997 1407 ‘intelligi
1015 1348 1121 1408 poseo,
1146 1343 1218 1394 bade
1235 1347 1342 1392 tantam
1359 1357 1416 1392 rem
1435 1358 1489 1394 non
1506 1344 1606 1410 privato

331 1429 378 1496 agi
396 1428 525 1489 coneilio,
545 1428 593 1478 sed
612 1443 646 1477 err
663 1426 757 1478 officio
774 1415 963 1493 lmphatcris,
990 1433 1018 1477 et
1040 1427 1184 1494 flagitante
1207 1441 1311 1478 summe
1333 1427 1481 1488 Pontifice,
1505 1429 1606 1479 nomine

330 1512 466 1578 universae
484 1511 618 1564 Ecclesiae
638 1511 816 1580 Christianae.
835 1511 906 1576 quod
924 1527 970 1576 pro
988 1512 1115 1562 universo
1127 1511 1192 1562 orbe
1205 1512 1282 1565 velut
1294 1514 1324 1562 iu
1335 1512 1456 1562 statione
1469 1528 1528 1564 esse
1540 1527 1607 1564 sum-

330 1610 389 1648 mus
407 1596 535 1664 Pontifex
553 1603 581 1648 et
598 1597 749 1664 Imperator
767 1596 894 1646 debeant.
926 1601 955 1646 et
971 1595 1043 1649 banc
1061 1597 1216 1662 opinionum
1234 1595 1405 1662 profuturnm
1428 1597 1609 1648 arbitrabatur

331 1681 366 1734 ad
384 1681 562 1732 accendenda
579 1679 671 1731 studia
689 1685 842 1732 exterarum
865 1683 1005 1733 nationum
1030 1697 1063 1732 ac
1086 1681 1205 1746 Regum,
1229 1697 1339 1746 quorum
1363 1681 1481 1734 aderant
1502 1683 1607 1748 Legati,

331 1765 412 1818 etad
430 1765 586 1819 voluntates
603 1763 759 1831 Principum
779 1765 933 1816 Germaniae
952 1765 1117 1821 incitandae.

456 1855 562 1912 Summa
585 1853 721 1910 Orationis
743 1854 860 1910 llattbaei
881 1854 975 1926 langii
999 1855 1202 1931 drebiepisccpi
1225 1855 1438 1928 salisburgensis
1461 1864 1489 1912 et

840 1939 934 2013 Legati
955 1939 1097 1998 Pontificii.

398 2021 466 2072 Cum
484 2020 569 2086 igitur
588 2019 697 2070 tandem
720 2035 814 2070 meuse
835 2019 958 2087 Augusto
982 2021 1143 2076 advenisset
1164 2022 1288 2088 laegatus
1309 2020 1484 2084 Pontificius,
1510 2025 1608 2088 egressi

328 2105 436 2158 ebriam
455 2104 551 2156 Caesar
573 2109 601 2156 et
624 2120 716 2158 omues
739 2105 883 2172 Principes
907 2105 1062 2160 Germanus
1087 2111 1152 2158 aute
1180 2111 1275 2172 portus
1299 2106 1374 2158 urbis
1396 2107 1532 2173 Augustas
1554 2123 1608 2158 eum

328 2189 473 2256 magnifice
492 2195 667 2256 exceperunt.
703 2189 771 2242 Pest
787 2189 846 2244 dies
866 2189 971 2255 aliquot
989 2189 1084 2241 Caesar
1103 2189 1236 2242 adhibitis
1253 2191 1430 2256 Principibus
1449 2197 1479 2242 et
1496 2193 1608 2245 omnium

326 2275 431 2342 Regum
450 2290 484 2325 ac
502 2275 642 2326 nationum
656 2275 770 2340 Legatis
788 2276 817 2326 in
835 2275 954 2326 maxima
973 2263 1130 2340 frequentia
1147 2279 1267 2328 omnium
1284 2276 1408 2328 ordinum
1428 2261 1608 2328 eum-audiuit

326 2341 508 2427 exponentem
530 2359 662 2411 mandata
684 2361 782 2411 summi
804 2359 946 2411 Pontificis
969 2364 997 2410 et
1010 2360 1175 2410 ·hortantem
1198 2361 1310 2427 publico
1336 2361 1448 2411 nomine
1477 2362 1608 2414 universe

325 2445 463 2498 Ecclesiae
483 2444 600 2508 Christi,
620 2447 758 2511 precipue
776 2445 987 2512 Imperatorem,
1007 2445 1106 2498 deiude
1118 2446 1263 2512 Principes
1282 2452 1310 2496 et
1319 2445 1425 2511 Regum
1442 2445 1566 2512 legatos,
1581 2451 1608 2495 ut

327 2531 462 2582 communi
481 2528 594 2580 coneilio
614 2535 642 2580 et
660 2530 814 2581 coniunctis
833 2530 932 2580 animis
950 2529 1052 2580 bellum
1071 2531 1145 2596 pium
1163 2537 1245 2596 atque
1262 2531 1452 2584 necessarium
1475 2532 1531 2582 iam
1553 2537 1608 2582 tau-

324 2614 386 2666 dem
405 2614 589 2680 susciperent,
609 2617 639 2664 ut
658 2614 794 2664 Graeciam
813 2619 894 2680 atque
912 2615 1007 2666 Asiam
1026 2631 1059 2666 ex
1076 2616 1234 2680 turpissima
1253 2621 1281 2666 et
1303 2615 1457 2668 miserrima
1480 2618 1608 2668 servitute

325 2699 478 2765 eriperent,
498 2703 529 2748 ut
546 2699 640 2750 hostes
658 2703 818 2765 grassantes
836 2700 891 2750 iam
910 2700 939 2749 in
956 2700 1057 2751 vicinis
1076 2701 1168 2765 regnis
1187 2699 1378 2766 reprimerent,
1396 2705 1429 2752 ut
1446 2701 1543 2754 orbem
1559 2707 1607 2752 ter-

323 2798 414 2834 rarum
433 2783 622 2836 crudelissimo
640 2783 788 2836 latrocinio
807 2789 835 2835 et
852 2785 991 2850 sacrilega
1004 2790 1033 2835 et
1044 2785 1154 2836 nefaria
1166 2791 1259 2847 secta,
1278 2771 1482 2838 contumeliosa
1494 2787 1524 2836 in
1537 2786 1608 2836 Chri-

324 2871 408 2930 stum,
427 2867 588 2920 liberarent.
624 2868 751 2920 Addebat
769 2870 853 2922 etiam
871 2870 904 2920 de
917 2871 1020 2920 Leonis
1033 2871 1066 2922 X.
1086 2869 1243 2930 voluntate,
1261 2885 1349 2935 neque
1369 2871 1551 2923 autoritatem
1566 2887 1608 2922 ne·

325 2966 377 3017 que
401 2967 467 3017 opes
489 2951 660 3018 pontificias,
689 2969 776 3018 neque
800 2953 944 3006 consilium
968 2957 1027 3005 eius
1055 2953 1112 3005 ulla
1140 2955 1168 3004 in
1197 2971 1226 3005 re
1252 2955 1317 3005 buic
1342 2957 1481 3006 communi
1508 2971 1608 3008 cauare

323 3036 480 3088 defuturum
499 3052 569 3088 esse.
600 3038 652 3088 hcc
670 3037 784 3091 consilio
802 3039 925 3103 Leonem
942 3037 1021 3090 initio
1039 3038 1216 3104 pontificatus
1234 3039 1343 3090 dedisse
1361 3056 1490 3106 operam,
1513 3046 1544 3092 ut
1561 3057 1609 3106 pau

322 3120 413 3172 ltaliae
432 3121 641 3186 restitueretur,
660 3138 720 3173 cum
739 3123 847 3188 quidem
865 3123 994 3174 iustiores
1012 3123 1145 3196 bellprum
1162 3125 1354 3176 movendorum
1369 3140 1490 3188 ¹cssrrasas
1502 3125 1608 3176 habuis·

322 3210 365 3257 set
383 3211 463 3271 quam
481 3205 606 3273 plerique
625 3213 724 3269 autern
744 3208 793 3258 sed
811 3209 935 3282 privatas
954 3195 1068 3260 iniurias
1087 3224 1148 3260 eum
1167 3209 1335 3261 condonasse
1354 3210 1474 3276 publicar
1492 3211 1607 3262 ueremi-

322 3291 389 3356 rari,
407 3290 528 3343 voluisse
547 3293 632 3344 etiam
650 3307 710 3342 euru
729 3291 852 3358 exemplo
870 3294 939 3359 ipsis
964 3293 1078 3360 praeire,
1102 3307 1203 3359 eosque
1226 3295 1267 3344 sic
1290 3295 1424 3356 invitare,
1447 3300 1481 3346 ut
1506 3296 1609 3348 omissis

320 3376 462 3428 intestinis
480 3375 563 3428 bellis
581 3378 609 3428 iu
628 3393 770 3433 commune
790 3377 973 3429 consulerent.
1008 3394 1074 3444 opes
1092 3394 1157 3430 vero
1180 3378 1337 3444 pontificias
1362 3393 1499 3445 nusquam
1517 3380 1609 3432 melius

321 3460 452 3513 collocari
471 3477 552 3528 quam
569 3462 599 3511 in
616 3462 688 3515 huuc
705 3477 796 3525 mum,
816 3461 919 3512 nullam
937 3465 1084 3528 gratiorem
1104 3463 1305 3530 eleemosynam
1318 3463 1378 3514 Deo
1390 3479 1473 3530 posse
1485 3465 1609 3531 pressare·

320 3560 401 3612 quam
420 3545 493 3596 hanc
511 3547 614 3612 ipsam,
634 3562 688 3611 qua
705 3551 746 3598 tot
763 3551 861 3614 gentes
885 3546 966 3597 simul
985 3563 999 3598 e
1018 3549 1150 3600 servitute
1163 3555 1202 3600 ,et
1224 3550 1367 3616 impietate
1391 3550 1568 3616 eriperentur
1584 3557 1609 3599 et

317 3629 575 3696 nefariaimpietas
594 3630 740 3682 deleretur.
784 3631 857 3680 Huic
880 3632 999 3682 orationi
1023 3645 1084 3682 cum
1107 3649 1219 3698 gravem
1243 3633 1383 3700 querelam
1407 3633 1563 3686 addidisset
1579 3634 1608 3684 de

319 3730 413 3772 aarum
430 3717 553 3782 gentium
571 3717 704 3767 mrumriis
723 3720 752 3766 et
770 3716 946 3770 coutumeliis
964 3716 1123 3790 religionis,
1139 3712 1168 3768 ei
1179 3717 1260 3770 simul
1273 3724 1518 3771 commemorasset
1530 3734 1608 3785 quan·

263 3794 266 3803 '
317 3800 354 3866 tis
371 3800 552 3851 incrementis
572 3801 671 3866 exigue
692 3801 835 3852 admodum
847 3805 968 3868 tempere
981 3803 1107 3867 petentia
1119 3803 1270 3854 Turcarum
1284 3808 1367 3871 aucta
1381 3807 1468 3868 esset,
1489 3787 1545 3857 iren
1558 3809 1610 3854 tam

316 3885 419 3934 virtute
438 3885 559 3952 ipsorum
578 3901 659 3950 quam
678 3885 895 3937 Christianorum
920 3887 1026 3952 Regum
1049 3902 1102 3938 seu
1125 3887 1298 3954 negligentia
1320 3903 1369 3940 sen
1392 3887 1537 3940 intestinis
1558 3889 1608 3938 dis·

315 3967 432 4030 cordiia,
452 3970 556 4020 adiecit
574 3984 604 4020 ee
623 3985 656 4020 eo
674 3971 729 4021 ista
748 3970 820 4037 apud
837 3971 986 4036 Principes
1007 3971 1120 4036 Imperii
1140 3973 1229 4036 queri,
1255 3973 1318 4038 quia
1337 3972 1401 4022 lruic
1418 3975 1531 4024 nationi
1548 3973 1608 4023 Ger-

317 4053 434 4104 manicae
454 4055 594 4120 praecipue
618 4055 762 4106 commissa
786 4059 860 4105 esset
882 4056 1009 4106 defensio
1032 4055 1185 4108 Christiani
1203 4057 1296 4118 orbis,
1324 4055 1491 4128 nee'alium
1515 4059 1609 4110 ducem

313 4138 387 4188 tanti
405 4137 473 4187 belli
490 4139 548 4190 iure
570 4139 712 4208 designari
737 4155 818 4204 posse
836 4141 891 4191 uisi
908 4141 1119 4207 Imperatorem
1144 4158 1176 4191 ac
1199 4119 1346 4207 picpterea
1368 4141 1440 4192 hanc
1457 4144 1608 4202 nationem,

314 4237 374 4288 quse
394 4222 590 4276 excellatnou
608 4223 694 4276 solum
713 4223 802 4290 gloria
820 4225 862 4274 rei
879 4224 1022 4288 militarie,
1041 4226 1089 4276 sed
1103 4227 1186 4278 etiam
1197 4227 1310 4292 Imperii
1321 4227 1474 4294 dignitate,
1494 4229 1607 4294 primum

316 4305 420 4358 debere
439 4322 516 4358 arma
534 4324 651 4375 capere,
676 4308 815 4360 anteferre
840 4304 956 4376 privatis
980 4304 1126 4362 affectibus
1145 4326 1313 4363 communem
1335 4311 1454 4363 salutem
1471 4312 1607 4364 Ecuesie

237 4419 240 4429 .
319 4392 477 4458 etlmperii
496 4392 674 4460 dignitatem,
702 4409 754 4444 uec
778 4395 858 4446 uobis
883 4395 950 4446 alibi
973 4384 1070 4448 ducem
1093 4395 1268 4462 quaerendum
1287 4411 1364 4458 esse,
1388 4413 1448 4448 nec
1469 4399 1607 4448 nationem

315 4480 452 4528 amantem
470 4476 612 4538 libertatis
633 4479 709 4544 cogi,
729 4485 760 4530 ut
779 4472 900 4532 externis
918 4480 1042 4547 imperiis
1060 4487 1171 4552 parcat:
1190 4481 1293 4532 habero
1311 4497 1361 4534 nos
1378 4473 1617 4544 Muimiliaum'

313 4562 360 4628 qui
377 4560 538 4627 prudentia,
559 4563 676 4626 virtute,
697 4564 817 4616 scientia
835 4567 876 4616 rei
894 4566 1023 4618 militaris
1041 4565 1194 4617 nouaclum
1207 4567 1443 4633 caeterosReges,
1461 4553 1514 4618 sed
1527 4568 1606 4620 etiam

314 4646 483 4699 clarissimos
502 4653 529 4698 et
548 4647 731 4713 peritissimos
750 4651 869 4702 omnium
888 4652 1032 4702 nationum
1048 4656 1204 4716 superaret,
1228 4667 1279 4703 nec
1303 4652 1418 4702 destitui
1437 4667 1501 4704 eum
1520 4654 1605 4704 felici·

313 4735 372 4783 tate
390 4733 420 4782 iu
438 4731 520 4800 rebus
538 4732 680 4800 gerendis,
701 4739 729 4785 ct
747 4735 836 4786 Deum
854 4735 939 4786 rectis
958 4740 987 4786 et
1001 4735 1058 4804 piis
1078 4735 1201 4788 consiliis
1220 4734 1396 4788 etEcclesioe
1414 4738 1490 4790 rotis
1509 4738 1605 4788 alfetu-
