3410 5524
205 435 327 500 ιιιιτιιιι
348 437 375 470 ιιι
396 437 487 470 nxcsu
508 432 786 470 wxmrunrnndnxsnra
805 435 906 471 οιιιτιο
926 433 983 471 ιιιι.
1007 415 1226 472 summitti.
1306 405 1354 480 81

84 590 186 668 perdas.
229 607 287 653 nee
308 589 380 652 illud
402 607 581 669 magnopere
603 589 655 652 tibi
682 589 834 658 obiciam,
866 589 1114 668 quemadmodum
1142 591 1236 658 iiluxn'
1251 609 1428 665 senentiam.

84 691 207 754 altarem
230 694 387 762 invaseris,
416 694 466 772 qui
487 707 562 754 ’cum
585 693 715 756 omnium
744 694 909 754 testimonio
931 692 1021 754 rebus
1043 692 1176 754 eeclesia
1196 709 1264 755 sum
1289 689 1360 773 pro»

84 793 286 864 inissetlreue,
310 793 413 855 abste
435 795 586 855 coniectus
614 800 658 854 est
685 795 714 854 in
742 812 891 856 caederem
920 800 948 854 et
973 795 1098 874 pecunia
1124 794 1278 866 multatus;
1312 797 1361 858 de·

84 895 140 956 inde
171 913 219 957 ras
253 893 379 958 cmnobii
416 895 552 976 direptae,
591 913 691 956 senex·
717 897 779 975 ipse
812 897 928 958 honore
959 898 1098 975 privatus.
1142 898 1222 976 quod
1254 905 1360 984 uteun-

69 997 266 1075 spelaeum
296 997 349 1058 abs
376 1004 406 1059 te
434 1004 493 1086 est,
522 1015 581 1058 nnn
609 996 733 1060 multum
763 999 882 1078 quero.
911 1013 1008 1080 neque
1036 1000 1098 1077 ipse
1126 1015 1216 1084 super
1243 997 1289 1060 his
1316 1001 1359 1060 iia

83 1097 147 1160 dieo.
190 1108 219 1162 et
239 1101 270 1160 in
293 1117 423 1178 praesens
444 1097 623 1178 nihilagam
645 1099 724 1178 qued
753 1099 791 1161 ad
820 1117 876 1160 nos
899 1099 979 1160 'haud
1006 1101 1165 1179 pertineat,
1192 1119 1249 1162 noo
1271 1107 1428 1163 extremos.

83 1217 167 1262 meam
188 1219 307 1262 oausam
329 1201 557 1281 peregrinabor:
579 1220 670 1280 quare
693 1204 778 1264 etiam
801 1207 861 1263 non
877 1201 1010 1263 obiioiarn
1026 1201 1079 1262 tibi
1092 1215 1130 1263 ex
1147 1202 1261 1264 tortum
1278 1210 1360 1264 tuum

83 1301 152 1362 fflum
173 1309 327 1382 patruum,
357 1304 440 1365 cuius
461 1311 519 1365 tam
543 1303 656 1381 perdita
678 1303 732 1365 luit
754 1300 858 1374 libido,
881 1311 913 1364 ut
931 1321 971 1364 ne
993 1321 1009 1364 a
1031 1303 1132 1366 bestiis
1154 1305 1272 1384 quidem
1294 1303 1360 1366 abs-

83 1405 203 1472 tinuerim
234 1412 264 1466 et
292 1405 329 1466 sle
352 1411 403 1470 tuo
424 1411 508 1484 patre
531 1405 602 1468 nihil
624 1413 774 1484 repetam,
799 1407 847 1484 qui
871 1406 950 1484 quod
971 1404 1119 1484 plebeium
1142 1405 1291 1467 hominem
1307 1423 1360 1486 per

59 1506 178 1566 intratam
200 1507 360 1588 suspendio
383 1507 503 1576 necavit,
526 1509 584 1568 iam
607 1525 685 1569 nune
708 1525 828 1568 earcere
851 1505 980 1568 inclusus
1002 1511 1134 1577 tenedum
1158 1517 1193 1570 ac
1213 1510 1297 1569 nrltto
1312 1509 1427 1576 dl-§.ne

82 1625 141 1667 aere
161 1608 308 1686 quomodo
335 1609 475 1674 habueris
503 1617 583 1671 tuam
611 1627 750 1678 uxorem,
780 1610 1012 1670 honestissimam
1041 1610 1189 1672 seminam
1217 1600 1360 1672 nobilissi-

82 1726 221 1788 mamque,
245 1729 310 1790 quae
333 1726 400 1772 eum
422 1719 502 1774 lnam
525 1701 725 1772 incredibilem
748 1710 902 1781 malitiam,
925 1718 1004 1773 uram
1027 1725 1195 1792 perversam
1211 1710 1360 1776 libidinem

82 1829 110 1870 ao
129 1812 339 1890 turpitudinem
360 1814 446 1874 terre·
462 1831 521 1874 non
544 1819 658 1891 posset,
683 1820 839 1892 postquam
861 1801 977 1880 imeam
1000 1820 1066 1875 tuos
1089 1831 1177 1875 canes
1192 1815 1361 1875 immisisses

81 1919 105 1972 et
124 1913 149 1972 ei
170 1913 248 1994 apud
272 1915 455 1991 coniugalem
477 1914 585 1976 lectum
609 1933 668 1975 non
690 1913 782 1975 semel
804 1921 855 1975 aut
876 1917 982 1976 iterum
1005 1916 1055 1976 sed
1087 1932 1164 1993 serpe
1193 1933 1227 1994 ap
1254 1915 1360 1976 multo·

57 2015 129 2075 odes
148 2013 329 2077 horrendum
353 2015 432 2077 illem
456 2024 537 2078 tuum
560 2035 659 2079 ensem
675 2017 803 2078 iamdum
818 2018 920 2078 nostro
935 2017 1092 2078 rubentem
1106 2017 1248 2094 sanguiue
1263 2023 1360 2080 usten-

81 2115 177 2186 disses.
212 2117 442 2182 clarissimorum
471 2119 595 2181 fratrum
622 2121 650 2180 xi
678 2137 713 2179 ae
740 2120 832 2182 annio
857 2117 992 2196 adempta
1015 2117 1066 2178 tibi
1100 2123 1154 2179 est.
1208 2118 1429 2180 Pastorem-¹⁷⁰.

81 2217 184 2297 negligo
205 2219 260 2282 alia
284 2218 388 2290 multo,
413 2237 471 2282 ιιοιι
495 2223 562 2300 quia
584 2238 644 2281 non
666 2222 726 2280 sint
746 2219 892 2299 profligati
915 2222 1003 2280 animi
1022 2217 1144 2299 'possent
1167 2237 1280 2289 moros,
1306 2220 1358 2290 sed

80 2323 140 2398 quia
161 2322 232 2382 satis
252 2329 413 2401 occupatus
434 2341 500 2386 sum
522 2325 551 2383 in
574 2336 633 2384 uno
655 2322 767 2384 scelere
790 2321 867 2401 quod
890 2329 992 2384 nostra
1014 2324 1142 2385 maximo
1171 2321 1247 2384 malo
1270 2323 1361 2382 adrni-

79 2421 143 2482 sisti.
184 2423 222 2486 ad
245 2425 324 2504 quod
345 2425 587 2503 pertractandum
609 2441 676 2488 oum
699 2426 745 2485 vix
772 2423 831 2486 hod
858 2423 937 2502 qrmd
966 2423 1052 2484 datur
1079 2431 1198 2502 tempus
1225 2421 1384 2494 sumemus

53 2521 205 2603 anumque
228 2526 283 2586 ista
305 2533 338 2586 ut
358 2525 395 2620 ab
417 2525 482 2588 aliis
504 2515 653 2596 dieantur,
685 2527 764 2588 etin
786 2543 916 2606 presens
937 2525 1041 2586 abste
1062 2532 1178 2603 quaero.
1209 2543 1276 2586 oum
1298 2525 1362 2588 hmo

81 2625 171 2688 lacem
190 2628 380 2698 instituisses,
404 2645 553 2707 nunquam
575 2647 613 2689 ne
633 2626 687 2691 tibi
703 2629 801 2692 iudicii
815 2627 916 2698 huius,
940 2643 1090 2706 uunquam
1115 2627 1260 2690 liberrimi
1269 2625 1362 2688 'huius

80 2735 248 2800 conventus,
282 2730 512 2792 clarissimorum
545 2749 718 2810 procerum.
750 2749 832 2792 suam
867 2731 1110 2792 existimationem
1137 2737 1189 2790 tuo
1211 2728 1360 2808 supplicio

80 2831 146 2892 tueri
166 2831 336 2902 volentium,
359 2832 493 2894 veniebat
512 2835 543 2895 in
565 2834 714 2894 menteml
737 2831 842 2894 deinde
865 2832 938 2892 nihil
961 2841 989 2894 te
1011 2831 1187 2893 admonebat
1202 2830 1280 2892 illius
1295 2839 1430 2892 tamtan.

80 2939 226 3012 perspecta
248 2933 335 3008 fides,
364 2934 450 2996 huius
478 2935 569 3014 patris
597 2934 738 3015 praeclara
766 2937 795 2994 in
822 2941 851 2996 te
879 2933 999 3003 merita,
1026 2932 1098 2994 nihil
1126 2935 1179 2994 iste
1207 2931 1363 3018 diuturnus

53 3033 145 3096 uedeo
166 3038 332 3106 convietus,
356 3038 409 3096 isla
431 3041 475 3096 tot
496 3053 640 3098 annorum
662 3037 858 3106 consuetudo,
881 3038 934 3097 ista
955 3037 999 3097 sio
1020 3029 1166 3103 instituta,
1189 3037 1232 3095 sia
1254 3035 1362 3095 conflr-

80 3145 147 3198 mata
169 3140 311 3209 amicitia,
334 3135 407 3198 nihil
429 3138 616 3206 humanitatis
638 3138 730 3198 ratio?
753 3137 880 3216 denique
901 3137 969 3206 hoo,
993 3137 1072 3215 quod
1094 3139 1124 3197 in
1142 3143 1197 3196 tuo
1219 3135 1362 3215 obsequio

81 3239 229 3310 eduxeras,
254 3241 334 3318 quod
357 3241 450 3301 amice
471 3259 506 3300 ao
527 3238 634 3300 blande
656 3238 874 3320 appellaverasl
904 3247 955 3300 aut
975 3239 1049 3300 adeo
1071 3255 1137 3300 eras
1160 3237 1295 3298 omatibus
1317 3239 1361 3296 in·

81 3355 169 3402 sessus
188 3342 288 3413 iuriis,
318 3350 351 3404 ut
380 3357 417 3402 ne
440 3341 496 3402 hoo
518 3342 634 3420 quidem
658 3342 884 3421 eonsyderares,
914 3341 992 3420 quod
1020 3339 1065 3402 vel
1087 3341 1111 3399 si
1134 3337 1181 3399 ille
1203 3338 1245 3399 sie
1266 3339 1361 3399 oceidi

81 3445 193 3504 meritus
215 3451 304 3512 esset.
327 3462 415 3524 quam
438 3450 466 3503 te
488 3461 546 3504 non
570 3445 690 3505 deceret
710 3443 768 3504 tuis
790 3443 846 3503 hoe
869 3441 1004 3504 manibus
1019 3442 1142 3521 exequii
1163 3442 1286 3502 Possum
1303 3440 1430 3516 {gi-mu.

57 3551 126 3606 atur
145 3535 257 3624 aliquid
276 3546 338 3606 tuis
359 3546 480 3624 dignum
502 3546 635 3608 muribus
657 3545 754 3624 loqui‘l
776 3551 826 3606 aut
847 3551 878 3605 tu
895 3561 961 3606 eum
977 3545 1030 3603 ista
1047 3543 1161 3611 leceris,
1183 3538 1292 3619 aliquid
1307 3541 1362 3600 nri·

81 3647 130 3706 tins
149 3665 253 3727 speras
275 3665 365 3728 quam
386 3663 441 3708 nas
463 3646 698 3725 expostulamus?
721 3648 800 3720 Pone
817 3645 934 3706 tandem
949 3647 1034 3706 istam
1050 3642 1255 3705 confidentiam
1272 3649 1360 3710 tuam,

82 3763 150 3826 pone
170 3750 251 3812 illam
275 3767 340 3829 quae
363 3757 391 3810 te
413 3749 499 3828 erigit
520 3765 618 3828 spem,
642 3756 671 3810 et
692 3749 799 3810 iudicio
821 3767 856 3808 ao
877 3745 991 3824 legibus
1007 3745 1079 3808 cede
1094 3743 1237 3824 nobisque
1252 3745 1364 3822 sioper

81 3855 105 3910 te
125 3853 304 3913 contristatis
325 3863 442 3932 paenam
464 3852 510 3912 da.
556 3867 709 3931 quousque
732 3851 810 3913 enim
831 3850 950 3918 tlemus,
980 3850 1004 3910 si
1025 3848 1083 3930 hoc
1103 3846 1158 3908 tibi
1180 3844 1283 3906 solatio
1306 3852 1359 3915 est,

83 3954 125 4030 qui
145 3955 199 4016 nisi
221 3955 265 4015 sie
285 3953 419 4032 lugentes
442 3969 496 4014 nos
516 3953 640 4022 rideres.
662 3953 824 4032 perdidisse
846 3959 874 4013 te
896 3949 992 4012 scelus
1013 3950 1149 4029 putares?
1172 3945 1431 4026 diagnosticum.

58 4058 239 4136 usurpetis
259 4057 303 4118 tui
325 4057 453 4118 iruclus:
482 4073 540 4135 quo
563 4055 587 4114 si
609 4053 735 4116 libenter
757 4055 880 4122 frueris.
904 4069 963 4113 non
986 4055 1093 4114 invitus
1115 4067 1170 4128 ego
1192 4051 1308 4130 quoque
1330 4054 1360 4109 te

84 4157 155 4220 rideo
176 4167 237 4221 tam
260 4158 386 4220 inxisdm
408 4158 544 4220 omnibus
566 4173 660 4242 quam
675 4157 732 4236 ipsi
752 4154 820 4226 tibi,
844 4147 1034 4234 neque·nos,'
1055 4151 1144 4214 modo
1166 4151 1237 4213 dum
1252 4167 1319 4230 quae
1333 4149 1364 4210 in

84 4307 276 4324 *Q*—

140 4413 151 4450 ²
168 4411 311 4483 abbatem]
325 4413 592 4466 Moulbronnensem.
606 4413 661 4466 Res
675 4427 701 4462 a.
716 4409 788 4462 1504.
802 4415 882 4478 gesta
896 4413 945 4460 ast.
965 4406 1008 4458 Cf.
1022 4407 1121 4459 Sattler
1134 4406 1222 4458 diescit.
1237 4405 1363 4469 deptd.

88 4497 212 4554 ll'irtenb.
225 4503 248 4552 1.
266 4501 307 4564 ἐξ.
322 4497 363 4551 ill.
377 4513 435 4566 sqq.
453 4501 534 4564 Hepd
550 4499 572 4550 1.
585 4515 611 4565 p.
628 4495 682 4550 103.
696 4511 755 4562 sqq.
819 4495 830 4528 ⁸
848 4489 983 4561 patruum]
999 4480 1197 4542 'Eberhardum
1219 4485 1363 4540 iuniorem.

84 4585 386 4647 ct.1³hateriem.§.se.
441 4584 453 4617 ⁹
471 4585 514 4636 ci.
528 4581 608 4650 Hepd
619 4585 640 4634 Ι.
653 4581 695 4632 80.
708 4597 766 4647 sqq.
824 4578 846 4613 ¹·
863 4580 1001 4630 Henricus
1020 4591 1111 4628 comes
1128 4577 1147 4639 †
1165 4575 1191 4626 d.
1206 4574 1246 4624 15.
1258 4573 1322 4640 Δρι.
1337 4587 1364 4622 ιι.

85 4667 151 4721 tate.
168 4675 197 4722 ln
215 4685 329 4723 earcere
341 4670 504 4722 duracensi.
557 4667 579 4703 ¹²
596 4669 673 4735 proli.
738 4681 827 4716 morsa
843 4671 953 4716 mutuose
965 4669 995 4713 Π.
1014 4663 1100 4712 sedes
1117 4665 1202 4726 tepere
1219 4673 1269 4709 nou
1286 4671 1362 4722 pesae

84 4755 162 4808 adnot.
174 4759 200 4810 2.
252 4755 275 4790 ¹²
292 4762 340 4808 tuo
359 4755 446 4822 suppl.
466 4756 612 4806 emendasse
630 4759 661 4804 11.
677 4754 726 4803 aed
742 4751 841 4802 neuma-e
857 4751 952 4816 ae'quo
970 4749 1044 4800 modo
1061 4747 1149 4800 adnot.
1162 4747 1187 4794 2.

135 4843 263 4896 Heraean
276 4843 344 4894 Orr.
359 4857 422 4893 von.
434 4842 467 4894 V.
1125 4829 1145 4891 6
