3434 5512
335 407 407 478 33⁰
444 439 544 472 LEONIS
558 439 583 472 Χ.
597 438 707 474 coum
721 438 870 474 LV'I'MBV!
884 439 975 474 ΗΜΛ
988 441 1051 475 nn.
1067 433 1163 476 ibdvli·
1177 437 1203 476 ΑΖ
1214 435 1271 476 1520.
1286 443 1301 475 c
1326 441 1452 476 BVTTEM
1466 441 1559 478 Rom.

327 595 496 672 publicari,
524 599 612 667 aluere
633 593 725 667 offici
741 593 849 666 saciat.
894 594 1213 658 *Eecommunicomus
1235 613 1351 671 quoque
1374 603 1405 656 et
1421 597 1629 658 nnatbemati-

331 713 437 756 zomus
460 711 559 754 omnes
576 701 606 753 el
625 697 757 768 stapulas
775 697 977 770 cuiuscunque
995 704 1104 770 surius,
1123 699 1250 772 pradia,
1269 698 1460 774 conditionis,
1478 702 1628 774 praem-

331 801 453 870 nenlice,
476 798 643 871 dipnilotis,
666 805 720 856 aut
739 799 925 857 excellentiae
942 798 1073 871 fuerint,
1097 802 1151 874 qui
1166 801 1322 874 quominus
1334 803 1503 876 prasente
1521 803 1626 874 litere,

315 903 376 978 ¹ivel
394 915 498 959 eoreem
516 905 714 976 transumpto,
738 901 842 974 copiae,
860 915 913 958 seu
926 902 1115 976 exemplaria
1131 903 1161 959 in
1176 903 1238 960 suis
1253 904 1343 962 terris
1360 908 1390 961 el
1405 901 1544 962 dominiis
1559 905 1626 977 lepi,

331 1000 436 1077 offipi,
461 1008 489 1059 el
504 1000 658 1075 publicari
674 1003 804 1076 possint,
823 993 967 1072 fecerint,
990 1003 1035 1060 oet
1055 1017 1171 1076 quoquo
1191 1003 1278 1063 modo
1290 1001 1540 1080 proeuroereriru,
1570 1021 1628 1079 per
1647 1019 1657 1056 s

331 1121 376 1176 se,
405 1105 450 1162 oet
475 1105 567 1162 olium
596 1089 649 1161 seu
670 1103 759 1174 alios,
779 1103 900 1178 publice
927 1105 973 1162 uel
993 1105 1119 1176 occulte,
1144 1105 1258 1165 directe
1277 1107 1324 1164 oel
1349 1105 1510 1170 indirecte,
1540 1109 1628 1165 tacite

332 1208 377 1264 uel
396 1221 547 1279 expresse.
592 1203 760 1264 ⁸Postremo
780 1206 852 1279 quia
871 1204 997 1277 disticte
1016 1205 1101 1277 sorel
1121 1213 1289 1282 presentes
1313 1209 1417 1288 literas
1443 1207 1488 1266 ad
1507 1209 1628 1281 maula

331 1325 456 1382 piraque
476 1309 543 1365 loca
565 1305 696 1386 deferri,
725 1309 755 1366 in
779 1307 885 1381 quibus
902 1309 1102 1366 necessarium
1122 1307 1221 1380 sorel:
1248 1311 1390 1385 commus,
1410 1317 1439 1368 et
1458 1311 1627 1385 Apostolus

332 1409 512 1484 autborileue
531 1408 732 1479 decernimus,
754 1409 835 1483 quod
849 1425 954 1468 comem
971 1412 1165 1484 transumptis
1182 1423 1274 1469 nronu
1291 1411 1407 1484 publici
1419 1411 1533 1468 amerii
1551 1425 1627 1470 con-

328 1509 433 1588 sectis,
456 1518 486 1570 et
509 1510 695 1586 subscriptis,
717 1513 763 1569 uel
781 1512 812 1570 in
824 1513 915 1568 'olma
937 1509 1010 1570 urbe
1030 1511 1193 1587 impressis,
1212 1518 1242 1570 et
1260 1513 1357 1585 sipillo
1377 1513 1508 1570 adcuins
1527 1513 1655 1570 eccle-tt

331 1613 445 1671 sicilici
466 1613 594 1686 pralmi
619 1613 752 1688 munitis,
772 1611 886 1686 ubique
912 1617 1020 1689 stetur,
1048 1620 1077 1672 et
1096 1616 1192 1688 pleno
1217 1613 1295 1686 fides
1317 1611 1512 1689 adbibectiu·‚
1535 1618 1628 1687 proed

332 1713 524 1788 eripientibus
544 1715 639 1774 literis
660 1721 791 1774 staretur
810 1722 839 1773 et
858 1714 1066 1787 adhiberetur,
1096 1716 1124 1773 si
1138 1713 1242 1786 forent
1269 1713 1411 1774 ecbibitis
1426 1716 1474 1773 iret
1491 1719 1625 1774 ostensa.

332 1815 372 1874 Et
391 1831 428 1873 ne
448 1813 601 1889 prefatus
620 1815 771 1876 Martinus
792 1831 949 1890 ommspue
970 1817 1026 1876 olii
1044 1816 1226 1892 supradicti,
1254 1831 1327 1890 quos
1342 1823 1512 1891 presentes
1532 1817 1627 1876 litera

332 1917 545 1991 quomodolibet
564 1924 761 1989 concernunt,
778 1919 980 1992 ipnoronlinm
1003 1918 1167 1980 earundem
1189 1919 1362 1990 literarum,
1384 1924 1415 1976 et
1434 1919 1466 1975 in
1486 1918 1532 1976 eis
1552 1933 1625 1976 corr-

331 2025 475 2078 lcntorum
496 2021 624 2078 omnium
642 2025 670 2080 et
687 2021 873 2093 sinodorum
888 2021 1081 2096 maundere
1100 2021 1233 2093 ualeant,
1256 2021 1360 2078 literas
1381 2021 1465 2093 ipsas
1486 2021 1521 2076 in
1541 2019 1654 2076 bosi-¹⁵

331 2123 405 2181 licoe
418 2123 568 2198 principis
591 2121 810 2198 Apostolorum,
838 2128 868 2182 et
893 2122 1088 2182 concellaria
1110 2123 1295 2196 apostolica,
1324 2119 1626 2180 necnoncotbedra-

276 2249 279 2255 ·
330 2224 402 2282 lium
424 2223 617 2282 eeclesiarum
636 2223 932 2297 Broudeburpensis‚
954 2223 1127 2292 Misneusis,
1149 2229 1179 2282 et
1195 2221 1434 2298 Morsperpmsis
1456 2223 1552 2280 oolds
1571 2219 1626 2292 os-

327 2326 386 2398 fipi
397 2329 427 2384 et
439 2323 594 2398 publicari
612 2326 719 2384 debere
742 2327 892 2388 coluimus.
936 2325 1147 2398 decernentes,
1175 2323 1256 2399 quod
1279 2323 1444 2384 eorundem
1471 2325 1626 2382 literanum

325 2425 491 2501 publicatio
518 2429 563 2485 sic
587 2425 693 2497 reeta,
727 2428 932 2502 supradictum
952 2427 1131 2500 Martinum,
1161 2441 1317 2500 omnesquae
1345 2428 1420 2486 otios
1442 2432 1472 2484 et
1498 2425 1626 2497 sinputos

324 2531 574 2604 prenominatos,
595 2541 667 2602 quas
686 2529 783 2589 lileroe
798 2529 968 2589 buiusmodi
984 2528 1196 2604 quomodolibet
1215 2534 1411 2600 concernunt,
1425 2527 1559 2602 perinde
1570 2532 1653 2584 err-²·

330 2635 410 2690 eleut
430 2633 496 2689 cesi
519 2631 614 2690 literae
636 2632 711 2706 ipsse
730 2630 779 2690 die
796 2630 952 2704 alemonis
972 2637 1001 2690 el
1017 2631 1229 2706 publicationis
1247 2629 1429 2700 buiusmodi,
1459 2631 1504 2688 eis
1518 2641 1625 2704 perso-

332 2735 441 2792 naliter
463 2735 547 2792 lecloe
575 2739 604 2793 et
631 2735 774 2792 inlirnotae
792 2732 906 2806 [orent.
952 2733 1046 2805 Quum
1061 2749 1119 2791 non
1142 2734 1184 2791 sit
1202 2733 1373 2804 uerisimile,
1403 2731 1486 2805 quod
1503 2745 1542 2789 ea
1561 2743 1625 2803 pun

332 2845 392 2896 tom
409 2841 550 2912 patenter
567 2837 664 2912 fiunt,
682 2835 808 2895 mbeant
827 2836 914 2911 opud
931 2851 981 2895 eos
999 2835 1166 2908 'ineopnitn
1187 2849 1354 2893 remouere.
1397 2829 1484 2892 ”Non
1506 2832 1626 2892 obstan

332 2939 408 2998 tibus
429 2935 695 3006 constitutionibus,
716 2944 745 2996 el
764 2938 1001 2998 ordinationibus
1020 2938 1197 3012 apostolicis,
1218 2951 1270 2996 seu
1292 2935 1476 3012 supradictis
1496 2934 1625 2994 omnibus

331 3047 361 3100 el
380 3042 518 3116 sinputis,
547 3041 593 3100 uel
620 3053 723 3098 eorum
746 3041 853 3117 alicui,
882 3047 935 3098 out
960 3039 1109 3114 quibusvis
1136 3041 1204 3100 aliis
1223 3055 1243 3098 o
1264 3039 1336 3098 sede
1355 3039 1519 3114 apostolica
1538 3043 1652 3116 pru-²³

333 3145 423 3214 dictu,
446 3143 491 3200 uel
513 3141 550 3200 ob
573 3158 610 3201 ea
627 3147 799 3216 potestatem
817 3141 1000 3214 babentibus,
1023 3142 1078 3202 sub
1091 3143 1201 3216 quouis⁴
1215 3141 1328 3216 somno,
1350 3142 1439 3200 etiam
1462 3139 1624 3214 consessib-

333 3346 411 3406 liirus
433 3351 531 3406 autem
554 3343 605 3405 dat
627 3345 763 3422 gratiam.
839 3343 989 3406 ⁸'l'undem
1019 3343 1055 3404 ad
1086 3341 1223 3404 ultimum
1254 3343 1350 3404 evadit
1376 3343 1495 3405 leonina
1519 3342 1622 3403 inritas.

333 3448 388 3508 Ubi
412 3449 435 3508 si
465 3447 494 3507 in
523 3447 579 3508 isto
608 3447 789 3507 musicorum
819 3453 938 3508 tuorum
967 3447 1091 3525 strepitu
1120 3445 1191 3506 licet
1217 3443 1320 3506 audire
1349 3445 1418 3514 tibi,
1446 3446 1522 3513 Leo.
1550 3444 1622 3502 scire

333 3551 436 3632 cupio,
466 3567 522 3630 qua
546 3547 722 3610 confidentia
745 3547 803 3612 hoc
825 3565 904 3626 agas.
927 3549 1079 3610 'Putasne
1102 3549 1132 3607 in
1161 3553 1209 3610 tua
1234 3564 1299 3608 esse
1327 3555 1487 3626 potestate,
1516 3545 1621 3606 interfl-

333 3671 402 3714 cere
426 3652 552 3719 animas,
583 3667 648 3730 quae
676 3669 736 3712 nou
760 3650 942 3719 moriuntur,
973 3657 1002 3712 et
1031 3649 1178 3710 ririiicare
1207 3665 1271 3728 que
1293 3666 1353 3710 non
1377 3649 1494 3710 riruuti
1527 3647 1649 3720 Quane

333 3761 432 3816 autern
455 3753 588 3814 mentiris
611 3750 721 3832 populo
745 3749 792 3814 dei
815 3752 946 3814 credenti
969 3751 1150 3813 mendaciis?
1172 3751 1215 3810 Au
1238 3750 1321 3813 nefas
1338 3759 1416 3814 esset
1430 3750 1505 3819 hoc,
1527 3738 1620 3810 sinon

333 3855 429 3917 sniuur
452 3852 627 3916 sceleratam
650 3853 728 3916 hanc
752 3873 767 3916 a
791 3853 878 3914 nobis
900 3853 1027 3924 bullam,
1052 3861 1081 3916 et
1102 3869 1207 3914 ornnes
1228 3851 1298 3914 huic
1321 3851 1432 3920 similes
1447 3851 1562 3914 fortiter
1577 3865 1620 3910 ar·

334 3975 485 4027 ceremus,
516 3955 568 4018 sed
598 3963 626 4016 et
649 3957 728 4034 ipses
750 3955 957 4017 occideremus
980 3955 1097 4036 publice
1121 3952 1269 4016 bullarum
1293 3956 1461 4036 caupones?
1535 3950 1621 4014 'lluic

335 4058 497 4122 difficultati
520 4055 728 4120 subvenientes
751 4057 849 4119 denuo
872 4058 1016 4119 edendam
1032 4058 1208 4118 curavimus.
1233 4055 1356 4118 muitum
1373 4057 1452 4117 enim
1468 4062 1565 4116 nostra
1581 4053 1621 4112 iu·

334 4158 560 4229 terest,'talem
590 4167 669 4220 tuam
699 4169 758 4220 tem
787 4159 971 4240 splendidam
1001 4157 1116 4220 Bullam
1144 4158 1285 4220 latissime
1314 4157 1509 4220 circumferri.
1573 4155 1648 4214 qis

335 4263 558 4342 cognoscimus,
593 4261 645 4322 sed
678 4280 738 4322 non
771 4262 969 4338 agnoscimus.
1014 4260 1077 4322 haec
1109 4261 1229 4322 taudem
1263 4269 1307 4325 est
1337 4259 1488 4323 hebetudo
1515 4263 1619 4318 nostra.

333 4361 457 4423 ”Omnia
480 4364 649 4442 perrumpit
671 4362 728 4423 hoc
750 4361 878 4430 iuimen,
911 4363 1023 4424 etiamsi
1046 4361 1239 4444 apostolicum
1261 4371 1431 4442 opponatur
1454 4361 1531 4440 quid.
1574 4359 1619 4416 ,n-

335 4483 393 4544 que
416 4464 454 4524 ita
478 4461 636 4523 Sathenam
660 4463 779 4543 expellit
800 4463 959 4534 Sathenas,
982 4472 1015 4525 ut
1036 4481 1105 4542 spes
1127 4465 1179 4534 sit,
1202 4463 1326 4525 divisum
1349 4466 1412 4526 eius
1435 4463 1509 4524 intra
1530 4478 1562 4520 se
1576 4476 1619 4518 re·

403 4649 424 4684 *¹
441 4651 544 4718 ussup.
556 4650 609 4700 es.
621 4649 870 4716 niemburgensis.
934 4647 989 4684 ων
1006 4613 1108 4701 unser.
1121 4649 1199 4699 xrn.
1213 4647 1253 4698 re.
1273 4645 1619 4699 carenitanum.

335 4737 461 4788 xxvur.
476 4735 516 4788 n.
