3444 5518
110 463 215 498 enarro
227 463 399 498 consueram
411 461 516 498 averna
528 461 686 496 moveantar
699 462 734 496 oe
748 461 871 497 vrarvra
883 459 1006 496 ctarive
1019 461 1054 496 aa
1067 459 1156 496 avana
1170 461 1271 496 naonis
1282 463 1307 496 x.
1330 433 1403 502 357

109 629 273 684 nascamur,
296 621 362 677 unio
383 620 578 693 disrumpitur.
602 617 712 678 avaritia
734 619 846 682 crescit.
869 620 1053 693 pessundatur
1074 619 1276 682 misericordia,
1300 619 1403 678 idolum

84 707 243 781 erigitur,
272 704 471 780 derelinquitur
493 703 625 761 Christus.
670 703 724 760 Nec
751 703 848 760 mirum
877 704 900 759 si
923 719 1075 778 cauponum
1098 711 1209 778 pectora
1230 705 1403 763 tenebrarum

110 791 297 866 ingruentium
318 789 453 866 profunda
475 787 565 862 caligo
587 789 741 850 secaverit.
766 796 797 845 ut
817 789 851 846 de
873 789 1016 863 praeceptis
1031 785 1212 852 salutaribus:
1235 789 1319 846 sacris
1335 791 1403 847 sori·

110 875 217 951 pturis,
240 873 403 948 evangelicis
425 874 557 930 doctrinis
580 870 648 930 nibil
671 873 739 930 lucis
762 867 919 938 admittant,
942 873 1026 930 semel
1049 889 1064 929 a
1087 881 1162 930 recto
1185 873 1270 930 limite
1287 876 1342 931 seri
1359 876 1403 932 iti·

87 961 184 1016 sneris
207 961 295 1017 aversi
317 976 367 1034 per
387 975 510 1033 praeceps
531 967 561 1015 et
581 957 726 1032 abruptum
747 958 890 1016 criminum
912 975 1023 1014 suorum
1046 965 1126 1015 nocte
1148 967 1230 1032 atque
1251 976 1344 1016 errore
1360 977 1404 1016 ca·

108 1046 235 1120 piantur,
260 1045 315 1118 ‘qui
338 1043 439 1100 bonum
461 1044 555 1100 dicunt
577 1043 678 1099 malum
700 1051 729 1099 et
751 1043 848 1100 malum
872 1043 986 1106 bonnm,
1010 1051 1144 1118 ponentes
1166 1043 1292 1100 tenebras
1314 1043 1402 1101 lucem

109 1136 147 1186 ‘et
170 1128 259 1186 lucem
282 1128 420 1190 tenebras,
449 1133 582 1203 ponentes
605 1143 723 1184 amarum
747 1128 773 1184 in
795 1127 874 1184 dulce
896 1135 926 1184 et
944 1127 1023 1184 dulce
1051 1127 1078 1183 in
1100 1145 1234 1192 amarum.
1266 1129 1402 1204 sapientes

108 1214 146 1270 ‘in
170 1211 258 1271 oculis
281 1215 337 1269 suis
359 1220 386 1269 et
407 1229 499 1270 coram
521 1229 550 1269 se
572 1213 728 1287 prudentes'
750 1213 851 1286 stipes,
875 1211 1027 1269 oblationes
1049 1221 1077 1269 et
1098 1212 1174 1270 lucra
1196 1213 1350 1270 desiderant
1373 1223 1401 1270 et

79 1312 82 1320 ’
109 1297 165 1354 illis
188 1297 356 1356 insatiabiles
379 1297 520 1360 incubant,
543 1298 628 1355 coenis
649 1306 731 1372 atque
754 1297 841 1372 epulis
864 1297 983 1361 inhiant,
1006 1305 1113 1355 ructant
1135 1297 1289 1354 hesternam
1304 1315 1401 1374 crapu-

80 1382 213 1458 topulam.
259 1381 340 1450 Quia,
369 1381 533 1439 oGermani
561 1383 712 1457 principes,
741 1381 878 1458 principes
906 1383 944 1438 tui
973 1383 1019 1456 qui
1048 1383 1106 1438 sine
1136 1381 1192 1438 ulla
1221 1384 1400 1440 ordinationis
1411 1387 1468 1438 §.²³-

110 1467 172 1541 lege
195 1467 333 1542 principes
355 1483 415 1523 sese
437 1467 640 1524 constituerunt
671 1465 843 1530 muneribus,
873 1467 1049 1542 imposturis,
1079 1466 1158 1529 dolo,
1188 1468 1295 1532 fraude,
1325 1469 1350 1524 vi
1373 1475 1402 1524 et

110 1552 268 1626 tyrannides
301 1551 487 1608 inobedientes
517 1559 595 1614 sunt,
629 1552 753 1610 mandata
780 1559 914 1627 respuunt
942 1551 999 1614 dei,
1029 1551 1096 1608 socii
1125 1551 1231 1614 lurum,
1264 1553 1401 1627 accipiunt

110 1637 215 1711 quippe
237 1653 350 1692 munera
372 1635 405 1692 ab
427 1635 583 1692 homiuibus
607 1635 691 1693 seculi
714 1635 810 1699 huius,
840 1637 887 1711 qui
909 1653 959 1712 per
986 1637 1095 1710 rapinas
1123 1637 1340 1710 miserorumque
1363 1637 1401 1693 la·

108 1721 236 1795 clarymas
258 1721 365 1777 divitias
385 1730 568 1794 congregant:
590 1721 715 1778 viderunt
738 1723 824 1777 iurem
848 1729 876 1777 et
896 1728 1075 1778 cucurrerunt
1097 1739 1158 1778 cum
1173 1739 1221 1785 eo,
1244 1721 1401 1796 portionem

76 1817 189 1862 saeuam
211 1813 345 1880 ponentes
367 1822 428 1862 eum
451 1803 590 1870 adulteris.
635 1805 688 1864 ‘Va
715 1824 754 1861 sae
784 1806 861 1862 vobis
889 1807 935 1880 qui
959 1805 1111 1864 iustificatis
1134 1807 1246 1880 impium
1269 1823 1320 1880 pro
1342 1822 1402 1864 mii·

109 1890 233 1947 ‘neribus
255 1899 283 1946 et
305 1889 436 1946 iustitiam
460 1889 526 1947 iusti
548 1890 662 1946 aufertis
684 1889 718 1946 ab
740 1891 790 1947 eo'.
835 1899 938 1950 ‘omnes
961 1889 1078 1965 diligunt
1101 1907 1225 1954 munera.
1249 1900 1402 1966 sequuntur

109 1975 341 2032 ‘retributiones't
363 1991 418 2032 non
441 1982 539 2052 putant
561 1975 662 2032 amicos
685 1975 738 2031 nisi
761 1993 776 2030 a
799 1975 899 2049 quibus
922 1977 991 2032 dona
1014 1976 1201 2050 perceperint,
1224 1992 1274 2032 nec
1290 1993 1322 2032 os
1337 1991 1402 2032 con·

109 2059 231 2118 siderant
253 2059 409 2123 amicorum,
432 2060 478 2117 sed
501 2075 609 2122 matius,
633 2068 662 2116 et
681 2075 731 2116 eos
754 2067 862 2117 sanctos
885 2060 1003 2116 iudicant
1026 2077 1141 2134 quorum
1157 2060 1318 2117 exhauriunt
1333 2075 1403 2116 mar-

108 2145 233 2219 supium,
258 2144 330 2218 quod
353 2143 468 2218 singulis
489 2144 586 2201 dicbus
608 2144 641 2200 ab
663 2145 833 2202 ellmminatis
855 2143 1069 2202 llontanensibus
1091 2143 1302 2219 hominibusque
1323 2144 1401 2201 lacti·

75 2229 159 2287 actiae
191 2228 335 2302 religionis
367 2229 425 2284 lieri
454 2229 583 2286 videmus.
628 2229 782 2286 istiusmodi
810 2237 962 2302 sequuntur
988 2227 1198 2292 retributiones,
1228 2236 1259 2284 ut
1289 2228 1399 2286 laudent
1410 2245 1469 2296 §.aa

108 2331 158 2369 eos
181 2331 197 2369 a
220 2313 320 2387 quibus
343 2312 445 2390 aliquid
467 2311 636 2388 acceperint,
664 2313 705 2370 vel
733 2322 807 2370 certe
836 2312 903 2370 nulli
927 2313 1065 2390 quippiam
1088 2313 1211 2370 tribuant
1233 2311 1284 2370 nisi
1308 2331 1322 2369 a
1346 2333 1401 2389 quo

109 2415 139 2456 se
162 2406 324 2472 recepturos
347 2399 510 2471 putaverint.
555 2397 597 2454 llii
620 2396 736 2472 ‘pupillo
759 2415 814 2454 non
838 2398 971 2462 iudicant,
1001 2405 1028 2454 et
1055 2413 1136 2454 causa
1165 2397 1252 2454 vidua
1281 2413 1337 2454 non
1361 2399 1402 2453 in·

108 2483 236 2556 graditur
257 2483 289 2538 ad
313 2480 397 2545 illos’;
425 2482 541 2539 elleniat
569 2499 598 2539 se
621 2499 704 2556 super
726 2499 821 2538 omnes
844 2481 980 2546 homines,
1009 2482 1063 2538 imo
1087 2484 1287 2557 supremum:
1317 2483 1403 2540 avari·

109 2569 191 2628 tiam,
214 2568 389 2640 pecuniarum
412 2568 596 2630 venationem,
619 2567 740 2624 veritatis
764 2566 983 2642 oppressionem,
1013 2567 1192 2623 inversionem
1215 2565 1310 2624 divinae
1332 2567 1402 2640 legis

74 2663 220 2708 ascensam
248 2651 290 2708 dei
318 2669 380 2708 esse
406 2651 513 2714 dicunt.
542 2669 574 2709 er
603 2652 654 2709 deo
686 2667 740 2708 non
767 2652 863 2716 deum,
894 2668 927 2708 ex
954 2652 1093 2709 mendacio
1121 2651 1262 2708 veritatem
1291 2651 1401 2708 iaciunt.
1473 2641 1498 2704 ’.

108 2735 189 2804 Quot
211 2735 272 2792 luce
293 2735 407 2800 clarlus,
431 2753 448 2792 o
470 2735 540 2792 bone
562 2737 643 2799 deris,
666 2744 752 2800 extat,
778 2743 908 2800 tacerem,
932 2736 953 2792 si
978 2753 1019 2793 me
1042 2752 1119 2793 amor
1140 2737 1209 2799 veri,
1233 2735 1342 2793 dilectio
1358 2736 1400 2792 dei

108 2829 138 2878 et
161 2821 277 2895 proximi
300 2819 519 2895 adloquendum
543 2838 597 2878 non
620 2819 786 2900 impelleret:
808 2821 917 2878 miseria
940 2821 1144 2888 Germanorum,
1168 2821 1313 2895 oppressio
1336 2837 1402 2898 pac·

108 2923 225 2981 perum,
254 2907 360 2964 caeoitm
382 2921 476 2962 eorum
500 2905 546 2980 qui
569 2923 598 2962 se
621 2905 762 2968 lumenin
791 2906 910 2964 tenebris
937 2907 1103 2962 versantium
1131 2923 1192 2962 esse
1220 2905 1327 2968 dicunt,
1357 2907 1402 2979 qui

107 2989 211 3048 clavem
235 2989 310 3048 arida
339 3006 419 3047 manu
441 2991 561 3050 scientiae
584 3007 691 3047 serrare
713 3007 767 3047 non
789 2998 952 3066 potuerunt,
986 3008 1034 3047 nec
1056 2991 1109 3065 ipsi
1132 2991 1159 3046 in
1181 3007 1296 3065 regnum
1319 2990 1401 3048 coalu-

37 3133 41 3140 ,
74 3086 174 3132 aarum
193 3074 319 3137 intrant,
354 3075 486 3132 intrantes
514 3091 578 3132 vero
605 3073 766 3150 prohibent,
795 3075 904 3132 silentia
932 3083 1070 3149 rumpunt.
1115 3073 1183 3142 Quid
1213 3074 1471 3139 miserabiliuseta.

109 3159 177 3234 quid
199 3159 403 3222 detestabilius,
426 3177 538 3234 precor,
568 3175 659 3217 sacras
681 3159 774 3216 literas
797 3159 946 3223 divertere,
975 3161 1091 3217 bumana
1113 3159 1211 3217 divinis
1234 3175 1402 3236 praeponere,

110 3243 275 3300 traditiones
296 3243 437 3301 hominum
459 3244 602 3319 amplecti,
632 3243 772 3318 negligere
794 3243 976 3318 evangelium,
1006 3244 1120 3302 virtutes
1142 3244 1298 3318 denigrare,
1331 3244 1403 3299 vitiis

108 3329 244 3386 virtutum
272 3328 411 3404 imponere
440 3329 567 3386 uomina?
597 3329 658 3387 llaec
681 3328 763 3386 boma
792 3326 922 3404 parturit,
952 3329 1008 3386 hec
1036 3329 1116 3386 docet
1137 3328 1266 3384 uitiorum
1289 3329 1403 3392 sentina,

108 3412 251 3487 exemplar
273 3414 391 3470 omnium
414 3413 562 3470 malorum:
584 3413 686 3471 claudit
708 3429 823 3488 regnum
844 3413 976 3472 emiorum
998 3430 1047 3470 nec
1069 3429 1202 3488 pauperes
1225 3412 1326 3468 intrare
1342 3430 1410 3486 per·-

75 3497 208 3559 ssmittit,
231 3497 370 3554 veritatem
393 3499 507 3574 respuit,
531 3497 626 3555 oeulos
648 3497 758 3561 claudit,
782 3498 902 3555 obstruit
924 3515 1011 3560 aures.
1035 3514 1068 3553 ne
1091 3496 1182 3553 audiat
1204 3503 1232 3552 et
1254 3495 1350 3559 uideat,
1373 3505 1403 3552 ut

108 3582 257 3656 aliquando
279 3591 454 3640 convertatur
476 3591 504 3639 et
526 3591 646 3640 sanetur.
691 3589 819 3657 egressus
842 3591 885 3639 cst
907 3599 938 3639 ex
961 3599 992 3640 ea
1014 3581 1058 3638 leo
1071 3581 1201 3662 rugiens,
1225 3597 1350 3655 quarens
1373 3588 1403 3636 ut

107 3685 188 3724 suam
211 3665 322 3741 impleat
343 3666 496 3736 libidinem,
520 3666 701 3724 basatiabilem
723 3668 876 3734 avaritiam,
899 3665 1036 3741 quomodo
1052 3666 1201 3723 Germanos
1221 3666 1347 3728 devorem
1370 3681 1404 3721 ne

109 3751 249 3826 vulpinam
271 3751 425 3825 intelligant
445 3753 572 3810 astutiam
593 3759 621 3808 et
642 3753 763 3828 lupinam
784 3753 968 3827 rapacitatem,
991 3749 1083 3815 bullis,
1106 3749 1196 3813 bullis,
1218 3751 1339 3824 inquam,
1356 3749 1405 3804 mi·

109 3837 163 3898 nis,
190 3836 327 3898 tonitruis.
350 3835 518 3900 luminibus,
542 3837 685 3912 tyrannide
702 3845 805 3894 terrere
827 3838 928 3901 studet,
950 3845 1065 3894 conatur
1087 3835 1266 3910 supprimere,
1289 3851 1405 3908 evange·

72 3921 193 3977 atticam
208 3920 358 3978 doctrinam
381 3919 503 3980 lunditus
524 3921 669 3996 extirpare.
714 3921 791 3978 Venit
813 3923 883 3978 enim
906 3922 937 3978 ad
960 3937 1011 3978 uos
1033 3920 1109 3978 Bulla
1131 3919 1269 3994 quaedam,
1292 3927 1320 3976 et
1341 3935 1472 3987 veresas.

108 4004 195 4068 bulla,
219 4005 281 4078 quia
303 4004 377 4062 bulla
400 4006 521 4068 inanior,
543 4014 575 4062 ut
594 4007 694 4070 nostis,
716 4013 812 4063 contra
826 4006 969 4063 llartinum
992 4006 1124 4080 quermam
1140 4005 1295 4065 lutherum,
1320 4003 1406 4060 borni·

107 4107 173 4146 nem
196 4089 348 4158 candidum,
371 4091 554 4166 evangelicum
577 4100 606 4148 et
628 4107 762 4154 veracem,
787 4092 813 4148 in
837 4109 889 4166 qua
910 4091 965 4148 Leo
989 4089 1035 4148 ille
1050 4090 1153 4152 llecius,
1176 4089 1300 4146 llecimus
1315 4089 1406 4146 dicere

177 4271 273 4323 ‘laub
286 4272 319 4322 V.
332 4265 374 4322 20.
388 4273 429 4323 at.
483 4271 506 4306 ¹⁰
524 4272 561 4324 cf.
574 4273 640 4324 lsai.
654 4273 676 4324 1.
689 4271 732 4324 23.
786 4269 808 4304 ¹⁴
828 4269 1143 4324 scrutabamus.
1198 4270 1220 4304 ¹⁵
1237 4271 1305 4322 Issi.
1317 4271 1349 4321 V.
1363 4271 1405 4320 22.

107 4357 152 4409 23.
202 4353 224 4390 ¹⁸
241 4355 309 4408 assi.
322 4357 344 4408 1.
357 4355 400 4408 23.
458 4355 481 4392 ⁸¹
499 4357 566 4408 Iani.
579 4358 601 4408 1.
614 4357 657 4410 23.
716 4353 738 4393 ὓ
757 4357 863 4408 servari
881 4359 904 4408 1.
917 4359 943 4406 2.
1001 4353 1023 4388 ⁸⁸
1040 4355 1133 4422 docet]
1151 4357 1194 4406 cf.
1212 4353 1291 4407 Paul.
1310 4372 1354 4421 ep.
1372 4355 1408 4406 ad

106 4440 423 4504 'rit.1.11.„aocentes
441 4455 503 4508 quoe
521 4457 576 4492 non
594 4446 710 4508 oportet,
729 4443 817 4507 turpis
836 4440 907 4491 lucri
925 4441 1043 4508 gratie''.
1095 4440 1118 4474 ⁸⁰
1135 4441 1179 4493 leo
1197 4444 1268 4505 aug]
1286 4439 1407 4508 maligue,

107 4533 138 4577 ast
155 4539 173 4576 α
196 4525 287 4576 biblico
311 4529 383 4577 leone
406 4527 442 4578 ad
459 4527 613 4578 Medtcoeum
635 4528 759 4576 transitus
778 4527 835 4589 flat.
905 4521 928 4558 ⁴⁰
949 4523 1032 4575 Bulla
1051 4524 1148 4592 quaed]
1174 4525 1270 4576 eadem
1290 4525 1408 4590 'Exurge

107 4609 220 4662 domim
240 4614 269 4660 at
287 4609 397 4674 iudica’,
418 4611 451 4662 de
470 4625 525 4678 qua
543 4612 612 4662 satis
630 4625 722 4677 supra.
774 4607 796 4642 ⁴¹
815 4609 889 4658 Satis
908 4608 1027 4675 frigidus
1045 4621 1093 4676 pro
1104 4609 1206 4662 uostris
1217 4593 1346 4670 moribus,
1365 4613 1407 4658 tn·

109 4709 177 4746 man
202 4694 279 4746 infre
301 4695 437 4760 repetitus
461 4693 537 4747 lusus
560 4695 596 4745 nd
613 4695 732 4762 Decium
751 4711 776 4746 a.
789 4692 848 4746 249.
868 4691 1042 4745 Christianos
1059 4698 1269 4761 persequentem
1288 4692 1409 4742 referen-

112 4779 164 4830 dus
183 4785 237 4830 est.
257 4793 319 4844 quse
338 4779 508 4844 persecutio,
527 4785 558 4830 nt
575 4791 719 4830 numerare
738 4778 842 4842 solent,
862 4779 982 4844 septima
1001 4779 1062 4829 fult.
