3410 5524
327 411 397 483 126
417 441 539 478 aversor
549 441 585 477 an
595 443 741 478 rnrncrrss
754 441 881 478 caemar
893 440 1003 478 unocurt
1016 441 1116 477 enecas
1128 440 1270 477 uersatur
1281 440 1509 478 execare-rom.
1524 426 1606 489 (ists.)

322 604 354 656 ut
372 596 518 658 babeatur
539 591 813 667 ratio'uermaniae,
837 597 911 659 ratio
933 595 1062 674 imperii,
1085 595 1159 656 ratio
1182 597 1346 658 eommunis
1367 596 1538 676 religionis3
1566 603 1607 657 at·

321 717 378 777 nare
400 697 471 760 inibi
500 715 574 778 opus
596 695 804 776 est-consiliis,
834 697 1002 781 sedulitate,
1030 696 1189 776 vigilantia,
1220 697 1340 768 labore,
1369 695 1548 769 sobrietate,
1578 701 1606 760 in

319 817 448 870 summa,
472 817 547 878 opus
569 807 613 861 est
634 801 742 880 nequid
764 803 793 862 in
816 799 898 861 robis
919 799 1082 880 discrepet,
1111 799 1162 860 sed
1184 807 1217 861 ut
1231 801 1335 861 omnia
1357 781 1548 870 dnouement,
1580 811 1607 861 et

320 901 505 962 concorditer
525 907 558 962 ut
579 919 678 962 rerum
702 921 802 963 euram
824 903 988 980 suscipiatis
1010 919 1044 962 ac
1066 903 1196 963 unanimi
1218 919 1365 964 consensu
1386 903 1422 962 ad
1445 903 1537 963 tinem
1560 921 1606 962 us-

319 1021 376 1082 que
397 1003 578 1084 perduretis;
601 1021 660 1064 non
682 1011 810 1074 temere;
833 1019 899 1066 nem
922 1005 946 1064 si
969 1005 998 1064 in
1020 1021 1053 1064 re
1074 1001 1192 1078 ludicra·
1209 1005 1312 1066 musici
1333 1003 1516 1092 chordarum
1538 1019 1626 1066 eon-t

319 1111 436 1166 ccrrtnm
460 1106 594 1183 exigunt,
618 1113 647 1166 et
668 1107 693 1166 si
715 1106 783 1186 quid
797 1107 966 1184 discrepet,
989 1107 1113 1184 gratiam
1135 1104 1308 1184 desperant,
1337 1107 1366 1168 in
1387 1107 1477 1168 'seriis
1498 1113 1608 1186 quanto

321 1209 412 1283 magis
435 1223 508 1287 opus
531 1224 595 1268 esse
618 1207 790 1278 concordia,
818 1225 894 1287 opus
916 1225 980 1268 esse
1002 1207 1113 1295 loedere
1134 1214 1163 1268 et
1185 1209 1389 1276 coniunctione
1406 1188 1537 1270 'omnino
1559 1210 1607 1270 dr-

253 1311 456 1390 t·¹⁵··‘·missima
479 1309 658 1388 putandum?
685 1308 770 1380 Quod
793 1312 934 1389 pronitne¹
955 1307 1013 1370 buc
1034 1312 1175 1389 pertinet,
1206 1309 1445 1390 quondoquidem
1466 1319 1532 1371 'uuo
1555 1311 1607 1370 nal·

319 1413 400 1474 neris
422 1411 451 1472 id
473 1413 612 1472 momenti
636 1419 693 1480 est,
723 1429 759 1472 eo
785 1429 887 1473 omnes
915 1411 1092 1483 adnitimini,
1121 1419 1155 1473 nt
1183 1413 1221 1473 sit
1249 1414 1298 1492 qui
1320 1428 1387 1474 com
1409 1411 1524 1492 ubique
1546 1421 1607 1474 turn

319 1513 364 1576 rel
386 1514 534 1594 precipue
556 1511 613 1572 boc
634 1514 664 1573 in
693 1511 770 1574 bello
797 1531 874 1574 unare
904 1515 1017 1592 praeto,
1047 1532 1123 1576 unns
1150 1515 1252 1586 ducat,
1281 1529 1357 1575 nnus
1386 1516 1531 1596 imperet,
1547 1514 1636 1575 cuin

321 1618 424 1678 omues
445 1621 581 1695 pereant,
604 1632 707 1675 omnes
728 1615 971 1700 audientes-sint:
996 1633 1082 1696 quern
1106 1633 1208 1678 omnes
1229 1624 1401 1689 vereantur,
1424 1635 1532 1678 omncs
1559 1633 1606 1676 su·

253 1721 457 1800 susspicione,
480 1719 594 1778 aculus
609 1719 759 1796 imperatis
778 1717 875 1778 nullus
897 1716 942 1779 vel
963 1717 1105 1780 tandllnm
1127 1717 1265 1781 discedat.
1310 1725 1396 1796 etque
1418 1721 1443 1780 is
1467 1727 1514 1782 est
1528 1735 1607 1780 oom-

251 1881 255 1888 ,
320 1821 401 1884 muni
422 1826 518 1881 vestro
541 1837 701 1890 consensu,
723 1819 809 1881 simul
831 1821 920 1881 totius
942 1821 1106 1883 Germaniae
1127 1819 1273 1894 voluntate
1295 1840 1329 1882 ac
1350 1819 1454 1882 modiis
1477 1823 1535 1882 iste
1547 1821 1607 1882 iia·

319 1922 484 1984 similianus
506 1921 617 1992 Casan
644 1939 732 2001 quem
758 1924 825 2002 quia
853 1914 925 1984 deus
947 1924 1075 2001 optimus
1096 1924 1240 1985 maximus
1261 1924 1296 1986 ad
1319 1924 1376 1984 boc
1403 1924 1502 1984 erexit
1527 1923 1607 1984 lasti·

319 2026 415 2104 glum,
445 2031 474 2086 et
500 2023 582 2084 robis
610 2032 738 2086 mentem
760 2023 863 2088 indidit
884 2031 916 2086 ut
938 2024 966 2086 id
989 2023 1058 2086 boni
1081 2025 1287 2097 consuleretis,
1318 2025 1528 2105 suffragiisque
1556 2037 1637 2085 reta

318 2129 388 2188 stris
409 2126 594 2188 concorditer
616 2128 823 2206 imperatorem
845 2110 928 2188 iobis
950 2125 1111 2204 delegistis,
1135 2135 1222 2206 atque
1245 2125 1293 2189 ille
1314 2127 1352 2190 ita
1381 2128 1526 2190 hactenns
1553 2127 1606 2186 im·

318 2231 401 2309 perio
417 2230 541 2308 prefuit,
565 2235 598 2289 ut
613 2231 675 2290 eius
697 2231 794 2290 omnia
818 2247 922 2308 magna
946 2247 980 2290 ac
1001 2228 1088 2308 plane
1111 2227 1231 2290 beroien
1254 2236 1282 2291 et
1304 2229 1438 2308 generosi
1453 2229 1549 2290 animi
1564 2229 1606 2288 in·

319 2331 409 2401 dicia,
432 2332 627 2411 imperatorie
649 2331 846 2410 amplitudinis
868 2337 1039 2420 argumenta
1069 2335 1223 2411 perspecta
1251 2332 1323 2402 sint,
1356 2349 1455 2410 quaeso
1479 2333 1607 2410 impera-

318 2439 412 2496 torem
435 2435 599 2512 agnoscite:
629 2441 657 2496 et
683 2435 707 2495 si
730 2433 799 2514 quid
822 2434 964 2518 hactenus
987 2451 1046 2495 non
1068 2451 1123 2514 pro
1146 2427 1242 2495 oilleio
1265 2434 1400 2512 contigit,
1429 2451 1464 2494 ao
1489 2451 1541 2494 vos
1560 2433 1607 2493 in·

319 2535 468 2599 tellexistis
490 2537 690 2616 cuiuscunque
712 2537 740 2597 id
764 2535 848 2616 culpa
871 2537 1040 2615 contigerit,
1071 2553 1142 2598 erc
1164 2543 1258 2597 vestra
1280 2552 1341 2596 non
1369 2535 1474 2606 luisse,
1504 2549 1637 2597 emen-e

252 2639 389 2702 outone
411 2655 558 2708 emerem,
581 2639 701 2716 »expiate
722 2637 847 2717 culpam.
891 2637 968 2699 Nihil
990 2639 1053 2700 sine
1075 2638 1150 2700 duee
1172 2640 1298 2717 geritur,
1328 2635 1440 2699 nutum
1463 2639 1530 2698 sine
1553 2637 1607 2696 irn-

318 2747 454 2819 peratore
475 2739 594 2802 bellum.
639 2755 673 2800 ae
700 2757 806 2834 magno
832 2749 963 2820 emptum
992 2740 1047 2802 sibi
1074 2740 1141 2802 uelit
1162 2740 1274 2812 Taurea,
1303 2747 1336 2802 ut
1362 2757 1414 2800 ves
1441 2739 1508 2800 sine
1529 2737 1607 2800 deice

308 2859 381 2920 ,rem
404 2847 513 2909 tantam
535 2840 759 2920 aggrediamini,
789 2849 822 2903 ot
843 2844 906 2903 sine
928 2843 1022 2923 eapite
1043 2842 1175 2906 membra
1199 2849 1385 2911 mercantum
1414 2843 1479 2903 sine
1501 2843 1605 2918 auriga

320 2961 440 3014 currus,
464 2945 526 3004 aine
549 2944 746 3022 gubernatore
768 2947 848 3005 navis
865 2951 931 3013 eat;
960 2944 1069 3006 scilicet
1095 2949 1129 3005 ut
1155 2961 1207 3006 vos
1235 2951 1351 3005 reetore
1373 2959 1481 3006 vacuos
1503 2944 1606 3021 oppri-

132 3059 145 3070 “
252 3053 385 3112 §.uernat
407 3043 545 3123 singulos,
569 3063 643 3124 quos
663 3063 721 3106 non
743 3047 838 3126 potuit
859 3048 1020 3108 universos.
1065 3046 1161 3107 Nostis
1182 3045 1253 3108 illud
1269 3047 1298 3106 in
1313 3044 1473 3108 evellendis
1487 3046 1636 3124 equinae

275 3224 277 3228 ι
319 3149 419 3212 caudae
439 3145 505 3227 pilis
527 3147 650 3209 Sertorii
672 3147 795 3211 Romani
817 3147 970 3210 consilium
993 3148 1063 3227 quid
1086 3146 1167 3209 velit:
1191 3150 1229 3209 ita
1253 3155 1296 3209 ost
1311 3147 1402 3210 enim:
1426 3149 1450 3207 si
1464 3165 1518 3207 vos
1532 3165 1605 3206 ron·

319 3251 423 3312 corales
445 3251 526 3312 eritis
544 3267 582 3309 ac
603 3249 659 3310 snb
681 3251 757 3331 duce
780 3253 873 3320 eritis,
892 3237 951 3312 vnisi
966 3253 1029 3329 ipse
1044 3269 1061 3312 a
1076 3249 1161 3311 nobis
1175 3251 1264 3319 deus,
1287 3252 1382 3312 omnis
1397 3249 1515 3309 lorluna
1530 3267 1604 3308 oeu-

317 3352 362 3413 los
383 3372 417 3414 ac
440 3366 493 3413 cor
511 3359 638 3421 ¹avertat,
667 3352 739 3412 nibil
768 3369 823 3432 prro
845 3371 896 3414 sua
919 3371 971 3432 spe
994 3353 1119 3414 elicient
1140 3352 1260 3424 'lorcam
1289 3353 1339 3432 qui
1369 3357 1471 3412 corruo
1494 3353 1521 3412 si
1543 3349 1626 3411 dis.

317 3473 421 3538 perses
443 3461 472 3516 et
492 3455 556 3516 sine
577 3455 770 3533 imperatore,
798 3463 848 3516 aot
872 3473 940 3516 cum
969 3457 1146 3534 imperatore
1173 3455 1291 3534 quidem
1322 3453 1376 3516 sed-
1395 3453 1443 3514 cui
1465 3467 1526 3512 non
1550 3471 1603 3532 pa-

226 3538 231 3598 .'
318 3566 402 3620 reant
422 3573 527 3618 onmes
549 3563 577 3618 et
598 3558 681 3618 ouius
701 3556 764 3617 vilis
785 3557 863 3636 apud
885 3573 955 3618 suos
976 3559 1012 3618 sit
1026 3557 1200 3626 authoritas,
1224 3571 1278 3615 nos
1292 3553 1478 3623 offenderint,
1503 3561 1636 3614 amoma

189 3739 193 3750 ι
250 3670 384 3730 pareest,
406 3661 556 3738 periimus.
601 3659 665 3720 Non
688 3675 807 3738 possum
831 3659 907 3723 onim
931 3665 1120 3720 contemnere
1143 3655 1271 3742 eum,3a
1300 3675 1358 3737 quo
1381 3659 1468 3719 etiam
1492 3656 1543 3736 qui
1565 3657 1603 3714 ti·

300 3751 436 3823 'mebant
456 3762 585 3841 superati
607 3768 684 3824 sont.
729 3767 758 3822 et
779 3762 855 3822 sicut
876 3761 911 3821 ad
928 3758 1082 3822 Asiaticam
1105 3759 1254 3821 mollitiem
1276 3763 1461 3840 nepuaquam
1476 3764 1604 3818 nostros
1653 3763 1659 3774 ’

150 3913 156 3922 ,.
179 3852 181 3861 '
252 3907 255 3916 .
285 3887 290 3898 ·
318 3883 456 3945 comparo
478 3863 627 3932 homines,
657 3879 753 3940 neque
776 3881 843 3924 curn
866 3861 914 3924 illo
937 3861 1045 3924 imbelli
1068 3859 1200 3923 Snltbani
1222 3861 1321 3922 militia
1345 3853 1510 3924 Germanas
1530 3875 1602 3919 ron·

318 3966 380 4026 lero
403 3967 562 4035 exercitus,
585 3947 624 4026 ita
646 3981 705 4025 non
727 3981 846 4043 possum
861 3965 1021 4045 'despicere
1044 3983 1111 4034 eom
1134 3966 1184 4044 qui
1206 3964 1424 4044 qualescunque
1446 3959 1506 4023 sint
1526 3977 1602 4040 quos

317 4069 398 4138 vicit,
426 4070 550 4128 maaiina
580 4073 660 4128 certe
686 4085 722 4127 ac
749 4066 966 4147 opulentissima
995 4066 1111 4144 subegit
1138 4083 1244 4144 regua,
1273 4073 1302 4128 et
1327 4065 1473 4128 indelessa
1501 4064 1635 4124 emmau

318 4172 389 4248 agit,
412 4187 507 4248 neque
530 4175 639 4240 cessat,
662 4168 791 4232 terendis
812 4168 962 4232 laboribus
983 4170 1113 4248 patiens,
1135 4167 1281 4230 obeundis
1301 4167 1424 4246 negotiis
1445 4171 1602 4246 promptus

249 4279 353 4332 §.nna
375 4253 535 4339 enercitu83
564 4272 614 4350 qui
635 4271 693 4332 iem
721 4274 847 4334 assuerit
867 4273 998 4342 vincere,
1026 4287 1114 4349 quem
1137 4276 1167 4331 et
1187 4268 1288 4347 gloriae
1310 4268 1418 4330 stimuli
1442 4277 1477 4330 et
1492 4265 1601 4348 pretim

253 4417 257 4424 -
316 4371 441 4434 dulcedo
461 4372 500 4434 ad
523 4375 620 4434 omnia
642 4369 711 4435 belli
739 4375 924 4436 incommoda
952 4371 1072 4435 terenda
1100 4372 1326 4442 induraverunt,
1358 4389 1441 4440 eum,
1462 4365 1598 4448 ‘inquunt

315 4504 516 4522 oua—nanu·-

363 4592 386 4628 *θ
403 4597 445 4646 De
459 4595 491 4657 Q.
506 4593 625 4644 Sertorio
644 4597 707 4659 equi
725 4596 841 4646 centiam
859 4593 1003 4660 paullatim
1021 4593 1100 4660 carpi
1118 4593 1230 4643 iubente
1249 4551 1481 4656 cffPlutarcb.‚in
1494 4589 1526 4639 ei.
1541 4588 1596 4638 vit.

317 4677 687 4742 tt.Veter.M'ex.V1t.t,e.·
717 4671 1158 4750 ’l'onmee'on.‘dii't.2.corni!¹
1193 4675 1330 4729 'lateam¹
1350 4679 1421 4728 erit.
1454 4671 1599 4724 ”sitalco

314 4773 373 4817 ente
390 4781 440 4817 noe
457 4767 536 4818 deleo.
552 4769 582 4812 n.
635 4762 659 4798 ³¹
675 4768 712 4824 et]
732 4765 775 4816 Δι.
788 4769 814 4815 2.
825 4766 874 4814 aed
889 4781 958 4815 corr.
971 4766 987 4815 i.
998 4765 1021 4828 s.
1072 4761 1094 4796 ⁸⁶
1112 4765 1269 4838 promanat.
1326 4759 1348 4796 ³⁸
1366 4763 1475 4826 inquam
1492 4757 1598 4812 omn.
