3410 5524
339 379 409 452 124
429 406 597 444 urrunnun
607 407 753 443 caracara·
766 392 894 445 suamve
907 407 1018 445 sanavit
1030 408 1130 445 ovacra
1143 407 1283 446 sanantur
1296 409 1524 447 exnonrarom.
1537 397 1608 460 (tots.)

335 583 370 624 ac
385 564 515 634 choreis,
538 567 588 624 aut
609 563 751 642 siquando
773 562 923 625 robustius
944 564 1148 639 iocantur.,in
1164 565 1366 626 venationibus
1386 564 1530 644 subigere
1543 567 1608 630 'lor-

337 684 394 734 cas,
418 661 520 728 Asiam'
530 664 673 745 diripere,
696 665 811 744 Syriam
825 681 860 726 ac
875 664 1002 727 ludeeam
1024 659 1053 726 i'n
1068 655 1243 745 potestatem
1258 668 1410 747 redigere.
1422 683 1491 730 ¹nec
1506 689 1608 732 moran

337 767 377 828 ibi
397 765 486 828 ubam
517 773 567 828 ant
588 761 743 844 regionum
765 765 1006 847 longinquitatem
1028 767 1073 828 vel
1095 767 1264 830 diuturnam
1278 771 1493 848 navigationem
1509 791 1543 834 ac
1557 791 1608 834 ma·

336 870 411 932 uma
440 870 557 937 itinera,
585 877 635 930 eut
663 866 788 946 plurima
809 875 889 932 terra
912 870 1045 950 marique
1067 870 1233 932 discrimina
1256 879 1286 932 et
1306 889 1372 951 quaa
1393 871 1531 934 obeunda
1552 883 1609 936 sunt

337 969 482 1050 pericula,
505 970 534 1056 in
557 971 700 1032 rationem
722 953 841 1050 vocaret,
865 971 916 1032 sed
938 989 997 1052 quo
1019 991 1071 1034 eos
1091 971 1253 1036 levissimus
1273 974 1396 1054 quiam
1411 973 1625 1037 meutisllatus⁵

268 1072 447 1154 tittadigit,
477 1090 512 1133 co
534 1073 631 1134 omnia
658 1071 811 1152 colligere,
841 1073 909 1134 inde
938 1075 1035 1156 cronia
1057 1074 1087 1133 in
1108 1091 1191 1158 spem
1213 1091 1338 1154 ponere:
1365 1095 1468 1137 verum
1490 1077 1559 1138 nibil
1579 1077 1609 1138 ad

336 1193 416 1245 reru,
433 1173 678 1254 *quandoquidem
706 1191 765 1236 non
788 1194 804 1236 a
827 1175 1017 1236 stertentibus
1031 1157 1114 1240 'vinei
1136 1193 1223 1255 posse
1245 1175 1375 1238 creditur
1397 1180 1447 1257 qui
1470 1179 1610 1258 uigilantes

260 1291 262 1296 ’
337 1295 453 1358 qnoque
474 1278 636 1355 oppressit,
660 1294 725 1338 nec.
738 1275 802 1338 lore
823 1283 856 1338 ut
877 1277 951 1338 ebrii
972 1285 1113 1356 superent
1134 1296 1150 1338 a
1173 1295 1233 1357 quo
1254 1277 1349 1340 sobrii
1368 1280 1433 1340 victi
1456 1289 1542 1348 sunt,
1568 1289 1609 1340 ant

268 1387 359 1442 §.tlt-a
380 1369 568 1440 venatoribus
589 1384 623 1441 ut
650 1376 834 1440 debellentur
861 1380 912 1459 qui
941 1377 1097 1440 bellatores
1125 1369 1269 1440 enutrivit.
1312 1379 1445 1459 Denique
1467 1383 1535 1461 quis
1553 1401 1608 1462 spc-

272 1479 306 1516 ·'
336 1493 403 1543 rare
431 1481 519 1544 audet
545 1499 596 1542 eos
623 1482 672 1560 qui
701 1478 756 1542 levi
785 1479 909 1558 quodam
937 1482 1043 1542 mentis
1069 1481 1224 1560 agitatione
1251 1482 1289 1544 ab
1318 1482 1425 1544 infimis
1446 1482 1484 1544 ad
1506 1497 1636 1545 amman

336 1581 515 1646 transvolant
542 1590 629 1662 atque
658 1599 675 1643 e
700 1583 780 1642 'terra
808 1583 903 1644 statim
927 1565 1032 1644 etelmn
1055 1583 1227 1660 contingunt
1247 1601 1425 1664 rursumque
1447 1584 1501 1646 ubi
1522 1585 1610 1646 voluat

335 1685 403 1746 inde
425 1684 483 1746 buo
504 1684 682 1761 demigrant,
705 1684 733 1744 id
756 1691 800 1745 est
823 1683 893 1745 nibil
915 1675 1048 1764 provide,
1071 1670 1144 1746 nibil
1166 1703 1201 1746 ex
1223 1687 1350 1755 ratione,
1372 1687 1424 1748 sed
1447 1689 1544 1750 omnia
1558 1693 1609 1747 uo·

337 1786 404 1866 pide
425 1792 638 1866 proponentes,
661 1785 730 1847 illud
753 1786 882 1848 lecturos
904 1785 982 1864 quod
997 1786 1171 1848 acutissime
1185 1787 1308 1866 ingeniis
1323 1785 1472 1860 naubucs,
1495 1790 1609 1852 maxima

338 1888 625 1978 praeditaegsapientia
648 1895 749 1966 gentos
771 1906 884 1948 sumum
906 1887 1049 1952 industria
1069 1895 1157 1968 atque
1179 1890 1296 1968 optimis
1323 1879 1451 1960 consiliis
1479 1909 1609 1975 nou,po·

270 1996 483 2053 §.ttttue'runtt
506 1991 586 2054 Adeo
609 1989 694 2052 nobis
716 1989 836 2051 consilio
858 2007 933 2069 opus
955 2008 1019 2051 esse
1039 2000 1120 2070 poto,
1143 1992 1283 2071 quicum
1305 1991 1437 2053 videmus
1458 1985 1511 2054 eos
1524 1994 1636 2072 quiino

325 2093 466 2156 'tenebris
487 2099 538 2155 ant
559 2094 608 2172 qui
631 2091 723 2154 oculis
744 2093 822 2171 capti
845 2099 960 2162 errant,
984 2093 1126 2172 siquando
1147 2089 1253 2172 pulsati
1275 2093 1312 2154 ab
1334 2093 1433 2172 aliquo
1448 2094 1609 2162 luerint,'m

337 2197 480 2272 incertum
501 2207 606 2256 manus
628 2195 781 2273 porrigere
803 2213 838 2255 ac
859 2196 972 2274 impetn
993 2193 1079 2265 terri,
1103 2195 1154 2256 sed
1177 2194 1247 2256 nibil
1270 2214 1374 2274 agere,
1403 2195 1490 2256 nobis
1510 2194 1609 2274 aliquid

337 2297 509 2378 pollicemur
530 2296 608 2378 quod
631 2294 710 2358 nulla
732 2298 816 2374 prius
838 2298 950 2358 radone
973 2299 1177 2376 concepimus,
1200 2296 1281 2359 nullo
1304 2299 1511 2378 prospeximus
1525 2298 1612 2358 consi·
1645 2353 1650 2362 .

268 2400 391 2470 §.reatin
413 2399 491 2462 nulla
514 2400 684 2478 agitavimus
704 2397 905 2477 providentia?
927 2397 1002 2469 Quid
1025 2399 1103 2478 qnod
1126 2380 1222 2461 o'mnia
1245 2419 1328 2480 praue
1350 2399 1469 2474 anobis
1483 2417 1611 2479 perverse

336 2504 382 2581 agi
404 2502 505 2564 video?
530 2501 560 2561 in
588 2501 725 2562 conviviis
752 2499 856 2561 bellica
878 2507 1038 2562 nectamus
1059 2502 1191 2578 negotia:
1217 2500 1271 2563 ubi
1299 2500 1342 2581 (ut
1362 2502 1465 2581 nunc),
1480 2501 1518 2563 de
1539 2499 1637 2562 bellos

336 2603 516 2666 consultandi
544 2609 676 2682 tempus,
704 2601 817 2666 ludicra
847 2603 944 2663 omnia
973 2620 1159 2664 exercemus:
1188 2603 1253 2682 quis
1280 2609 1413 2665 nostrum
1443 2593 1532 2665 enim
1549 2621 1609 2663 com

335 2707 429 2767 vocati
449 2707 540 2768 simus
561 2710 595 2764 ut
614 2704 652 2766 dc
673 2703 751 2766 bello
773 2698 983 2774 consultamus,
1012 2722 1071 2766 non
1100 2705 1229 2766 convivia
1252 2704 1299 2766 bic
1321 2705 1394 2783 agit,
1420 2704 1517 2767 aleam
1545 2703 1611 2766 ludit

269 2815 393 2872 §.uaaut
414 2800 553 2870 strennue
575 2822 787 2885 nonnunquam
808 2805 903 2868 bibiti
925 2807 1021 2886 Atque
1043 2806 1105 2869 bac
1135 2824 1203 2869 cum
1232 2809 1261 2868 in
1288 2807 1373 2870 nobis
1394 2814 1537 2886 spectem,
1565 2804 1610 2866 ali·

336 2909 406 2990 qnid
429 2909 500 2970 mibi
521 2907 653 2990 polliceri
676 2907 771 2970 debeo
793 2907 916 2970 lelieitcr
936 2909 995 2969 boc
1016 2905 1094 2970 bello
1117 2927 1284 2979 cessurum.
1308 2910 1434 2974 maxime
1449 2909 1476 2969 si
1497 2908 1533 2969 ab
1554 2909 1610 2969 istis

337 3011 468 3072 moribus
482 3029 519 3072 ne
534 3008 623 3070 latum
647 3009 765 3088 quidem
787 3010 909 3089 digitum
931 3010 1313 3091 discesserimustsperarc
1334 3009 1403 3074 licet
1421 3009 1490 3072 lore
1510 3017 1542 3072 ut
1560 3027 1636 3070 nossa

336 3115 409 3176 deus
430 3112 582 3194 respiciat:
605 3113 634 3172 in
656 3112 718 3172 istis
739 3118 820 3174 certa
841 3111 983 3183 consiliis,
1009 3119 1041 3174 ut
1062 3131 1141 3183 nunc
1162 3117 1244 3183 sunt,
1268 3113 1293 3174 si
1314 3113 1451 3174 llduciam
1473 3113 1610 3192 pommus,

337 3215 467 3276 funditus
488 3213 638 3294 periimus.
682 3214 839 3292 periimus,
868 3215 1003 3294 inquam,
1033 3215 1102 3295 qnid
1124 3217 1247 3276 rationis
1268 3215 1363 3286 euim,
1391 3215 1461 3295 quin
1490 3215 1610 3276 sabiniis

337 3317 429 3378 inest?
454 3335 490 3378 ac
517 3333 620 3377 eornm
649 3317 743 3377 omnis
770 3315 810 3376 ibi
839 3315 924 3395 culpa
954 3323 1012 3388 est,
1040 3336 1056 3378 a
1084 3316 1191 3397 quibus
1218 3318 1415 3397 perniciosum
1443 3317 1502 3378 boc
1520 3315 1610 3396 prodit
1694 3311 1695 3392 l

267 3417 516 3498 evocxemptom.
563 3418 682 3497 quidni?
704 3435 831 3497 quorum
853 3419 978 3484 maxima
1001 3419 1038 3480 de
1059 3419 1104 3480 bis
1126 3437 1197 3482 crue
1219 3437 1291 3482 esse·
1305 3418 1414 3489 debuit,
1436 3420 1467 3480 bi
1488 3437 1522 3481 rc
1536 3435 1610 3498 pane
1694 3401 1695 3427 ¹

334 3523 447 3602 perdita
468 3521 567 3583 securi
587 3520 745 3600 aguntsbi
767 3523 892 3582 manime
913 3522 989 3582 seria
1011 3523 1039 3582 in
1061 3519 1239 3584 levissimum
1260 3523 1434 3583 convertunt
1452 3520 1557 3589 lusum,
1578 3527 1637 3580 nott

334 3624 385 3686 nbi
407 3642 488 3684 arma
510 3623 661 3684 iracunda
682 3627 767 3695 sunt,
789 3621 830 3684 ibi
852 3625 929 3686 inter
950 3622 1054 3702 pocula
1069 3623 1205 3686 nocturni
1220 3622 1376 3700 diurnique
1390 3623 1508 3694 sedent,
1531 3623 1609 3684 ctio

335 3728 421 3788 terim
443 3726 583 3788 Asiaticos
604 3725 751 3788 exercitus
772 3732 962 3787 contemnere
983 3725 1105 3797 audent,
1128 3743 1164 3787 ac
1184 3724 1271 3787 nobis
1291 3723 1362 3786 istas
1375 3725 1534 3786 ostendunt
1546 3726 1609 3786 ima·
1694 3747 1695 3778 v

334 3829 434 3907 gines,
469 3843 577 3905 magna
599 3827 725 3908 fquidem
753 3834 939 3899 comanente,
974 3829 1026 3890 scd
1053 3807 1214 3907 maiorum,
1247 3846 1265 3888 o
1293 3827 1457 3906 principes,
1486 3841 1607 3887 snorum.

268 3931 451 4008 tirs.quippe
473 3927 554 3990 nullo
576 3928 640 3990 iure
661 3929 753 3990 virtus
774 3929 949 3992 hereditaria
972 3931 1018 4000 nn
1047 3934 1076 3990 at
1097 3929 1188 4009 siquis
1216 3929 1303 3990 luerit
1328 3923 1380 4008 nui
1407 3936 1544 4010 manuue
1562 3925 1608 3986 ali·
1667 3947 1669 3950 ·

334 4031 405 4109 quid
427 4029 626 4110 ipse'leccrit,
649 4032 746 4094 omnia
767 4030 874 4092 laveris
894 4029 980 4110 plena
1003 4033 1144 4102 inveniet,
1168 4032 1266 4094 omnia
1286 4030 1395 4093 laudis:
1418 4048 1486 4092 nam
1508 4030 1636 4091 trosaas

334 4132 413 4194 domi
434 4138 588 4194 stemmata
609 4141 726 4194 servant
748 4134 798 4211 qui
819 4133 900 4194 nullo
923 4134 994 4195 loris
1015 4133 1164 4212 preclaro.
1178 4133 1311 4196 facinore
1332 4130 1514 4194 nobilitatem
1538 4147 1608 4191 asse·

333 4240 419 4302 rvmt;
448 4251 614 4316 quanquam
642 4241 688 4298 est
708 4235 804 4296 bonor
828 4237 959 4297 vetustati
981 4237 1111 4314 generis,
1140 4234 1272 4328 sedsspe
1300 4220 1426 4314 quadar'n
1454 4231 1608 4301 innobiles

335 4336 480 4404 coniecta,
503 4341 536 4416 ut
556 4335 795 4415 progenitoribus
817 4339 877 4399 suis
898 4339 969 4399 itant
990 4323 1114 4408 similes:¹
1143 4335 1223 4417 quiid
1243 4320 1299 4397 nis'i
1321 4335 1517 4403 contendunt,
1541 4332 1607 4394 nibil
1694 4409 1695 4416 ἵ

268 4453 519 4516 nonmagnopere
539 4434 646 4507 titulis,
676 4437 747 4498 nibil
768 4425 934 4502 nominibus
956 4440 1065 4502 diutius
1087 4439 1282 4501 movebuntur
1309 4438 1451 4501 homines.
1494 4437 1550 4548 Nep
1567 4435 1607 4495 ic·
1694 4419 1695 4452 ¹

395 4637 412 4673 ·¹
429 4655 465 4691 ac
483 4643 539 4692 1.2.
559 4646 634 4692 stat.
702 4641 1054 4708 trassucconem.
1113 4641 1133 4675 ¹⁹
1151 4658 1222 4709 pene
1241 4645 1265 4693 1.
1293 4641 1374 4709 prend
1392 4646 1419 4694 2.
1437 4641 1607 4706 compono
1694 4589 1695 4642 Ξ

334 4731 403 4791 post.
438 4721 590 4778 ¹⁴moxime
604 4730 628 4780 4,
645 4731 676 4775 11.
695 4727 830 4778 siaddidt.
850 4728 932 4810 etiam
947 4727 968 4778 n
981 4732 1036 4782 1.2.
1071 4728 1095 4762 ³⁸
1112 4740 1221 4780 suorum
1233 4729 1294 4778 add.
1306 4734 1337 4779 11.
1366 4725 1606 4780 “hereditariam
