3468 5512
260 415 388 486 §ALVSTII
402 451 508 486 ΙΒΟΒΕΙ
522 451 636 488 subsunt
652 452 705 486 m
718 451 876 506 ΕΠΤΒΙΠΙ.
896 453 930 488 ΒΧ
945 453 1067 489 effluit.
1081 455 1116 489 ΕΤ
1129 455 1218 490 BBLLO
1233 455 1369 492 IVGVRTE·
1389 425 1464 498 50¹

1438 537 1446 564 Ι

511 609 551 665 tx
575 611 602 664 b.
625 607 728 666 untsrt
750 611 896 668 sbtvsrtt
918 611 1134 670 cbttbtbbtttn,

733 727 847 786 Studero
869 747 908 786 sc.

263 813 313 881 Qut
339 813 447 869 student
470 831 529 870 sese
552 821 683 888 praestare
705 813 812 870 caeteris
835 815 1024 873 animantibus.

683 898 808 956 Transire
831 899 951 960 silentio.

151 1032 156 1042 .
262 983 299 1040 Nc
323 983 401 1040 vitant
425 982 534 1040 silentio
559 990 711 1047 transcant,
735 983 817 1040 veluti
839 1001 946 1060 pecora.

731 1065 816 1126 Etiam
838 1077 906 1126 tum.

261 1152 346 1210 Etiatn
370 1161 426 1209 turn
449 1151 501 1210 vitu
523 1152 661 1210 hominum
685 1153 742 1210 sinc
763 1153 912 1228 cupiditate
934 1155 1095 1228 agitabatur.

530 1236 594 1305 Qun
616 1247 707 1301 arant,
729 1255 779 1314 pro
802 1255 863 1312 quae
884 1239 984 1296 arando
1007 1249 1110 1315 parant.

261 1321 326 1406 Qun
348 1322 470 1378 homines
492 1331 582 1385 eraut.
605 1323 743 1397 navigant,
766 1323 912 1387 aedificant,
935 1324 1028 1382 virtuti
1051 1327 1139 1382 omnia
1162 1335 1267 1400 parant

775 1408 858 1465 turta.

261 1491 361 1548 Eorum
384 1492 465 1550 vitam
487 1509 539 1566 ego
563 1501 731 1566 mortennpue
754 1493 827 1550 iuxta
850 1493 965 1551 aestimo

643 1578 765 1635 Intentus
787 1595 847 1636 curn
869 1579 994 1637 ablativo.

261 1659 311 1728 Qui
326 1661 418 1737 aliquo
433 1663 548 1737 negocio
565 1662 697 1726 intentus,
714 1663 836 1737 praeclari
854 1665 989 1728 facinoris,
1006 1675 1053 1724 aut
1067 1667 1133 1725 artis
1149 1667 1225 1726 bonan
1242 1669 1337 1724 [amam
1354 1669 1459 1742 quierit.

744 1747 831 1822 Supra
852 1767 893 1806 ea.

143 1853 166 1893 ts
261 1829 326 1899 Quae
347 1831 398 1888 sibi
421 1833 537 1919 quisquc
559 1831 647 1890 facilia
671 1833 742 1890 iactu
766 1843 851 1909 putat,
874 1853 952 1910 aequo
976 1853 1065 1893 antino
1081 1836 1191 1912 accipit
1221 1855 1304 1912 supra
1325 1855 1356 1894 ea
1378 1837 1460 1894 veluti

174 1915 236 1972 ficta
252 1933 302 1991 pro
326 1916 400 1974 tusis
422 1911 505 1974 ducit.

669 2003 784 2065 Ducere.
807 2020 857 2078 pro
881 2022 962 2079 supra

755 2087 884 2146 insolens.

261 2169 325 2238 Quas
347 2173 453 2230 tametsi
476 2171 581 2228 animus
604 2172 798 2246 aspernabatur
819 2173 941 2232 insolens
963 2174 1092 2234 malarum
1115 2175 1215 2233 artiunr
1238 2173 1287 2234 &c

695 2255 797 2314 Habere
820 2267 935 2316 aetatern.

261 2339 292 2396 tu
314 2339 378 2398 utibi
401 2340 533 2418 reliquam
555 2349 662 2398 actatum
685 2345 700 2398 ab
722 2359 778 2417 rep.
802 2342 896 2417 procul
920 2343 1066 2403 babendum
1088 2345 1203 2406 deenen.

273 2553 274 2556 ¹
411 2563 452 2619 ΕΧ
475 2564 502 2618 C
525 2538 627 2620 ctttsPt
650 2553 798 2619 sntvsrtt
820 2561 874 2620 ut:
883 2547 985 2622 tutto
1007 2512 1215 2624 tvuvntfltttu.

751 2682 880 2738 Grassari

139 2785 166 2825 aa
260 2764 309 2833 uui
332 2766 378 2824 ubi
401 2767 432 2823 ad
454 2765 570 2841 gloriam
592 2767 700 2824 virtutis
722 2767 761 2822 via
785 2776 926 2841 grassatur
948 2763 1000 2827 abc.

779 2851 908 2910 [tabuere.

262 2935 310 2992 Vbi
332 2953 382 3010 per
404 2937 555 2994 socordiam
578 2934 663 3001 vires,
688 2946 809 3012 tenipus.
833 2946 915 3001 astas.
939 2939 1096 3014 imperium,
1120 2941 1270 3004 tauriscis,
1295 2949 1397 3000 naturae
1421 2942 1460 2998 in·

173 3021 286 3077 firmitas
307 3030 458 3078 accusatur.

748 3106 879 3164 Alienum.

119 3196 169 3250 'ao
261 3189 338 3258 ouon
360 3191 382 3248 si
406 3189 562 3248 bominibus
584 3185 716 3248 botrorum
739 3209 829 3249 rorurn
853 3203 925 3252 tanta
948 3213 1012 3252 cura
1035 3205 1116 3259 osset,
1140 3205 1241 3270 quanto
1258 3197 1348 3253 studio
1364 3197 1458 3258 aliena.

174 3293 205 3332 ac
227 3275 295 3332 nibil
316 3277 474 3351 profutura,
498 3275 666 3349 multumque
689 3277 768 3332 etiarn
792 3277 944 3351 periculosa
969 3290 1073 3355 petunt.

748 3364 889 3417 beteruns.

261 3445 308 3500 Vbi
332 3463 382 3520 pro
405 3445 566 3502 mortalibus
589 3445 792 3517 gloriantem
816 3443 920 3503 florent.

201 3575 209 3592 .
743 3527 894 3585 Postremo.

137 3629 165 3672 tn
259 3615 400 3672 Postremo
422 3615 546 3690 corporis
568 3624 596 3672 et
619 3615 735 3674 fortunae
758 3615 889 3671 itonoruut
913 3617 952 3672 nti
975 3617 1089 3681 initium,
1113 3619 1153 3675 sic
1175 3617 1235 3674 bnis
1258 3627 1310 3674 est.

692 3699 755 3755 Curn
778 3701 940 3773 praesertim.

260 3785 324 3842 Cum
348 3785 499 3860 praesertim
523 3794 576 3842 tam
599 3783 699 3841 inultos
722 3785 855 3858 variaeque
878 3795 949 3844 artes
972 3796 1035 3844 sunt
1057 3787 1151 3850 anirni.
1175 3789 1273 3864 quibus
1289 3805 1390 3844 sumnia
1406 3788 1460 3844 cla·

175 3871 266 3928 ritudo
289 3879 409 3944 paratur.
454 3870 534 3932 item,
557 3869 621 3926 Nam
645 3871 668 3924 vi
693 3870 799 3944 quidem
822 3885 918 3944 rogere
933 3872 1062 3947 patriam,
1086 3881 1132 3928 aut
1147 3881 1282 3947 parentes.
1306 3891 1460 3948 quanquam

174 3965 202 4012 et
225 3955 330 4030 possis,
359 3963 387 4012 et
409 3955 506 4012 delicta
528 3956 664 4028 corrigas,
694 3964 782 4010 tannen
806 3953 988 4029 importunum
1019 3965 1074 4018 est.
1103 3975 1164 4015 curn
1192 3959 1343 4033 praesertirn
1367 3977 1459 4016 ornnes

139 4055 268 4098 surenam
291 4040 454 4096 mutationes
475 4039 583 4102 undem.
608 4041 707 4113 sugam,
729 4038 834 4113 aliaque
856 4041 965 4098 hostilia
988 4042 1159 4115 portendant.

680 4124 838 4196 corrigere,
862 4143 953 4200 supra.

739 4209 896 4268 Gratiiicari.

260 4294 392 4354 Potentiae
415 4311 562 4370 paucorum
584 4294 667 4353 decus
689 4303 770 4368 atque
795 4294 946 4353 libertatem
968 4313 1043 4354 suam
1066 4295 1220 4371 gratificari.

243 4513 249 4546 ¹
270 4513 311 4562 Ex
328 4511 382 4563 hnc
401 4527 484 4578 supro.
502 4495 633 4562 ducentos
651 4512 727 4563 locos
747 4511 782 4563 ad
800 4513 906 4564 modum
920 4515 1091 4578 sequentium
1105 4517 1250 4582 excerpsit.
1299 4515 1319 4550 ¹⁷
1337 4520 1390 4582 iege
1404 4519 1459 4567 Du-

174 4615 239 4651 cere
257 4613 315 4663 pro,
334 4611 416 4662 supra
436 4597 464 4654 (i.
479 4613 501 4646 e.
515 4599 645 4661 superiori
660 4598 787 4660 articulo).
838 4595 859 4630 ²⁸
878 4597 993 4648 Articuli
1011 4606 1074 4650 sunt
1093 4601 1205 4652 circiter
1217 4601 1274 4654 350.
1309 4603 1350 4651 Ex
1363 4601 1460 4652 Cutili-

70 4707 72 4712 ·
174 4685 257 4736 nuris
280 4688 412 4746 excerpto
433 4682 462 4731 iu
481 4681 523 4732 od.
537 4679 559 4730 1.
580 4682 647 4732 folin
666 4681 769 4741 1...to·,
789 4699 803 4734 e
822 4684 982 4749 Iugurthino
1000 4684 1074 4736 bellu
1098 4692 1228 4751 excerpta
1253 4685 1321 4736 folin
1339 4683 1458 4746 to...3tt‚

177 4785 210 4822 ex
228 4768 405 4820 historiarum
424 4767 619 4832 superstitibus
637 4767 707 4818 locis
726 4773 857 4833 excerpta
875 4767 943 4818 folin
956 4759 1091 4820 bob...uo¹³.
1111 4776 1256 4834 occupent.
