3464 5526
321 381 368 449 56
452 409 574 464 ξΝΤΤΕΝῐ
593 409 622 442 lll
642 408 736 442 DVCH
755 405 1034 440 Wlli'l'sslll'liliGlthillll
1052 405 1156 440 ΟΒΑΤΙΟ
1175 407 1232 440 llll.
1252 405 1280 440 Ι.
1294 405 1358 440 Avo.
1373 406 1400 440 Δ.
1413 399 1472 439 lbli.

319 547 453 626 nationes
475 553 629 623 emanare?
659 561 717 622 Sed
738 568 837 624 tecum
865 560 963 620 mitius
986 574 1070 636 agam
1098 576 1186 638 quam
1217 560 1279 637 ipse
1310 561 1459 638 suspicari·
1477 561 1604 639 potuisti,

251 671 349 726 treet
371 662 503 724 sedulum
526 662 644 740 pessimi
672 662 781 729 denuoi
809 677 926 722 servum
955 662 1076 721 mittam.
1122 661 1164 721 td
1192 660 1271 721 hunc
1300 670 1454 723 convertar
1482 665 1605 740 parrici-

319 767 401 834 dam,
423 771 506 824 tuum
517 808 518 812 ,
530 765 709 842 principem,
734 764 818 828 cuius
840 770 872 823 tu
888 761 1025 823 malitiam
1042 761 1208 840 eloquentia
1224 779 1331 824 acuere
1347 765 1491 834 studuisti,
1515 781 1605 842 aquo

319 865 534 946 percontabor,
559 855 619 944 qna*
637 864 757 926 tandem
779 865 885 925 fiducia
907 865 970 924 baec
992 862 1073 942 loqui
1095 871 1257 942 aggressus
1274 866 1326 936 sit,
1349 885 1418 926 cnm
1436 865 1496 926 bos
1518 869 1606 926 sciret

319 970 478 1046 cognitioni
500 967 693 1047 praelaturos:
723 984 760 1026 an
782 965 936 1027 dubitabas
958 966 1028 1044 quid
1049 964 1247 1045 intelligerent
1276 967 1409 1029 homines
1430 967 1552 1046 quaudo
1574 975 1624 1027 tus
1715 1011 1716 1016 η

320 1067 395 1132 lcede
418 1073 446 1131 in
470 1087 523 1130 nos
546 1071 728 1129 mentireris.
756 1087 810 1130 nos
837 1069 874 1129 de
902 1076 931 1128 te
953 1085 1019 1146 que
1040 1067 1137 1144 palam
1159 1087 1194 1128 ac
1215 1067 1369 1143 manifeste
1391 1077 1605 1149 perpetrasses,

322 1171 434 1232 lortiter
457 1169 662 1249 loqueremur?
691 1177 741 1230 aut
768 1187 831 1230 non
857 1170 1071 1248 iniquissimum
1100 1169 1207 1230 duxisti
1237 1172 1268 1230 iu
1296 1171 1360 1232 eius
1386 1173 1496 1232 mortui
1518 1173 1607 1232 vitam

261 1345 264 1350 Ι
322 1275 477 1350 increpare
499 1289 586 1349 quem
610 1273 704 1331 vivum
727 1289 878 1351 nunquam
901 1273 1058 1341 accusasti,
1083 1288 1231 1352 nunquam
1248 1271 1357 1334 malum
1373 1259 1540 1351 suspicatus
1558 1275 1607 1334 est

254 1359 415 1444 s.n.eram¹
439 1373 509 1436 nibil
532 1374 626 1434 avita
649 1381 697 1433 tua
720 1373 820 1434 isthaec
842 1373 984 1434 abhorret
1005 1374 1113 1443 oratio,
1144 1390 1231 1450 quam
1260 1383 1328 1446 sunt
1357 1377 1455 1436 omnia
1476 1375 1557 1454 apud
1578 1385 1605 1436 te

322 1475 443 1562 aequalia
466 1494 499 1536 ac
522 1475 577 1536 sibi
600 1493 743 1545 consona,
773 1493 861 1556 quam
895 1474 966 1536 nibil
994 1475 1164 1554 discrepant
1193 1474 1325 1538 voluntas
1346 1495 1381 1538 ac
1402 1485 1501 1538 sermo
1525 1479 1637 1538 tuustn

323 1577 352 1640 et
374 1578 525 1638 audaciam
548 1576 664 1656 quidem
680 1585 759 1638 tuam
776 1584 842 1638 ante
858 1595 1010 1646 noveram,
1034 1577 1176 1641 insaniam
1191 1595 1226 1639 ac
1241 1578 1371 1638 furorem
1387 1596 1605 1658 perspexeram,
1692 1582 1696 1592 '
1715 1589 1716 1666 J

323 1666 434 1742 tantum
457 1687 554 1738 tamen
577 1697 593 1738 a
616 1681 722 1738 mentis
744 1682 866 1740 sanitate
888 1677 991 1741 abesse
1013 1687 1041 1740 te
1063 1696 1122 1740 non
1145 1679 1317 1748 credebam,
1347 1688 1379 1740 ut
1406 1681 1459 1741 ista
1482 1681 1608 1743 auderes
1678 1673 1683 1687 '

324 1783 439 1848 elicere,
464 1787 492 1842 et
514 1780 592 1858 apud
614 1769 675 1840 brec
699 1777 780 1840 orbis
801 1787 889 1867 terrae
912 1783 1006 1861 capita
1030 1779 1170 1842 auderes:
1192 1799 1260 1842 nam
1283 1779 1405 1860 siapud
1427 1791 1495 1843 tuos
1518 1783 1608 1844 collu-
1715 1773 1716 1796 ¹

324 1902 421 1952 sores,
451 1881 528 1970 apud
556 1889 621 1942 tuos
651 1883 770 1943 sicarios
800 1901 834 1942 ac
864 1884 934 1942 istos
961 1880 1182 1960 latrociniorum
1214 1891 1333 1946 tuorum
1367 1885 1518 1946 ministros
1547 1885 1609 1944 baec

324 1987 461 2054 dixisses,
485 2002 571 2046 nemo
594 2002 652 2043 non
676 1985 864 2045 vehementer
886 1985 1095 2062 impudentiam
1117 1993 1196 2046 tuam
1219 1986 1379 2046 admiratus
1408 1993 1498 2054 essee
1530 2001 1606 2048 nunc
1617 2007 1637 2047 n
1715 2009 1716 2054 ι

324 2090 361 2148 ita
384 2087 532 2147 instituisti
554 2093 598 2156 te,
627 2093 659 2147 ut
681 2105 747 2172 eum
770 2087 853 2166 prins
874 2085 911 2146 ab
932 2085 1070 2146 omnibus
1092 2085 1214 2165 reliquis
1236 2081 1369 2166 eorporis
1398 2087 1535 2167 partibus
1557 2105 1608 2168 pu·
1715 2083 1716 2094 ’

326 2189 429 2249 dorem
453 2186 650 2266 ablegaveris,
674 2203 753 2248 nnnc
775 2188 893 2248 tandem
916 2187 1013 2264 lingua
1037 2206 1154 2266 quoque
1177 2195 1207 2248 et
1228 2207 1280 2248 ore
1302 2189 1468 2268 impudicus
1484 2207 1551 2251 esse
1567 2193 1609 2252 in·

256 2307 315 2355 sve.
326 2291 426 2369 cipias
472 2289 589 2349 Tertius
612 2295 656 2350 est
678 2291 732 2349 iste
754 2291 843 2366 igitur
866 2289 1087 2368 improbitatum
1101 2296 1220 2350 tuarum
1235 2291 1358 2367 gradus,
1381 2309 1448 2352 nam
1465 2311 1533 2354 cum
1550 2295 1609 2372 pri·

323 2412 404 2453 mum
426 2391 621 2484 parricidnio'
616 2393 823 2478 immanissimo
851 2411 886 2451 ac
914 2391 1123 2452 nefandissimo
1152 2393 1281 2452 omnium
1309 2393 1492 2454 atrocitatem
1522 2411 1609 2475 supe·

323 2513 434 2562 vassos,
459 2492 564 2554 deinde
581 2501 683 2554 contra
698 2501 778 2552 tuam
794 2509 917 2553 errorem
939 2492 1157 2572 pudicissimam
1177 2513 1211 2554 ac
1226 2493 1439 2556 nobilissimam
1455 2496 1639 2558 imminamaa
1715 2529 1716 2540 ,

323 2615 388 2657 eam
412 2595 622 2672 turpitudinem
644 2593 766 2655 obiisses
789 2596 872 2654 euius
894 2613 1044 2673 nunquam
1067 2579 1198 2656 credita
1207 2603 1251 2656 est
1278 2614 1369 2675 capax
1400 2615 1464 2658 esse
1487 2599 1610 2660 Germa·

327 2700 388 2771 nia,
402 2714 492 2756 -nunc
515 2696 632 2756 demum
655 2697 848 2774 impurissimi
872 2698 932 2755 oris
953 2699 1102 2774 spurcitia¹
1116 2699 1212 2758 omnia
1234 2698 1340 2769 lmdas,
1370 2701 1468 2760 omnia
1491 2699 1609 2779 polluis.

258 2811 315 2860 tu.
326 2798 512 2860 Credendum
536 2805 580 2857 est
601 2797 819 2876 igitur'aliquid
842 2816 998 2876 superesse
1020 2798 1099 2876 quod
1122 2807 1167 2867 tu,
1201 2801 1250 2876 qui
1273 2801 1335 2861 sine
1358 2799 1493 2879 exemplo
1516 2802 1611 2863 malus

324 2920 370 2970 es,
395 2900 431 2959 ad
454 2898 506 2958 lras
529 2887 731 2976 improbitates
753 2899 862 2986 addere
885 2881 997 2978 possis?
1021 2907 1070 2968 aut
1091 2899 1161 2982 quid
1184 2901 1303 2961 omnino
1326 2903 1462 2980 estquod
1478 2903 1526 2964 bis
1543 2921 1610 2982 por-

323 3002 409 3060 tentis
431 2996 577 3077 reliquum
596 3001 651 3060 sit?
673 2999 785 3078 Ingenii
808 3001 924 3077 quidem
947 3003 990 3061 tui
1012 3002 1114 3061 induiti
1137 3009 1206 3062 sunt
1226 3012 1255 3063 et
1269 3001 1488 3082 inexplicabiles
1503 3023 1639 3072 nexuere
1689 3041 1692 3050 ·

325 3110 357 3162 ut
378 3104 481 3178 ingens
503 3103 630 3181 suspicio
658 3103 694 3161 sit
721 3101 835 3180 aliquos
863 3119 927 3163 esse
956 3103 1052 3164 adbuc
1073 3103 1205 3164 nondum
1234 3091 1531 3183 apertos'voluntatis
1553 3115 1610 3168 tue

325 3221 473 3272 recessus
498 3204 575 3264 unde
598 3202 706 3282 aliquid
730 3204 851 3272 iterum,
876 3205 900 3264 si
922 3204 1204 3284 tuumsuppljcinm
1219 3206 1386 3274 differatur,
1409 3207 1609 3270 trucarlentum

257 3323 359 3371 §.mac
388 3313 472 3365 atrox
497 3307 525 3366 in
545 3311 607 3364 'nos
634 3305 792 3366 immineat.
838 3306 916 3384 quod
945 3307 986 3366 dii
1012 3305 1193 3368 immortales
1221 3306 1328 3376 nolint,
1356 3315 1389 3370 ut
1414 3314 1447 3369 tu
1475 3309 1610 3371 ulteriori

324 3409 457 3469 amentiae
472 3410 612 3478 serveris,
634 3425 692 3486 quo
708 3409 792 3468 istam
807 3401 915 3468 iterum
931 3427 1055 3469 renoves
1070 3411 1267 3486 perversitatis
1282 3417 1338 3469 tuse
1354 3411 1476 3494 lamam:
1501 3413 1611 3492 quippe

324 3529 411 3570 nemo
434 3518 478 3570 est
499 3512 548 3588 qui
569 3527 629 3569 non
653 3517 733 3569 certo
757 3509 812 3570 sibi
836 3517 995 3589 proponat,
1019 3510 1042 3570 si
1065 3518 1096 3570 tu
1119 3509 1230 3588 aliquot
1251 3511 1314 3573 dies
1328 3513 1475 3590 supersis,
1500 3531 1641 3576 novumn
1707 3561 1711 3576 .

323 3603 425 3673 abs'te
449 3611 557 3690 aliquid
579 3609 635 3670 illis
658 3597 787 3689 pristinis
810 3629 869 3670 non
893 3610 1024 3674 absimile
1047 3612 1252 3690 proditurum;
1282 3615 1318 3674 ad
1345 3612 1422 3692 qvvod
1454 3621 1485 3672 tu
1513 3615 1610 3682 etiam,

323 3731 472 3792 nunquam
496 3714 551 3774 nisi
573 3713 764 3790 disponendis
779 3712 939 3774 sceleribus
954 3713 1097 3791 prudens,
1123 3721 1217 3775 astute
1233 3715 1409 3794 comparasti
1423 3721 1466 3781 te.
1492 3717 1610 3794 quando

258 3893 263 3904 ,
323 3815 399 3875 benc
427 3821 637 3893 praeposteram
667 3813 868 3875 delensionem
896 3815 926 3873 in
957 3824 1073 3892 tempus
1101 3815 1250 3886 distulisti,
1284 3819 1326 3878 sic
1355 3815 1419 3876 lore
1448 3803 1610 3895 puteosne

324 3924 406 3976 tuum
429 3917 529 3977 odium
551 3917 733 3984 mitesceret,
761 3918 825 3992 ipse
846 3918 930 3993 quasi
952 3917 981 3976 in
1004 3916 1147 3978 oblivione
1170 3917 1302 3978 maleficii
1323 3919 1367 3978 tui
1389 3929 1507 3978 cavrsam
1531 3919 1609 3979 dice·

257 4031 276 4080 t.
286 4035 315 4078 rs.
324 4035 388 4087 res,
411 4019 511 4097 sicque
534 4016 617 4078 lacile
639 4016 764 4086 absolvi,
788 4017 989 4097 quandehaec
1012 4017 1064 4079 tibi
1087 4037 1156 4078 aure
1180 4017 1330 4086 adllasset,
1353 4018 1504 4100 sperabas.
1549 4021 1640 4082 Sedes

325 4121 374 4197 qui
396 4115 452 4180 hoe
475 4119 609 4179 invenisti
633 4123 732 4187 acute,
756 4136 809 4178 cur
832 4137 891 4205 npn
913 4121 1012 4181 itidem
1035 4119 1165 4180 modesta
1189 4118 1284 4198 aliqua
1298 4129 1350 4182 aut
1365 4120 1527 4182 honestiori
1541 4139 1608 4182 ora·

324 4221 405 4279 tione
427 4226 455 4279 te
476 4221 666 4281 instruxistit:
679 4225 791 4279 tantum
815 4221 843 4280 in
867 4214 928 4283 istis
950 4223 1039 4281 armis
1061 4222 1174 4281 fiducia
1190 4223 1325 4300 posuisti,
1349 4229 1395 4291 ut,
1419 4222 1489 4300 quid
1505 4222 1608 4302 loque·

325 4321 414 4389 reris,
438 4320 508 4380 nibil
531 4322 644 4380 reterre
666 4321 803 4398 putares?
832 4321 876 4383 vel
898 4331 996 4384 tantus
1019 4330 1063 4384 est
1083 4325 1114 4382 in
1136 4331 1165 4384 te
1193 4325 1387 4402 pessimarum
1416 4315 1608 4403 cupiditatum

324 4423 427 4492 ardor,
452 4430 483 4481 ut
504 4419 549 4481 vel
572 4421 608 4484 ad
630 4428 746 4498 tempus
767 4428 796 4483 te
819 4425 970 4500 quiescere
993 4443 1052 4486 nou
1074 4425 1169 4486 sinat?
1196 4424 1239 4485 tu
1268 4426 1381 4488 veniam
1410 4431 1490 4541 certe
1513 4427 1607 4508 respi-

323 4547 525 4568 —-——-'--·-

391 4623 412 4656 ¹⁸
430 4625 505 4690 prius
522 4624 591 4675 omia.
607 4626 631 4672 1.
649 4623 737 4674 addid
750 4625 778 4674 11.
827 4622 848 4658 ¹²
865 4641 937 4677 nune
956 4627 1066 4678 tandem
1078 4585 1192 4684 omisi,
1212 4628 1301 4677 addid.
1313 4632 1344 4677 11.
1370 4627 1413 4680 ct.
1435 4627 1509 4678 inira
1525 4629 1549 4742 5T
1564 4625 1605 4677 48.

324 4709 354 4742 ¹⁷·
357 4709 378 4742 ¹⁸
396 4723 456 4760 essa
479 4710 596 4774 incipias
614 4711 730 4758 correxit
742 4713 771 4758 Π.
789 4710 828 4760 ais
851 4715 909 4761 l.'
