3468 5512
332 422 405 496 492
426 453 548 489 lll'TTbllfl
559 453 593 488 ma
603 453 717 489 evellet
729 453 826 490 flante.
834 453 868 488 ΙΤ
878 452 972 489 trono
982 454 1064 489 utun.
1074 455 1129 488 ΜΒ.
1144 455 1192 490 ΙΙΤ
1203 443 1334 494 umatus
1346 453 1531 491 [liulfi-CH.
1540 455 1616 490 nvl-

330 609 423 672 dicine
454 629 510 672 usn
538 608 736 688 pulcherrime
764 607 881 672 Paulus.
926 608 1091 672 Alexander
1120 609 1197 672 ‘Lac'
1224 611 1320 689 inquit
1348 617 1503 672 ‘concoctu
1533 610 1617 672 focile

331 720 389 781 est,
412 720 441 774 ct
462 711 555 790 probe
576 713 683 780 nutrit,
707 713 774 789 quia
798 709 883 774 facile
906 713 936 774 in
951 713 1125 790 sauguinem
1140 713 1265 774 nansire
1281 719 1385 791 potest,
1409 713 1490 790 quud
1513 733 1530 774 e
1552 731 1616 772 sen·

263 815 419 892 empulae
449 814 557 874 factum
581 821 641 880 est,
671 821 700 874 et
721 813 784 874 lere
806 815 926 890 sanguis
948 822 994 875 est
1015 814 1194 876 albefactns'.
1238 815 1307 876 llaec
1334 833 1369 876 ex
1391 813 1493 877 multis
1514 833 1616 894 penca.

332 916 396 986 ‘Qui
427 918 542 976 multati
571 915 682 984 studet,
713 924 820 994 quauta
850 917 888 978 sit
916 917 973 976 vini
996 917 1144 995 potentie,
1188 915 1298 978 Pardus
1318 917 1372 985 eit,
1402 919 1529 978 ‘neacnc
1560 913 1617 978 noa

330 1016 437 1080 debet’.
475 1017 552 1080 idem
575 1021 609 1077 ‘si
632 1017 798 1096 quempiam
821 1018 955 1080 mordeat
976 1020 1085 1088 vinum,
1108 1018 1242 1098 frigidam
1265 1037 1371 1098 aquarn
1393 1017 1499 1080 bibere
1513 1018 1636 1085 debens

331 1126 450 1198 postero
466 1119 512 1180 die
527 1119 672 1200 absynthii
689 1137 856 1181 cremorem
870 1138 999 1190 sumere,
1022 1119 1183 1188 ambulare,
1200 1121 1310 1188 fricari,
1325 1120 1476 1184 lavacrum
1491 1122 1617 1200 ingredi,

330 1229 418 1301 etque
441 1220 565 1282 subinde
587 1224 693 1300 exiguo
717 1222 782 1284 cibo
805 1222 906 1283 relici'.
951 1222 1102 1300 fugiende
1118 1221 1182 1284 vina
1198 1228 1228 1282 et
1242 1239 1308 1300 quae
1322 1229 1417 1284 musta
1435 1239 1540 1301 nuper,
1563 1225 1618 1285 Ga·

332 1323 416 1386 lenus
438 1326 486 1393 eit,
510 1330 539 1384 et
560 1341 625 1404 quae
647 1332 745 1386 vetera
767 1325 869 1386 nimis:
892 1324 955 1412 brec
971 1327 1049 1386 enim
1064 1324 1213 1402 superflue
1228 1323 1410 1394 calefaciant,
1434 1323 1483 1384 illc
1498 1327 1619 1385 omnim

263 1450 322 1500 tar.
333 1445 392 1488 uon
408 1426 591 1488 calefaciunt.
637 1425 745 1488 ‘Victus
761 1426 931 1488 extenuans'
954 1405 1117 1488 sitleulus
1139 1426 1184 1488 ‘ad
1200 1408 1308 1488 bouem
1323 1426 1518 1488 valetudinem
1535 1435 1618 1488 tuen·

331 1529 397 1592 dam
420 1527 510 1592 multe
532 1530 622 1590 tutior
645 1536 686 1590 est
711 1547 746 1590 eo
769 1530 819 1608 qui
841 1528 1066 1590 crassitudinem
1088 1529 1208 1597 inducit.
1246 1535 1276 1588 et
1304 1529 1369 1608 quie
1400 1530 1539 1606 exiguum
1568 1527 1649 1588 ali-n

330 1638 462 1694 ruentum
485 1629 610 1709 prebet,
634 1629 706 1690 nibil
728 1629 773 1690 vel
796 1623 983 1691 firmitudinis
1005 1629 1049 1690 rel
1072 1629 1189 1692 roboris
1210 1633 1330 1708 corpori
1345 1631 1484 1708 prestat'.
1521 1631 1619 1704 Quare

332 1741 399 1814 post
419 1732 518 1794 subdit
540 1732 654 1796 ‘blediae
675 1733 805 1798 meteri·
827 1731 965 1794 alimento
989 1732 1121 1794 omnium
1144 1733 1381 1812 prestantissima
1404 1739 1490 1800 sunt,
1519 1739 1619 1810 utpote

331 1835 488 1898 mediocris
519 1833 689 1896 substantioe
720 1836 893 1914 sanguinem
922 1851 988 1914 qum
1017 1834 1198 1914 producunt;
1232 1841 1321 1912 etque
1353 1841 1384 1894 ut
1416 1834 1619 1896 huiuscemodi

333 1935 430 1999 edulfe
453 1934 628 2015 corporibus
655 1937 764 1996 nostris
791 1937 1027 1998 commodissima
1052 1943 1138 2005 sunt,
1168 1935 1206 1997 ita
1230 1937 1363 1998 uitiosum
1386 1955 1509 1998 succum
1530 1953 1618 2016 gene-

266 2041 426 2115 qsssoutie
448 2037 574 2100 maxime
595 2039 681 2122 noxie
703 2051 880 2120 semperque
896 2038 1052 2116 fugiende’.
1085 2039 1155 2100 llaec
1169 2036 1286 2099 Peulus.
1320 2039 1414 2116 Atque
1429 2038 1508 2100 idem
1523 2038 1648 2106 docem

333 2142 412 2202 curui
434 2139 491 2200 elio
513 2140 605 2219 magis
627 2138 706 2202 alere
729 2157 835 2218 panem
857 2139 1033 2219 siligineum,
1057 2141 1204 2202 triticeum
1226 2139 1352 2202 difficilis
1374 2157 1438 2200 csse
1454 2143 1618 2202 concoctio·

333 2245 379 2305 nis
401 2249 430 2304 ct
452 2242 569 2310 inflare,
599 2240 796 2318 hordeaceum
819 2240 974 2302 imbecillis
996 2242 1133 2303 alimenti.
1178 2241 1211 2302 ln
1234 2249 1326 2304 totum
1349 2241 1386 2302 dc
1409 2243 1487 2303 rictu
1511 2259 1617 2320 cogne-

263 2363 418 2417 cacscere
441 2347 491 2424 qui
517 2341 609 2414 velet,
639 2343 733 2414 bunc,
765 2344 844 2422 qcrod
868 2343 941 2412 dixi,
971 2341 1048 2420 legat
1078 2361 1145 2404 cum
1168 2343 1289 2406 Gelenc.
1310 2307 1514 2404 ‘brectonum
1542 2341 1616 2422 epud

334 2465 389 2508 uns
410 2447 528 2526 quidem
551 2445 629 2516 hand
653 2445 707 2508 luit
729 2464 859 2526 uuquam
882 2465 969 2522 usus,
993 2445 1069 2524 epnd
1092 2444 1181 2507 ltelos
1203 2463 1274 2506 rere
1295 2452 1328 2506 ut
1349 2446 1419 2514 fuit,
1443 2447 1483 2506 ilc
1505 2446 1568 2508 fere
1588 2446 1616 2504 in

264 2556 427 2626 punctum
450 2546 583 2610 exolevit.
627 2548 805 2610 Frictionem
828 2556 859 2608 ut
882 2547 953 2610 nibil
975 2555 1117 2626 preterca
1146 2548 1334 2610 commendet
1355 2547 1498 2618 Galenus,
1528 2546 1643 2608 mutuo

333 2659 362 2712 ct
384 2650 491 2712 crebro
513 2649 550 2711 de
572 2650 628 2711 bec
649 2649 784 2711 iterando
807 2648 976 2718 inculcans,
999 2619 1162 2728 presertim
1185 2651 1214 2710 iu
1237 2648 1321 2710 libris
1343 2649 1389 2709 ‘de
1413 2649 1521 2711 tuenda
1543 2651 1614 2710 saai-

264 2832 266 2842 ,
332 2753 399 2813 tete'
422 2754 471 2832 qni
494 2751 705 2814 inscribuntur.
749 2752 878 2813 Eandem
908 2770 1023 2812 summe
1038 2751 1153 2850 ⁴cutulit
1174 2750 1374 2831 Asclepiades,
1402 2749 1527 2812 multum
1549 2751 1613 2828 llip·

265 3019 400 3070 t.tt.nrn,
418 3014 466 3060 oar
484 3013 606 3062 onmem
624 3007 666 3072 lid)
684 3007 794 3074 tribillo)
811 3009 841 3061 io
858 3001 912 3060 blirt
929 3014 978 3061 rar
996 3007 1027 3072 tlt
1045 3009 1101 3072 aud)
1118 3007 1187 3072 [driu
1204 3005 1253 3070 mili
1270 2997 1324 3060 itit
1360 3005 1428 3072 find
1446 3021 1495 3059 arr
1506 3007 1544 3058 uir
1556 3005 1610 3057 mir

335 3092 427 3146 trinit?
444 3105 513 3156 meu,
534 3099 576 3144 art
599 3092 678 3145 tried
702 3092 755 3146 loll
774 3089 868 3157 malac,
892 3093 955 3145 mdc
973 3099 1021 3146 cua
1039 3092 1101 3157 uait
1120 3093 1182 3158 [dut
1200 3083 1228 3156 rt
1246 3090 1334 3155 filebi,
1357 3099 1406 3145 our
1423 3093 1471 3145 erit
1488 3103 1572 3146 namra
1588 3091 1609 3150 [a

265 3191 324 3242 ear.
336 3177 368 3238 fir
385 3181 421 3230 att
441 3178 503 3242 fciat
519 3183 564 3230 ten
580 3184 621 3230 mr
639 3179 702 3231 metu
721 3177 817 3242 liniare
835 3168 864 3241 ‚t
879 3179 932 3240 att,
957 3177 982 3241 [a
1000 3177 1132 3231 bottelaer
1149 3177 1227 3241 malt,
1248 3177 1286 3228 uir
1303 3175 1368 3242 [prii
1383 3178 1423 3229 alr
1440 3190 1523 3242 macer
1538 3176 1637 3239 betolio

265 3277 323 3328 aaa.
336 3263 366 3328 iit
385 3260 452 3325 brier
468 3259 496 3314 it
513 3261 553 3314 tir
569 3261 630 3326 felir
648 3265 736 3327 unbt,
760 3268 827 3314 nana
845 3262 879 3336 tlt
893 3263 931 3314 eir
948 3261 1013 3327 [prii
1029 3264 1067 3316 ria
1084 3261 1141 3314 altr
1158 3261 1205 3325 brit
1221 3262 1260 3313 air
1275 3267 1320 3314 aaa
1338 3265 1422 3315 mittet
1440 3261 1553 3324 mdabat,
1569 3275 1611 3312 ur

265 3347 391 3414 quater
406 3353 447 3398 tea
463 3347 532 3399 brata
551 3348 692 3415 retulerit
710 3345 788 3410 mileu
808 3348 869 3410 ult,
891 3355 932 3400 arr
956 3349 1000 3415 teir
1019 3348 1088 3412 affer
1105 3349 1217 3412 tuntum
1239 3353 1281 3399 ata
1304 3347 1445 3411 [quierem
1468 3348 1523 3410 lietb
1545 3345 1574 3411 ilc
1590 3359 1612 3394 a

265 3451 325 3502 qus,
336 3432 378 3494 lep
395 3430 446 3493 uei
464 3445 501 3484 tar
517 3439 557 3484 ter
575 3433 643 3494 truci
660 3433 763 3499 pendor
781 3432 806 3496 fa
824 3432 855 3496 itt
873 3447 897 3484 ca
915 3435 943 3484 in
958 3437 988 3484 a?
1006 3433 1098 3500 celibi
1116 3433 1379 3497 [succubuerunt.
1415 3431 1470 3484 Ura
1487 3431 1565 3484 rritsu
1577 3427 1612 3489 tel

334 3517 366 3581 id)
385 3518 439 3584 [tau
455 3523 502 3568 rra
518 3517 556 3568 air
573 3521 677 3582 peterten
695 3521 748 3570 rat
764 3524 861 3570 aarum
879 3517 1024 3582 mandute)
1043 3519 1066 3580 [a
1083 3517 1150 3569 riou
1169 3530 1192 3568 ra
1210 3518 1266 3580 and)
1284 3515 1332 3569 nit
1350 3518 1498 3586 sonantior
1514 3517 1550 3581 ptr
1566 3521 1612 3578 tur,

402 3755 409 3786 ¹
429 3750 519 3819 Paul]
533 3753 555 3804 l.
568 3751 610 3806 86.
624 3769 682 3820 eqq.
729 3753 895 3821 Alexander]
908 3755 927 3804 l.
941 3771 966 3806 c.
979 3751 1020 3821 (p.
1034 3753 1105 3806 259¹.
1118 3756 1140 3805 1.
1153 3753 1195 3806 84.
1207 3773 1242 3800 a
1252 3755 1304 3806 111.
1318 3754 1343 3807 3.
1355 3771 1381 3821 p.
1395 3753 1421 3808 3.
1433 3755 1483 3806 Ua.
1500 3753 1565 3808 291.
1577 3769 1613 3818 aq-

332 3839 470 3903 ansem.)
489 3839 565 3902 „Gur
582 3838 627 3889 lec
645 3839 774 3905 frigidum
792 3841 831 3890 sit
848 3845 876 3890 et
893 3855 942 3890 cur
960 3840 1045 3891 facile
1064 3845 1252 3905 concoquetur
1268 3839 1407 3906 probeque
1425 3843 1543 3903 ueniat,
1560 3853 1615 3890 cam

333 3925 430 3978 babitu
448 3926 485 3975 ait
503 3923 648 3990 frigidiori.
677 3924 850 3976 'censendum
873 3923 918 3974 lac
941 3925 1195 3991 propterca'facile
1218 3926 1337 3976 transire
1362 3940 1443 3990 pocae
1463 3926 1492 3975 iu
1511 3923 1615 3990 saugm-

332 4025 404 4072 nem‚
424 4009 554 4076 quonism
573 4025 587 4059 e
606 4010 741 4074 sanquine
760 4009 866 4059 factum
885 4013 935 4068 est,
956 4015 984 4060 et
1003 4010 1061 4062 fere
1079 4011 1194 4076 sanguia
1212 4009 1370 4060 albefactua
1384 4013 1453 4060 est'.
1501 4009 1580 4060 ⁸110
1592 4011 1615 4058 3.

333 4092 452 4160 ‘Pcul.]
475 4092 551 4145 1.95.
615 4091 728 4158 ⁵ldem]
747 4095 807 4146 fbfd.
866 4095 984 4161 quenpii
1003 4097 1059 4146 fni.
1117 4093 1280 4144 ‘absinthii
1298 4096 1371 4144 bfo.
1428 4092 1568 4160 ⁸Galem]
1586 4093 1616 4142 de

334 4179 408 4232 elim.
423 4193 498 4228 auec.
512 4176 591 4230 c.ll.
605 4179 674 4229 med.
738 4176 1166 4244 ⁹Pau1.]1.73.1³eu1nsted2.
1231 4175 1252 4210 ¹²
1269 4175 1373 4242 subdit]
1391 4177 1452 4229 ibid.
1511 4176 1533 4210 ¹⁵
1551 4177 1617 4227 idem

334 4263 411 4314 1.78.
481 4262 502 4296 ¹⁸
520 4261 586 4328 dixi]
606 4279 688 4329 cupre
706 4266 730 4324 ξ.
744 4264 785 4314 27.
816 4327 823 4336 .
855 4263 878 4296 ²⁰
896 4261 1004 4330 Gelem]
1024 4264 1058 4314 de
1076 4279 1135 4314 san.
1154 4264 1248 4314 tucnd.
1261 4264 1296 4314 11.
1310 4265 1335 4313 ⁶2.
1348 4279 1407 4329 sqq.
1472 4261 1495 4296 ¹²
1512 4261 1616 4325 Aaclcp.

333 4345 476 4414 Hippoce]
501 4347 566 4400 Cels.
579 4348 650 4398 Med.
665 4349 698 4400 lI.
714 4348 754 4397 14.
779 4351 841 4411 „De
860 4349 991 4400 frictione
1010 4364 1075 4399 vero
1093 4349 1162 4398 odeo
1180 4348 1266 4398 multa
1284 4347 1466 4412 Asclepiades
1484 4355 1617 4412 tamquam

334 4434 460 4484 inventor
479 4434 538 4482 eius
555 4433 646 4498 posuit
663 4433 692 4482 in
711 4449 743 4484 eo
768 4432 905 4486 volumine
928 4435 999 4500 qued
1016 4433 1205 4484 Communium
1228 4433 1389 4484 auxiliorum
1414 4433 1568 4497 inscripsit,
1591 4435 1618 4478 nt

334 4533 396 4570 cum
408 4518 490 4570 trium
503 4523 608 4566 tantum
621 4517 730 4568 faceret
747 4520 921 4578 mentionem,
940 4510 1021 4570 buius
1039 4524 1068 4570 et
1086 4533 1166 4585 equre
1184 4523 1212 4568 et
1230 4519 1407 4584 gestationis,
1425 4523 1518 4568 umen
1536 4513 1615 4566 mui-

333 4619 406 4656 mam
418 4606 525 4667 partem
544 4602 573 4651 in
589 4601 643 4651 hec
657 4604 856 4668 consumpserit
918 4605 1013 4670 Neque
1032 4603 1154 4656 dubitari
1170 4607 1263 4670 potest
1280 4603 1346 4668 quin
1363 4603 1449 4652 letina
1467 4600 1574 4666 quidem
1591 4601 1615 4646 et

333 4687 490 4748 dilucidius,
510 4686 557 4738 ubi
572 4691 600 4735 et
613 4688 746 4750 quomodo
758 4689 889 4738 frictione
902 4689 1033 4739 utendum
1052 4694 1134 4748 esset,
1152 4687 1333 4753 Asclepiades
1351 4686 1529 4753 praecepcrit;
1550 4681 1613 4734 nibil

334 4779 428 4824 temen
445 4772 579 4837 repererit
598 4772 667 4834 quod
686 4787 738 4822 non
759 4789 774 4824 e
792 4775 981 4824 vetustissimo
1001 4779 1114 4824 anctore
1133 4773 1303 4838 Hippocrate
1322 4772 1420 4838 pancio
1437 4770 1529 4820 verbis
1545 4783 1611 4818 con·
