3382 5516
351 407 420 476 180
457 433 642 472 mmmm
660 433 718 470 ῙΙΡ.
738 434 904 470 ΡΒΟΡΟΒΠΙΟ
923 435 958 470 D!
977 433 1067 470 nuno
1085 433 1205 470 rvnutco
1223 433 1259 470 AD
1272 433 1420 470 ΡΙΙΙΟῙΡΙΙ
1432 435 1467 470 11·
1480 435 1506 469 G·
1525 435 1550 468 Δ.
1563 429 1611 470 lbi&

347 595 431 650 otiosi
451 599 586 667 perpetuo
609 593 727 666 grassari
751 593 777 648 in
800 590 917 648 Ecclesia
941 592 1041 648 Turcas
1064 592 1199 654 sinamus,
1229 592 1275 648 sed
1302 599 1333 648 ut
1354 593 1462 648 excitati
1485 610 1537 650 nus
1556 609 1613 666 quo·

347 696 400 752 qne
421 695 485 734 cura
507 677 634 734 Ecclesiae
657 676 802 734 liberandae
829 684 857 733 et
883 676 1056 734 defendendas
1085 675 1244 739 afficiamur,
1274 687 1302 734 ct
1328 677 1443 734 sciamus
1466 677 1548 734 Mum
1567 695 1613 734 rem

348 773 401 820 tam
422 762 494 837 piam
517 761 728 836 suscipientibus
750 761 896 817 allaturum
919 778 993 818 csse:
1021 778 1082 817 nam
1104 777 1155 836 nos
1178 761 1299 835 quidem,
1329 762 1427 835 quihus
1450 763 1490 820 rei
1514 762 1614 836 publica

347 848 468 904 defensio
489 847 673 904 commendata
694 856 750 914 est,
772 863 826 902 non
848 845 930 902 alium
952 846 1004 902 ileo
1026 845 1129 902 cultum
1151 847 1300 920 gratiorem
1320 854 1451 920 prestare
1474 863 1615 920 possumus.

300 943 338 987 tn.
431 932 563 996 Divinitus
586 940 614 988 et
636 931 702 987 illud
724 931 839 998 accidit,
861 931 935 1004 quod
957 931 1079 988 nonnihil
1103 931 1275 988 retardarunt
1296 931 1467 988 victoriarum
1482 931 1630 988 monetis

347 1034 457 1076 cursum
479 1017 622 1074 fortissimi
644 1016 704 1078 viri,
727 1016 843 1090 primum
866 1016 978 1072 loannes
1000 1015 1166 1079 Hnnniadcs,
1188 1017 1284 1072 deinde
1306 1015 1439 1090 Georgius
1464 1016 1615 1073 Scanderhe·

347 1119 397 1176 gns
419 1111 447 1158 et
468 1101 522 1158 Rex
544 1101 688 1191 hungariae
709 1100 842 1156 Matthias.
885 1099 1016 1180 libenter
1030 1101 1102 1157 enim
1130 1117 1326 1164 commemoro,
1354 1109 1385 1156 ut
1406 1103 1536 1175 cogitetis
1555 1101 1615 1156 salu·

324 1223 329 1236 ·
349 1196 402 1243 tem
425 1185 549 1244 Ecclesiae
572 1186 625 1243 Deo
654 1202 727 1244 cnrae
753 1203 828 1248 esse,
855 1193 883 1242 et
911 1193 942 1240 ut
962 1186 1083 1242 debitum
1109 1186 1218 1242 virtutis
1242 1187 1425 1243 testimenium
1451 1187 1495 1242 his
1517 1186 1615 1242 ducibus

348 1272 448 1346 optime
470 1272 575 1326 meritis
603 1270 768 1334 tribuamus:
797 1271 848 1326 hos
879 1271 950 1326 enim
979 1271 1167 1344 antagonistas
1194 1287 1244 1327 ceu
1272 1287 1377 1328 murum
1406 1272 1537 1345 opposuit
1558 1271 1614 1328 ltcus

348 1358 438 1414 ruenti
460 1355 626 1418 ldahometo‚
655 1372 688 1412 ne
717 1354 808 1412 subite
836 1355 938 1430 impetn
966 1356 1117 1412 universam
1139 1354 1273 1430 Europam
1302 1356 1485 1430 opprimeret:
1514 1357 1641 1430 primumn

258 1493 262 1500 ,
347 1441 374 1498 in
396 1441 560 1498 Pannoniam
583 1442 721 1514 ingressus
744 1457 841 1513 magno
863 1438 958 1514 praelio
980 1441 1065 1496 victus
1088 1449 1130 1496 est
1152 1439 1185 1496 ah
1201 1440 1353 1503 llunuiade;
1375 1441 1473 1496 deinde
1496 1448 1614 1497 remorata

349 1533 391 1582 est
413 1541 475 1582 eum
497 1541 547 1600 per
569 1524 670 1582 multos
692 1541 777 1580 annos
800 1524 967 1581 Macedonia:
991 1541 1051 1582 nam
1074 1525 1162 1598 quoad
1177 1525 1242 1580 sirit
1258 1525 1476 1598 Scanderbegus.
1499 1519 1618 1600 repressit

348 1609 493 1666 barbarum
509 1619 537 1666 et
558 1608 689 1682 singulari
709 1609 809 1666 virtute
831 1616 858 1668 et
881 1608 1009 1666 lelicitate
1031 1609 1148 1684 patrium
1176 1627 1289 1684 regnum
1311 1609 1440 1688 defendit.
1485 1609 1536 1666 hoc
1556 1626 1616 1666 mor·

349 1702 398 1751 tuo
426 1694 534 1750 tandem
562 1693 713 1750 llacedenia
740 1694 869 1750 diuturno
892 1693 963 1750 hello
985 1703 1077 1750 venata
1095 1695 1157 1750 ‘sine
1186 1694 1331 1752 certamine
1353 1695 1507 1752 llahnmeto
1533 1696 1615 1755 cessit;

349 1779 474 1836 Matthias
496 1777 600 1852 aliquot
622 1777 726 1853 proeliis
748 1779 882 1836 deterruit
904 1795 965 1836 eum
988 1779 1021 1834 ah
1036 1779 1185 1853 hungaria.
1208 1781 1240 1836 ad
1262 1779 1319 1838 haec
1340 1795 1428 1842 arcem
1445 1782 1470 1835 ei
1487 1779 1640 1838 &baccano

352 1861 486 1920 trucidato
509 1863 629 1920 exercitu
651 1863 763 1920 Turcico
786 1863 895 1938 eripuit.

294 1965 338 2012 arn,
435 1947 560 2004 Extincto
583 1949 667 2020 igitur
688 1947 840 2006 llahomete
862 1947 1001 2023 paulisper
1023 1948 1226 2023 respiravimus:
1255 1966 1316 2005 nam
1343 1957 1371 2004 ct
1397 1949 1544 2006 domestica
1570 1950 1615 2004 dis·

349 2034 444 2114 sensio
467 2041 582 2088 mortem
603 2033 662 2089 eius
685 2041 799 2106 sequuta
815 2042 873 2091 est:
895 2033 942 2090 scd
959 2033 1097 2107 aliquanto
1113 2042 1184 2107 post.
1208 2034 1309 2090 sedatis
1323 2033 1468 2091 discordiis
1485 2033 1614 2092 intestinis.

351 2119 449 2176 iterum
471 2117 566 2173 vicinis
587 2118 680 2190 regnis
703 2117 774 2174 bella
798 2118 926 2175 inferunt.
970 2117 1124 2176 Eaiazcthes
1146 2117 1297 2176 llethonam
1313 2118 1423 2175 Venetis
1446 2120 1547 2192 ingenti
1566 2135 1615 2174 cer

350 2204 449 2261 tamine
471 2203 580 2277 eripuit.
624 2202 692 2269 uuio
720 2219 806 2265 nunc.
835 2203 962 2260 Selimum
991 2220 1080 2264 nonne
1108 2203 1203 2260 vidctis
1231 2204 1331 2261 domita
1354 2204 1432 2278 Syria
1460 2212 1488 2260 et
1509 2203 1640 2278 rEgypms

349 2288 492 2361 Hungariae
513 2287 689 2344 audacissime
711 2286 812 2343 bellum
834 2288 951 2344 interret
973 2307 988 2344 a
1012 2306 1064 2361 qna
1086 2288 1138 2346 nisi
1161 2305 1221 2346 eum
1244 2288 1418 2364 depellimus,
1449 2305 1529 2363 quam
1549 2286 1614 2344 laede

349 2373 401 2429 erit
423 2373 517 2430 'lurcis
539 2381 633 2446 postca
656 2389 705 2445 per
727 2372 894 2428 occasionem
917 2373 1083 2448 irruptiones
1106 2374 1134 2428 in
1149 2372 1314 2430 Germaniam
1337 2373 1442 2436 lacere,
1464 2374 1567 2447 quoties
1580 2389 1615 2426 re·

349 2457 409 2514 lint.
453 2461 504 2518 hc.
533 2457 597 2512 mihi
620 2457 737 2518 credite.
767 2474 821 2514 nun
844 2457 932 2514 solnm
955 2459 1077 2520 sortiter,
1106 2459 1153 2514 scd
1175 2447 1255 2514 ctiam
1277 2475 1375 2532 magno
1397 2457 1515 2515 consilio
1536 2459 1615 2513 lorea

349 2541 559 2615 belligerantur,
583 2541 680 2597 intenti
704 2541 730 2596 iu
754 2543 909 2604 occasiones
933 2560 1041 2616 omncs3
1063 2561 1112 2600 nec
1135 2544 1223 2600 omnia
1246 2543 1325 2600 simul
1341 2560 1475 2617 occupare
1490 2551 1614 2600 conantur.

350 2628 397 2684 sed
419 2644 480 2682 arce
502 2626 592 2700 aliqua
615 2625 686 2682 hello
715 2634 791 2700 capta
814 2627 943 2701 paulatim
966 2635 1071 2684 tentant
1092 2629 1176 2684 vicina
1199 2627 1266 2685 loca.
1310 2629 1342 2684 ad
1364 2629 1417 2686 hoc
1440 2628 1540 2689 accedit
1557 2626 1639 2682 assi-e

349 2712 457 2772 duitasa
478 2728 530 2784 qua
552 2711 669 2768 creuisse
690 2727 785 2784 magna
808 2712 919 2786 imperia
942 2713 1075 2787 praecipue
1098 2713 1231 2776 videnum
1254 2713 1299 2769 ubi
1315 2712 1405 2774 ,semel
1421 2714 1517 2788 pedem
1530 2725 1615 2787 posue

350 2803 428 2868 ruqt,
452 2796 513 2851 inde
535 2813 589 2850 non
613 2795 690 2852 lacile
712 2795 900 2870 depelluntur,
923 2797 1018 2853 deinde
1040 2798 1212 2854 communitis
1228 2797 1261 2853 iis
1281 2797 1348 2854 locis
1371 2816 1432 2872 quae
1451 2803 1614 2872 occuparunt

351 2887 408 2938 tnm
430 2880 537 2948 demum
559 2897 633 2936 arura
656 2881 799 2952 proferunt
820 2881 945 2944 ulterius
990 2900 1087 2956 quare.
1110 2883 1216 2940 etiamsi
1232 2882 1398 2940 Germaniam
1415 2883 1532 2940 nondum
1545 2881 1614 2937 attiu-

350 2971 432 3037 gunt,
463 2981 616 3038 quanquam
645 2982 717 3037 smpc
740 2965 791 3021 'ram
815 2966 964 3043 inCarnos
986 2969 1108 3024 lecerunt
1131 2968 1312 3041 irruptiones,
1341 2977 1431 3024 tamen
1455 2967 1500 3024 uhi
1520 2966 1614 3038 ilunga-

349 3049 390 3108 ria
412 3049 491 3122 potiti
515 3049 629 3108 luerint.
652 3058 733 3105 erunt
755 3051 851 3106 intenti
875 3051 901 3106 in
925 3069 1017 3110 onmes
1040 3054 1211 3114 occasiones,
1234 3061 1265 3108 nt
1286 3069 1336 3109 nos
1351 3053 1500 3126 imparatus
1514 3051 1639 3108 auidis-a
1685 3075 1686 3132 p

351 3142 453 3190 tractos
475 3133 612 3188 intestinis
634 3133 776 3190 discordiis
800 3135 961 3209 opprimant.
1006 3137 1042 3198 Si,
1067 3145 1097 3192 ut
1117 3137 1240 3210 Bulgaris
1262 3144 1289 3192 ct
1312 3136 1435 3193 Valachis
1457 3137 1613 3211 imperarent,
1685 3136 1686 3165 l

350 3217 441 3300 nullos
463 3216 586 3280 labores,
614 3217 685 3274 nulla
707 3218 871 3292 delugcrunt
893 3221 1024 3293 pericula.
1055 3229 1156 3295 quanto
1179 3221 1264 3295 magis
1287 3221 1454 3278 Germaniam
1477 3231 1553 3296 atque
1571 3220 1614 3274 lta·

350 3302 429 3366 liam,
453 3303 526 3376 ipsas
548 3302 656 3376 qnidcm
678 3319 753 3359 arces
775 3304 920 3360 Christiani
942 3305 1073 3366 nominis,
1096 3309 1242 3380 appetenti
1265 3324 1331 3380 qnas
1354 3307 1378 3362 si
1401 3315 1524 3364 tenerent
1543 3302 1613 3378 (quod

350 3387 494 3464 prohibeat
515 3387 594 3459 llcus)
618 3405 671 3444 nou
693 3387 781 3444 solum
803 3386 910 3462 hnperii
933 3391 1115 3462 magnitudine
1137 3401 1241 3448 veteres
1263 3391 1398 3448 Romanos
1412 3399 1555 3465 aequarcnt
1574 3387 1613 3444 sed

350 3473 431 3530 ctiam
454 3480 538 3530 toturn
559 3471 737 3528 Christianam
759 3472 919 3546 religionem
941 3475 1045 3532 delesse
1068 3475 1120 3532 sihi
1147 3477 1317 3539 viderentur:
1345 3476 1477 3534 haherent
1498 3473 1639 3548 emensio-³³

349 3549 542 3614 nem-tanturn
569 3557 678 3620 virium.
709 3565 739 3614 nt
767 3557 878 3632 reliquae
904 3560 1027 3616 nationes
1055 3561 1191 3618 sincello
1218 3563 1365 3619 certamine
1387 3579 1504 3620 cessura
1523 3567 1613 3616 essent:

350 3651 378 3700 ct
400 3661 461 3704 uos,
485 3643 530 3716 qui
554 3660 626 3698 nunc
647 3660 720 3698 arma
742 3643 854 3715 geritis.
877 3661 910 3700 ne
933 3644 1030 3700 Christi
1053 3662 1151 3702 nomen
1174 3646 1330 3708 aboleatur.
1354 3647 1455 3720 quique
1478 3663 1558 3708 ueram
1578 3658 1613 3697 re·

348 3728 479 3800 ligioneni
501 3735 529 3783 ct
549 3726 701 3784 libertatem
725 3736 839 3786 vestram
860 3728 1017 3790 defenditis,
1040 3738 1134 3804 postea
1157 3731 1283 3802 adversus
1305 3731 1440 3788 Christum
1463 3749 1513 3806 pro
1526 3727 1612 3800 nelaria

350 3813 487 3886 impietate
510 3811 640 3872 militare,
665 3813 789 3886 Tyranno
812 3813 912 3869 servire
935 3822 963 3869 et
985 3813 1070 3871 instes
1093 3823 1234 3890 expectare
1255 3816 1368 3872 alicuius
1391 3817 1496 3890 Scythae
1516 3827 1611 3886 cogere·

349 3897 422 3954 mini.
467 3897 523 3965 Qua
553 3897 719 3953 immanitate
747 3897 848 3954 domini
878 3899 904 3954 in
933 3899 1064 3972 coniuges
1092 3909 1196 3958 vestras
1224 3919 1254 3957 ac
1283 3900 1385 3956 liberes
1413 3903 1490 3960 usuri
1515 3897 1637 3956 essentltt

350 3981 499 4038 uerecunde
528 3979 579 4038 dici
608 3999 662 4037 non
696 3990 811 4055 possunt
840 4000 871 4038 ea
901 4001 960 4056 quac
987 4001 1041 4040 nou
1069 3993 1170 4041 tanturn
1201 3987 1227 4040 in
1253 3985 1388 4059 captivos,
1418 3986 1464 4042 sed
1492 3987 1563 4042 etiam
1588 3983 1611 4035 in

350 4083 414 4122 suos
436 4066 616 4122 committunt.
661 4065 726 4122 illud
749 4074 837 4123 tamen
860 4067 993 4124 recitaho:
1015 4077 1095 4144 capte
1117 4069 1244 4143 Byzantio
1266 4071 1440 4144 imperatoris
1461 4065 1611 4128 Constantini

350 4157 432 4224 caput
452 4149 720 4240 cervici-abscissum
749 4159 805 4214 est,
834 4153 858 4218 id
881 4152 1047 4210 hluliornctus
1074 4154 1153 4210 harim
1181 4156 1283 4226 gestari
1311 4173 1360 4230 per
1383 4155 1476 4212 urhem
1499 4155 1567 4212 iussit
1587 4151 1610 4206 in

417 4332 430 4366 Ε
446 4333 624 4398 Scundcrbeg
635 4335 656 4383 s'.
670 4275 820 4394 Genialem,
834 4333 960 4385 Albaniae
973 4337 1130 4402 princeps†
1146 4335 1217 4386 1466.
1254 4335 1272 4369 ¹¹
1286 4335 1378 4404 procl]
1393 4354 1437 4404 sp.
1450 4335 1610 4402 Singidunum

352 4411 492 4480 (Belgrad)
511 4415 737 4468 rn.1ul.a.1456.
775 4411 795 4448 ¹⁵
812 4416 910 4470 Sacae:
928 4420 1076 4472 edSnvnm
1094 4421 1385 4474 fl.s.1475.excunts.
1435 4417 1608 4484 ¹¹·¹⁸diss.]in·
1682 4433 1683 4461 i

351 4503 394 4550 ter
411 4500 561 4550 Mnhometi
578 4500 650 4551 filios
666 4502 828 4552 Bnisnetum
847 4504 882 4554 ΙΙ.
897 4504 1063 4558 etSisimnm
1080 4522 1102 4557 s.
1115 4507 1234 4568 Becher»,
1255 4507 1326 4570 Zem,
1346 4509 1393 4572 qni
1411 4525 1436 4558 s.
1457 4505 1523 4556 1⁴95.
1540 4517 1609 4554 eve·

352 4593 424 4636 neno
442 4585 512 4650 qnod
529 4587 623 4636 Romae
642 4591 802 4651 deceperat,
822 4588 936 4638 interiit.
977 4588 997 4622 ¹⁹
1013 4590 1146 4642 Methone
1164 4590 1285 4656 (rhodon)
1303 4596 1388 4658 cepte
1406 4597 1449 4643 est
1464 4592 1488 4642 d.
1502 4587 1609 4650 lddug.

353 4683 378 4718 e.
394 4667 467 4720 1500.
513 4668 536 4700 ²⁰
553 4669 670 4722 Selimns
688 4671 709 4720 1.
729 4669 889 4738 (Sulcimnn)
912 4675 985 4738 patri
1007 4675 1136 4726 abdicare
1161 4679 1257 4726 coacto
1280 4676 1415 4728 successit
1432 4674 1570 4738 uenam
1585 4687 1608 4720 a·

353 4750 426 4804 1512.
470 4753 491 4786 ²⁹
509 4759 564 4804 tani
583 4759 608 4806 2.
643 4755 665 4786 ³⁵
678 4760 817 4806 tenturum
830 4761 853 4805 2.
889 4755 911 4788 ⁴⁰
929 4763 1032 4809 uestros
1050 4763 1076 4808 2.
