3410 5524
69 387 71 392 ’
104 415 256 455 amaxius
269 411 416 448 rnrncress
427 413 511 448 crau.
520 413 554 448 vr
565 413 676 450 aeteva
689 413 789 450 rvscrs
803 411 945 450 russelun
959 414 1035 450 rrxrru
1053 401 1274 467 sraaonutsttr)
1295 385 1367 460 113

101 573 179 634 uaris
199 569 327 632 noudum
349 575 434 630 natos
456 566 587 629 excindit
607 567 710 636 lostost
740 569 790 646 qui
817 570 846 633 io
869 587 971 630 omnes
993 571 1088 634 omvris
1110 589 1197 633 sexus
1219 589 1253 634 ac
1275 573 1368 632 aetatis

101 673 240 736 novissimo
263 669 442 736 crudelitatis
464 667 599 748 exemplo
622 677 782 748 grassatur.
826 673 870 732 bn
893 671 976 732 vobis
997 673 1104 734 excidit
1125 673 1218 752 qualis
1239 671 1289 735 illa
1304 673 1437 735 tue-tn.

101 775 134 835 rit
145 771 457 851 Constantinopolitaua
472 770 595 840 cladem·
607 757 714 833 misera
730 773 895 850 captivitas,
917 772 1084 836 luctuosum
1099 775 1237 837 exitium?
1260 783 1289 837 et
1309 791 1369 836 non

102 875 183 938 adbuc
202 874 400 936 recordamini
421 873 579 934 multarum
600 875 631 933 in
646 873 764 952 Europa
787 873 935 934 civitaturb
953 891 1026 954 ques
1041 879 1147 955 partim
1162 885 1278 947 nostra,
1301 881 1370 956 par·

84 980 142 1038 ttivn
162 977 255 1038 adbuc
277 985 393 1056 patrum
414 985 584 1038 nostrorum
606 975 748 1036 memoria
776 973 930 1037 debellavit
957 975 1066 1036 bostisi
1093 977 1138 1040 Ne
1158 997 1227 1039 vcro
1257 997 1293 1040 ex
1322 977 1370 1039 illa

101 1075 248 1139 Sultbanici
271 1075 340 1139 belli
363 1077 438 1138 lame
461 1075 569 1156 aliquid
592 1085 692 1155 putate
713 1077 829 1137 fictum:
851 1078 945 1138 nimis
966 1095 1035 1139 vera
1057 1087 1126 1144 sunt
1147 1082 1260 1150 omnia,
1289 1095 1370 1158 qaae·

101 1180 156 1240 dam
176 1181 262 1241 etiam
284 1180 397 1241 veriora
420 1196 507 1257 quam
529 1179 559 1239 iu
580 1187 712 1240 nostram
734 1177 812 1239 cadit
833 1178 936 1248 tidem;
965 1181 1102 1242 nimirum
1113 1183 1199 1262 ,qui‚=
1213 1182 1291 1262 quod
1314 1182 1436 1242 dar-rau

101 1281 172 1343 bitari
193 1297 253 1342 nou
274 1288 370 1360 potest
391 1281 539 1359 quamsit
564 1280 749 1358 pudendum,
778 1278 891 1342 ‘furcas
919 1287 980 1342 mm
1009 1281 1058 1343 diu
1086 1292 1221 1363 tot-nos·
1238 1283 1371 1346 cladibus

100 1383 247 1445 afficientes
269 1401 328 1442 uon
351 1383 501 1452 novimus,
524 1381 634 1444 nedum
657 1381 723 1468 quae
737 1388 841 1459 gerant
855 1383 1091 1460 magnifacimus,
1114 1385 1221 1466 quibus
1236 1385 1306 1448 dum
1320 1385 1371 1450 hle

78 1486 228 1556 iactamur,
252 1485 349 1546 omnia
371 1484 451 1546 loris·
462 1485 611 1562 incogulta
632 1489 714 1554 sunt,
738 1483 874 1562 quidum
890 1501 1006 1546 omnem
1022 1485 1102 1548 domi
1117 1476 1231 1550 atatem
1246 1489 1369 1566 ammos,
1483 1511 1485 1516 ·

100 1585 195 1666 ubique
216 1589 381 1650 Germanos
402 1605 467 1648 esse
495 1583 686 1656 arbitramur,
716 1601 843 1664 quorum
871 1586 998 1648 civilitati
1026 1607 1061 1648 ac
1088 1589 1303 1650 mansuetudini
1323 1583 1371 1652 illa

99 1689 202 1766 multas
223 1690 375 1768 ignoratur
397 1687 522 1749 barbara
545 1687 653 1753 feritas.
696 1688 733 1748 tlt
758 1686 809 1748 illc
828 1684 872 1750 sio
893 1697 979 1750 natus
1000 1698 1058 1760 cst,
1081 1669 1123 1751 sic
1145 1689 1220 1752 altus
1240 1709 1276 1752 ac
1299 1691 1438 1753 adu-tna.
1492 1769 1493 1772 Ἴ

100 1797 185 1863 catus,
208 1793 251 1852 sic
275 1791 416 1860 assuevit,
439 1798 472 1850 ut
492 1790 622 1861 occidat,
645 1797 678 1850 ut
698 1795 847 1868 torqueat,
876 1797 909 1852 ut
930 1791 1075 1870 supplicio
1097 1793 1222 1863 alliciat,
1252 1809 1371 1874 semper

99 1890 246 1954 bammum
270 1893 371 1954 sitiens
392 1893 579 1970 sanguinem,
610 1909 728 1970 semper
750 1891 838 1953 caedis
859 1911 894 1953 ac
920 1877 1042 1955 torturas
1071 1891 1237 1964 lornelicus;
1266 1896 1373 1975 quint

79 1993 272 2067 unauilcstius
293 1993 425 2056 babcau's
447 1993 542 2073 qualis
563 1995 601 2054 sit
622 2001 652 2055 et
672 2009 761 2071 quam
782 2011 843 2054 non
865 1996 977 2073 possint
991 2014 1046 2075 per
1061 2003 1205 2065 naturam,
1227 1997 1253 2058 si
1272 1996 1371 2068 velint,

98 2096 219 2158 misereri
241 2097 361 2166 Turcae,
384 2096 464 2157 domi
486 2097 608 2156 invicem
629 2095 786 2158 ordiuntur
808 2095 932 2166 oaedem,
955 2096 1047 2159 trater
1070 2098 1192 2159 tratrem
1214 2115 1248 2158 ac
1270 2086 1371 2160 fratris

99 2205 140 2256 aut
157 2199 269 2258 sororis
289 2197 403 2277 prolem
424 2191 580 2268 interivnil,
608 2197 659 2261 tilii
681 2203 795 2276 patres,
822 2215 1000 2278 rursumque
1029 2207 1128 2278 patres
1149 2197 1225 2260 tilios
1246 2197 1371 2260 obtrun-

98 2307 168 2360 cant:
189 2298 334 2388 breviter,
353 2300 485 2380 patripm
506 2297 563 2360 illis
585 2307 629 2361 est
649 2317 688 2361 ne
710 2315 785 2377 quos
805 2301 853 2361 sui
874 2301 1025 2378 sanguinis
1038 2301 1212 2381 superstites
1224 2300 1438 2372 habearamus.

100 2401 251 2463 iustituurm
275 2409 321 2463 est
336 2402 413 2462 enim
428 2401 594 2464 Turnacum
607 2409 641 2462 ut
662 2401 709 2462 cui
730 2417 856 2479 regnare
872 2403 994 2482 contigit
1008 2421 1142 2473 ornnem,
1158 2404 1190 2466 iu
1203 2404 1372 2465 uuiversum
1436 2469 1457 2490 ,Ι
1488 2385 1490 2392 ,

72 2501 183 2563 adoleat
202 2504 470 2584 propinquitatem,
499 2509 531 2564 ut
552 2487 716 2566 rectissime
737 2505 864 2565 senserit
889 2505 940 2584 qrvi
962 2505 1034 2566 dixit
1060 2503 1174 2566 felicius
1196 2505 1273 2585 apud
1296 2504 1372 2565 Tur·

98 2622 139 2664 cas
158 2621 275 2666 mavum
297 2617 385 2684 quam
407 2621 508 2684 regem
530 2606 621 2666 nasci
663 2603 755 2684 Igitur
776 2606 825 2666 oui
847 2612 949 2684 parcet
969 2607 1020 2687 qui
1042 2621 1095 2668 suo
1114 2623 1174 2668 nou
1189 2613 1291 2687 parcet
1305 2623 1372 2666 san-

97 2707 184 2782 grint,
206 2715 258 2768 aut
280 2724 368 2786 quem
389 2713 537 2768 servatum
560 2725 597 2768 ex
617 2705 751 2768 hostibus
773 2707 859 2769 vellet
880 2710 931 2788 qui
945 2727 1005 2770 sum
1021 2708 1115 2780 domi,
1139 2727 1175 2773 ex
1190 2723 1373 2785 suegeuere

97 2806 167 2868 lcrre
185 2809 335 2870 neminem
350 2809 464 2886 potasti
487 2808 618 2887 Denique
640 2807 691 2870 ulli
713 2809 840 2888 suspicio
863 2817 922 2880 est,
945 2811 1045 2874 mitem
1068 2810 1132 2873 iore
1148 2811 1440 2902 annumeremus.

97 2910 138 2968 cui
157 2929 223 2971 cum
246 2911 410 2989 ingenitum
437 2917 484 2972 est
507 2912 683 2974 acerrimum
712 2910 852 2972 adversus
880 2911 1059 2974 Christianos
1086 2912 1201 2984 odium,
1235 2919 1298 2974 tum
1327 2907 1374 2973 vel

71 3013 212 3073 anamma
233 3011 334 3074 studet
355 3029 407 3072 eos
427 3013 553 3092 perdere
575 3032 592 3072 a
614 3011 721 3092 quibus
748 3014 908 3093 perniciem
921 3039 922 3044 ¹
936 3016 999 3094 ipse
1026 3013 1082 3076 sibi
1104 3013 1265 3094 prospicit?
1293 3012 1373 3074 Adeo

97 3114 183 3174 emnia
204 3113 293 3175 nubis
314 3131 331 3174 a
353 3113 458 3178 Turcis
478 3113 593 3176 intensa
615 3116 776 3176 etatrocis
798 3113 960 3178 imminent.
997 3134 1094 3196 neque
1116 3116 1295 3195 agesinem,
1318 3114 1374 3174 nisi

96 3231 136 3276 me
155 3232 213 3276 non
236 3215 359 3285 auditis,
382 3215 473 3278 ullam
494 3223 600 3295 putare
621 3235 673 3278 vos
694 3217 884 3280 humanitatis
897 3225 949 3278 aut
970 3216 1150 3280 dexteritatis
1171 3217 1201 3277 in
1222 3215 1280 3276 boc
1302 3231 1373 3295 por·

96 3322 167 3377 tento
188 3319 297 3380 micam
318 3319 466 3392 residere,
488 3319 529 3380 ita
549 3325 584 3380 ut
603 3319 628 3402 si
649 3320 745 3381 vincat
773 3316 879 3398 (vincet
900 3326 997 3382 autem
1019 3317 1109 3380 dubio
1131 3317 1237 3398 procul
1258 3319 1301 3378 sic
1323 3335 1373 3394 ex·

96 3418 217 3495 peditus,
240 3421 284 3480 sic
306 3427 425 3497 paratus
447 3425 477 3482 et
498 3421 658 3492 exercitus,
682 3421 737 3482 nisi
757 3439 810 3482 vos
831 3418 985 3482 celerrime
1007 3421 1038 3481 in
1057 3419 1186 3481 medium
1202 3417 1373 3500 consulitis),

71 3527 185 3581 sacam
207 3521 246 3582 de
268 3520 371 3593 nobis,
394 3529 492 3584 ectum
515 3523 551 3584 de
569 3523 708 3601 imperio,
731 3529 843 3590 aonam,
867 3523 1029 3601 principes,
1053 3521 1089 3582 de
1103 3519 1246 3598 religione
1260 3525 1371 3598 putem.

97 3617 183 3690 Quare
205 3640 258 3687 ros.
280 3623 421 3702 pervelim
442 3626 556 3703 integra
577 3623 675 3685 adbuc
696 3641 730 3684 rc
751 3623 822 3702 quid
842 3624 907 3686 lieri
929 3629 1063 3703 oporteat
1077 3622 1249 3684 decernere.
1271 3619 1442 3684 iterares
1492 3609 1511 3638 ¹·

97 3725 210 3802 pelusii
231 3743 303 3806 pars
323 3726 400 3787 intra
423 3727 609 3788 Gmmauiam
632 3725 717 3787 uobis
738 3725 911 3811 obversatur
933 3743 1070 3804 maguum
1094 3732 1123 3786 st
1139 3726 1236 3804 ipsum
1252 3721 1369 3812 malum.

96 3827 166 3902 quod
187 3845 258 3888 cum
287 3827 469 3890 manifestius
497 3828 536 3890 sit
561 3845 651 3906 quam
673 3833 706 3889 ut
727 3811 860 3890 oratione
882 3826 1021 3906 explicari
1042 3825 1124 3897 velit,
1147 3825 1248 3906 paucis
1262 3831 1373 3888 uatum

97 3930 219 4000 mittam,
249 3929 276 3991 si
298 3947 349 3990 vos
370 3931 453 4008 prius
474 3926 618 3992 monuero
640 3935 673 3992 ut
694 3928 775 3992 illam
794 3933 882 3992 tertio
905 3929 1011 3990 abbiuc
1032 3946 1111 3990 anno
1139 3926 1217 4006 apavd
1238 3925 1375 4006 Wprteo·

71 4027 252 4111 abergeuses
274 4037 369 4092 ortam
391 4033 624 4094 coniurationem
639 4032 669 4092 in
684 4033 856 4094 memoriam
870 4032 1021 4092 revocetis.
1059 4047 1123 4110 quae
1138 4047 1206 4090 cum
1220 4045 1256 4089 ax
1270 4027 1374 4090 sedeur

98 4148 205 4204 caussa,
229 4151 290 4216 qua
311 4151 391 4196 nunc
412 4133 599 4212 quorundam
622 4134 710 4194 animi
730 4133 904 4204 incitantur,
933 4132 1118 4212 provenerit,
1149 4149 1184 4191 ec
1206 4131 1293 4192 unius
1313 4145 1373 4190 non

97 4233 129 4294 ita
148 4237 249 4314 magui
272 4236 414 4298 territorii
434 4236 536 4306 luerit,
566 4240 596 4296 et
617 4242 714 4296 tanam
736 4235 885 4313 ingentem
911 4233 1048 4296 omnibus
1076 4239 1195 4294 metum¹
1214 4232 1372 4314 pepererit,
1463 4305 1467 4314 ,

98 4335 157 4412 quid
178 4336 312 4398 iutvrrum
335 4338 457 4416 putatis,
480 4338 506 4399 si
529 4335 617 4416 (quod
640 4336 712 4397 deus
727 4335 892 4416 probibeat)
916 4325 1111 4415 egentessistl,
1134 4351 1199 4414 qun
1213 4349 1373 4413 permagna

155 4553 247 4623 ²illa]
267 4557 470 4610 recentissime.
522 4555 542 4588 ¹⁹
561 4557 606 4606 cui
622 4570 738 4622 regnare
757 4527 935 4614 contiliaco
953 4555 987 4606 dc
1006 4554 1107 4606 Solimo
1124 4547 1234 4619 proprie
1252 4551 1309 4602 diei
1326 4566 1372 4616 pu·

97 4642 212 4694 lucrante
232 4641 344 4694 eladae.
361 4641 497 4701 odiali.⁴
539 4638 699 4692 ¹”foelicius
718 4643 743 4692 1.
760 4647 786 4689 ut
803 4639 870 4706 ubtq.
926 4637 949 4676 ²¹
966 4639 1071 4690 ierrit.
1124 4634 1179 4670 “⁸⁸⁸
1196 4635 1372 4686 Wllrteuber·
1423 4692 1429 4702 ¹

97 4737 189 4786 gemes
207 4729 234 4776 4.
285 4723 309 4758 ¹³
327 4723 443 4792 conius]
463 4727 518 4776 Der
535 4741 604 4776 mane
622 4725 704 4776 Kane.
716 4705 813 4808 ..ἡ
831 4735 933 4790 magus
950 4727 975 4774 2.
1002 4735 1051 4789 per
1067 4733 1169 4785 magna
1187 4722 1213 4774 l·
1469 4710 1474 4719 ⁸

151 4809 284 4862 ilvrrnr
303 4809 374 4862 Ore.
392 4825 456 4862 vor..
471 4811 503 4860 V.
813 4845 817 4856 .
880 4799 883 4804 ’
1175 4803 1195 4865 8
