3464 5526
257 448 383 486 EWl'ssl
402 447 431 484 itt
450 447 596 485 VBBIOEW
614 445 891 483 wtnrnttrnttdttttttttrt
910 445 1012 482 ottarro
1032 445 1051 480 l.
1075 445 1142 480 MT.
1155 444 1181 480 t.
1197 437 1254 480 lblb.
1348 412 1393 484 13

104 589 205 683 putet:
234 603 403 684 buccege
427 619 546 682 possum
566 619 658 665 unum
680 601 847 664 Atheniensi
872 600 921 664 illo
943 601 1066 662 Timone
1088 600 1269 702 asperiorem
1288 596 1394 678 pradi-

105 723 191 774 eare.
215 723 279 766 non
294 705 423 768 humano
439 713 551 768 butum
570 706 672 782 generi
693 704 855 775 intensum,
878 703 930 766 sed
953 704 1095 764 universae
1110 702 1195 762 etiam
1212 709 1325 763 nature
1337 701 1393 770 ini·

104 809 229 870 micum.
268 807 341 870 Cum
364 809 442 870 enim
465 807 626 870 secundum
649 813 784 868 naturam
806 808 844 866 sit
865 806 892 866 id
919 822 1018 866 amare
1039 801 1119 883 qnod
1150 804 1196 864 cui
1226 802 1327 864 simile·
1340 803 1462 868 im·t.:a.

106 907 212 988 primis
236 917 295 979 est,
319 916 349 971 et
370 929 405 972 ex
427 909 528 972 bestiis
554 927 614 970 non
642 907 727 970 lacile
749 909 914 986 reperiatur
935 923 1002 986 quae
1024 923 1060 966 er
1082 923 1136 966 suo
1158 923 1267 994 genere
1288 903 1395 966 ammai

84 1011 284 1081 incursores,
307 1011 357 1074 bic
377 1017 489 1093 tantum
511 1029 576 1073 esse
598 1018 699 1072 eontra
721 1017 854 1072 naturam
877 999 987 1088 potnit,
1010 1014 1124 1080 utnon
1139 1014 1293 1068 contentus
1308 1007 1396 1066 luerit

105 1113 248 1174 occidere
269 1099 440 1182 bominem,
456 1113 510 1175 sed
530 1115 560 1174 in
583 1114 712 1175 occisum
735 1130 851 1191 quoque
879 1109 1056 1171 saeviendum
1078 1108 1194 1171 durent
1220 1117 1250 1170 et
1270 1125 1394 1168 vacuum

62 1204 65 1212 ’
105 1217 205 1276 anima
228 1201 340 1294 corpus
361 1216 422 1276 suis
443 1214 580 1276 manibus
602 1215 761 1278 laceratum
784 1212 941 1274 uelandum
963 1212 993 1273 in
1015 1210 1134 1272 meduna
1156 1210 1303 1292 tractactu
1326 1209 1395 1270 buic

106 1318 195 1376 etiam
218 1318 407 1384 mestissime
428 1318 509 1396 patri·
525 1317 705 1396 sepulturam
728 1315 777 1376 lilii
800 1315 928 1393 negarit,
959 1331 1020 1392 quo
1050 1309 1097 1373 ille
1124 1313 1211 1373 unico
1238 1313 1392 1373 adversum

106 1419 314 1480 moerorissui
336 1418 537 1498 egritudinem
559 1417 718 1484 lenimento
741 1418 782 1478 uti
803 1423 933 1496 poterat,
957 1414 1036 1494 qued
1058 1415 1177 1474 unicum
1199 1415 1262 1474 eius
1276 1412 1394 1473 orbitati

80 1539 98 1578 u
106 1511 248 1580 solatium
270 1529 434 1599 supererat.
478 1521 576 1593 Quare
599 1537 665 1582 curn
688 1518 831 1598 aequabile
853 1516 988 1580 ominbus
1010 1517 1056 1578 ius
1076 1516 1163 1576 statui
1184 1521 1326 1594 oporteat,
1347 1514 1461 1574 ni-soe.
1515 1552 1520 1575 ι

106 1621 145 1682 bil
169 1625 338 1692 insuetum,
361 1621 433 1684 nibil
456 1642 492 1685 ex
514 1623 704 1700 praerogativa
727 1621 847 1683 decerni
868 1621 1009 1698 petimus:
1031 1619 1062 1679 in
1077 1621 1134 1680 boc
1149 1618 1244 1678 omms
1261 1621 1394 1676 rersatrn

106 1725 200 1793 actio,
227 1715 343 1786 ‘Pereat
364 1725 414 1804 qui
436 1723 583 1804 perdidit,
603 1724 669 1784 iure
691 1724 742 1802 qui
762 1719 895 1784 iniuriat'
917 1719 981 1782 lice
996 1719 1106 1790 abste,
1130 1719 1243 1789 Caesar,
1265 1735 1393 1788 oramus,

107 1825 164 1886 boc
186 1845 206 1892 a
228 1825 328 1896 vebis,
351 1827 505 1894 Germani;
534 1843 593 1888 non
615 1843 674 1904 qno
696 1824 804 1902 adquid
831 1831 1017 1902 perspectum
1046 1823 1098 1892 sit,
1127 1807 1204 1882 unde
1231 1818 1394 1880 dubitatum

107 1927 197 1990 buius
219 1927 396 2007 supplicium
419 1928 565 1998 videatur,
594 1927 647 1989 sed
675 1927 768 2003 magis
796 1943 833 1990 ne
860 1924 986 2006 deluisse
1013 1931 1120 1984 nostrae
1147 1923 1298 1984 videamur
1319 1922 1394 1982 iniu-

80 2031 175 2090 urire:
201 2028 293 2092 multa
315 2037 384 2092 sunt
406 2047 471 2109 quae
493 2037 599 2108 suapte¹
617 2037 721 2091 natura
745 2029 808 2088 sos
822 2027 1029 2102 cohortentur,
1056 2025 1200 2105 primum,
1230 2023 1309 2103 quod
1335 2033 1462 2085 nentes.

110 2133 167 2192 nied
192 2132 323 2192 maximo
345 2132 508 2194 Geruraniae
531 2130 607 2192 malo
629 2131 692 2191 haec
714 2129 885 2208 improbitas
900 2128 971 2188 lerri
986 2129 1090 2207 potest,
1113 2125 1191 2206 quod
1207 2128 1346 2205 optimam
1361 2143 1396 2186 ac

109 2233 334 2312 integerrimam
350 2233 436 2294 buius
451 2234 576 2294 nationis
592 2232 848 2300 existimationem,
870 2229 1086 2318 religiosissime
1105 2227 1277 2290 custoditam
1293 2229 1323 2286 in
1338 2227 1396 2287 boc

108 2353 204 2415 usque
227 2342 345 2413 tempus
366 2335 468 2403 iidem,
492 2334 659 2412 turpissimo
682 2332 728 2393 bic
757 2331 883 2410 probro,
914 2329 1114 2392 crudelissimo
1141 2330 1315 2408 parricidio,
1343 2347 1394 2389 ne·

105 2437 183 2498 iaris
206 2436 374 2515 proditione
396 2435 507 2516 polluit.
553 2436 624 2508 Quae
644 2435 669 2494 si
691 2451 708 2494 a
731 2433 811 2496 vobis
831 2432 1065 2512 negligerentur,
1089 2431 1167 2512 qood
1183 2430 1255 2494 deus
1269 2433 1463 2510 optinuerat

77 2539 262 2612 unanimus
282 2537 451 2614 prohibeat.
475 2555 562 2617 quam
585 2555 648 2598 non
666 2535 854 2598 foedissimam
876 2536 912 2596 dc
939 2533 1020 2596 vobis
1047 2535 1217 2612 opinionem
1245 2533 1311 2594 orbi
1337 2540 1396 2595 ter·

109 2657 213 2702 rarum
237 2639 386 2702 laceretis!
408 2639 499 2710 adeo,
521 2647 554 2701 ut
575 2656 643 2700 cum
667 2655 725 2698 non
749 2640 845 2700 minus
867 2639 955 2698 totius
977 2627 1142 2698 Germaniae
1162 2636 1200 2696 sit
1219 2635 1282 2696 baec
1300 2653 1396 2705 cause,

110 2761 199 2822 mam
224 2740 340 2802 iamibse
362 2759 397 2802 ac
419 2741 529 2802 ordinis
551 2743 659 2810 nostri,
682 2741 761 2819 quod
783 2758 939 2802 commune
961 2740 1091 2800 omnium
1113 2739 1142 2800 in
1164 2737 1220 2798 bae
1234 2737 1397 2816 periculum

110 2851 264 2913 versetur,
294 2843 423 2906 unanimi
452 2860 598 2904 consensu
627 2861 661 2904 ac
689 2861 748 2902 uno
776 2844 906 2910 omniurn
936 2841 1031 2902 studio
1061 2847 1090 2900 et
1117 2839 1238 2900 consilio
1260 2847 1398 2918 tanquam
1430 2844 1435 2852 '

110 2943 279 3034 universale
301 2944 448 3024 quoddam
470 2945 638 3008 meandum
660 2943 723 3004 basc
745 2946 835 3023 pestis
856 2941 1051 3020 extinguenda
1072 2943 1181 3014 veniet,
1204 2943 1353 3021 magisque
1368 2943 1397 3002 in

79 3047 170 3108 roboc
187 3065 242 3108 reo
259 3033 375 3126 publica
390 3064 478 3108 causa
493 3065 582 3126 quarn
597 3052 698 3106 noster
711 3045 807 3106 luctus
823 3052 981 3124 nostraque
1003 3045 1149 3106 accusatio
1171 3044 1328 3122 spectanda
1351 3045 1397 3112 sit,

51 3195 54 3202 ι
111 3150 165 3213 nisi
190 3158 235 3217 te,
260 3150 357 3211 Caesar
378 3149 579 3218 invictissime,
611 3147 735 3209 credere
758 3147 801 3208 las
823 3153 867 3207 est
887 3145 1091 3208 absoluturum
1118 3146 1197 3206 bunc
1224 3153 1275 3206 aut
1301 3143 1398 3224 aliquo

112 3250 281 3312 clementis
302 3257 359 3310 tuae
380 3251 464 3318 radio
484 3256 697 3312 munsterum.
742 3248 793 3310 sed
817 3255 846 3310 et
867 3248 1016 3327 quomodo
1038 3248 1074 3309 sd
1102 3254 1130 3308 te
1157 3265 1253 3326 nuper
1275 3257 1465 3324 recepe-§.ss

111 3354 168 3420 ris,
194 3359 224 3412 et
247 3352 504 3431 quemadmodum.
517 3359 681 3431 captantem
704 3353 816 3412 veniam
839 3350 999 3418 dimiseris,
1022 3358 1122 3412 notum
1139 3356 1200 3410 est:
1221 3350 1333 3410 recenti
1348 3349 1398 3410 ad·

112 3454 173 3514 buc
197 3452 311 3514 scelere
334 3461 362 3515 et
383 3453 514 3517 nundum
536 3455 605 3516 satis
633 3453 749 3533 prodito
778 3453 929 3514 ostendisti
950 3451 1088 3512 iudicium
1109 3441 1202 3510 tirum
1245 3450 1304 3512 Nos
1327 3469 1398 3528 quo·
1461 3475 1466 3486 ·

80 3573 173 3634 uque
197 3554 265 3624 tibi,
289 3555 496 3625 maximiliane,
519 3562 553 3617 ut
575 3556 829 3634 obsequentissimi
851 3556 879 3615 in
896 3554 985 3634 rebus
999 3570 1116 3630 semper
1130 3551 1266 3613 omnibus
1281 3552 1398 3620 luimus,

112 3659 151 3718 ita
176 3675 258 3718 nunc
280 3658 311 3718 in
332 3658 388 3720 isto
410 3658 625 3720 Germanorum
646 3657 776 3718 omnium
799 3662 942 3718 consentu
965 3652 1109 3733 supplices
1137 3671 1252 3722 sumus,
1282 3671 1401 3714 oramus

112 3778 149 3818 ac
172 3757 372 3830 obtestamur,
394 3761 523 3838 primum
544 3777 582 3820 ne
604 3758 752 3820 communi
774 3756 938 3818 Germania
960 3756 1038 3817 bono
1061 3756 1151 3825 desis,
1175 3756 1280 3817 deinde
1294 3775 1331 3816 nc
1347 3773 1401 3814 nos

113 3859 383 3938 perditissimorum
404 3861 556 3924 boninum
578 3859 705 3921 audacie
727 3879 761 3920 ae
785 3856 968 3920 contumelia
990 3875 1133 3938 exponas,
1162 3865 1252 3935 utque
1274 3859 1399 3928 institis,

113 3963 203 4022 euius
224 3969 254 4022 tu
275 3963 305 4021 in
326 3963 415 4024 terris
437 3963 528 4024 vicem
550 3963 641 4040 geris,
664 3979 778 4022 memor
798 3962 847 4021 sis.
884 3978 944 4020 non
966 3960 1057 4022 babes
1079 3977 1132 4022 eur
1154 3961 1247 4022 lustru
1266 3979 1330 4024 esse
1344 3974 1470 4025 no-tar.

82 4062 168 4124 slis:
206 4059 290 4140 digna
314 4071 364 4124 tuo
386 4071 477 4134 nutu,
510 4071 561 4128 tuo
584 4081 705 4128 assessu
728 4064 844 4142 petitio:
877 4081 914 4124 ne
942 4063 1005 4123 sine
1032 4061 1174 4122 inutiliter
1203 4064 1312 4138 ellundi
1334 4083 1401 4126 eum

109 4167 290 4243 'sanguinem
313 4167 364 4246 qui
385 4184 440 4245 pro
461 4174 490 4228 te
507 4157 614 4228 'solitus
636 4171 680 4227 est
702 4164 855 4226 commode
876 4183 911 4226 ac
932 4164 1060 4234 sortiter,
1084 4165 1172 4244 quisi
1188 4164 1337 4226 Gallorum
1353 4176 1405 4228 aut

118 4266 299 4328 Venetorum
321 4273 420 4347 strsge
448 4266 587 4332 Insubres
613 4267 817 4336 madelecisset
845 4285 979 4347 campos,
1009 4253 1137 4345 gloriose
1165 4267 1325 4336 tercentum
1347 4285 1403 4346 pro

116 4377 145 4428 te
168 4370 251 4429 enim
280 4387 367 4431 omne
396 4369 562 4450 periculum
589 4369 671 4430 adire
699 4370 792 4448 parati
819 4387 930 4430 sumus.
967 4387 1047 4429 nunc
1073 4369 1098 4430 is
1119 4369 1268 4429 intercidit
1289 4370 1332 4429 vir
1354 4370 1402 4447 qui

139 4589 147 4612 ⁸
188 4589 198 4623 ¹
217 4589 334 4658 remea]
354 4589 397 4642 cr.
410 4591 482 4644 Plus.
503 4593 530 4644 sn
542 4593 643 4642 anon.
663 4607 687 4642 ο.
701 4589 741 4666 71·
762 4589 877 4639 cucata.
890 4589 1001 4640 sanim.
1021 4589 1079 4640 cro.
1093 4561 1176 4640 lose.
1189 4559 1237 4638 iv.
1251 4588 1291 4638 ιι.
1304 4589 1322 4638 s.
1336 4587 1356 4638 r.
1369 4587 1403 4638 oe

117 4673 297 4734 redimibit.
350 4675 381 4708 Μ
400 4677 525 4743 inprimis
543 4682 569 4728 2.
610 4675 632 4709 ²⁰
651 4677 697 4726 sit.
716 4675 776 4724 Nisi
794 4674 853 4724 edd.
890 4671 909 4706 ³¹
929 4679 1011 4736 nune]
1033 4677 1086 4724 ism
1103 4691 1174 4726 corr.
1188 4679 1216 4722 11.
1268 4669 1331 4737 isto]
1351 4671 1403 4722 boc

117 4777 189 4810 corr.
204 4762 233 4806 H.
267 4758 289 4790 ⁸³
302 4751 556 4832 perdidissimornr‘n¹
566 4766 589 4812 1.
626 4760 669 4827 ecl
690 4765 718 4810 et
735 4775 803 4810 corr.
818 4763 848 4808 fl.
884 4757 905 4788 ³¹·
920 4760 957 4808 nd
972 4759 1260 4824 susmipsemilitinm
1275 4757 1402 4808 innuittl.
