3464 5526
317 389 339 460 8
459 416 582 453 nvrrnrm
596 389 631 450 'ru
649 415 794 451 vuarcnvu
812 413 1091 450 wraranrnetmremt
1110 413 1212 450 ontrro
1231 415 1249 451 r.
1274 413 1379 452 msa-a.
1395 407 1452 450 tcta.

316 573 420 634 merita
441 571 551 634 maiora
570 589 605 630 ac
624 567 761 630 omnibus
782 569 897 630 notiora
920 587 998 638 esse,
1021 587 1107 647 qaam
1130 575 1161 628 ut
1183 568 1351 629 verecunde
1367 587 1399 628 ea
1420 585 1600 630 commemo·

316 674 408 737 ranila
431 673 497 734 sint.
532 671 650 732 interim
671 670 790 730 minime
813 670 850 730 ad
874 677 1004 730 nostram
1027 687 1144 730 causam
1167 671 1293 748 pertinet
1312 669 1429 730 referre
1448 687 1536 748 qnam
1552 669 1602 729 liic

316 773 490 836 medicinam
513 773 581 834 buic
603 772 677 850 pesti
699 771 886 850 apposuerit,
915 779 1005 850 utque
1027 789 1081 832 suo
1104 769 1215 831 scelere
1238 778 1372 833 exortum
1393 771 1502 832 malum
1525 789 1600 832 noro

314 872 509 954 ipsescelere
532 873 705 942 coniecerit,
729 873 784 932 nisi
806 878 947 952 quantum
969 875 1005 934 ad
1029 875 1159 934 occisum
1179 872 1261 935 illum
1282 875 1422 952 pertinet,
1445 893 1537 952 aquo
1554 874 1601 952 pie

313 997 391 1057 saepe
414 978 541 1038 monitus
563 981 623 1044 est,
648 994 715 1035 cum
737 975 820 1053 quasi
842 991 901 1035 non
923 975 959 1036 ad
981 959 1137 1054 pristinum
1159 981 1281 1045 statum,
1304 975 1356 1036 sed
1377 975 1414 1035 ad
1429 992 1533 1036 novam
1551 991 1622 1036 ra-t·

315 1080 428 1158 piendi,
452 1077 605 1154 grassandi
627 1076 815 1154 cedendique
837 1075 983 1138 licentiam
1005 1079 1153 1138 institutus
1176 1081 1265 1146 esset,
1294 1075 1371 1136 bona
1400 1077 1505 1138 civium
1527 1077 1596 1138 diri-

315 1187 414 1260 peret,
437 1181 567 1253 insontes
590 1177 675 1238 exilio
698 1197 732 1238 ac
754 1195 826 1238 nece
849 1180 983 1256 puniret,
1018 1181 1115 1241 omnia
1145 1178 1329 1256 indignitate,
1363 1179 1458 1238 omnia
1485 1175 1599 1240 scelere

246 1282 460 1344 §.inmisceret
506 1261 690 1341 Verurn'bos
713 1265 809 1340 motus
831 1295 890 1340 non
913 1278 1001 1356 longo
1024 1279 1175 1340 intervallo
1203 1279 1366 1340 subsecutae
1393 1287 1462 1340 sunt
1488 1280 1601 1340 iuvenis

315 1384 440 1463 nuptiae:
458 1382 544 1444 liuius
559 1381 689 1458 magistri
705 1383 835 1461 equitum
850 1380 938 1442 filiam
953 1389 1020 1444 ante
1036 1365 1241 1460 desponsatam
1254 1380 1351 1444 duxit:
1367 1361 1479 1442 tantum
1491 1383 1602 1461 quippe

292 1485 428 1546 ‘fiducie
450 1486 480 1546 in
501 1483 640 1564 Tyranno
662 1490 801 1562 posuerat
823 1481 922 1564 patbr,
952 1491 984 1544 ut
1012 1491 1042 1546 et
1071 1485 1099 1544 in
1128 1485 1220 1562 ipsius
1248 1491 1328 1544 terra
1350 1484 1518 1560 coniugium
1540 1482 1635 1544 filiolo

314 1579 461 1667 paraverit
483 1579 512 1646 dt
531 1591 707 1664 perpetuam
729 1587 867 1649 continuo
891 1585 1072 1648 mansionem
1096 1585 1251 1648 meditatus
1272 1587 1318 1648 sit.
1355 1585 1473 1646 Nullum
1493 1585 1540 1645 bic
1555 1587 1601 1644 in·

314 1695 395 1748 terea
416 1685 533 1758 alienati
554 1687 644 1748 animi
665 1689 781 1766 signnm
804 1685 896 1756 dedit,
927 1705 1023 1765 neque
1049 1687 1189 1748 coalerre
1211 1689 1322 1756 rarius,
1351 1686 1461 1765 alloqui
1482 1687 1601 1754 durium

315 1790 423 1854 tamen
444 1787 600 1866 aliquando
622 1789 698 1850 tristi
720 1797 856 1868 aspectu;
886 1797 914 1849 et
940 1788 1037 1879 adhuc
1063 1789 1217 1867 ignorabat
1245 1791 1332 1850 miser
1361 1797 1490 1849 atrocem
1513 1788 1602 1849 buius

315 1899 464 1954 naturam:
493 1889 577 1952 lacile
606 1893 683 1952 enim
707 1889 822 1952 occulta
845 1897 929 1952 erant
951 1877 1029 1950 vitia¹
1044 1892 1156 1962 iuveni,
1191 1893 1300 1960 amico,
1333 1909 1394 1952 nnn
1426 1891 1599 1968 inquirenti.

246 1993 389 2064 §.uallata
411 2011 482 2056 uero
504 1992 541 2054 ab
563 1991 620 2054 lieo
642 1993 717 2053 lacta
740 2000 839 2062 erant,
867 1990 951 2054 aliter
973 1989 1021 2052 alii
1048 1993 1334 2071 interpretamentum
1363 1991 1428 2063 ille,
1457 2009 1514 2073 qua
1538 1999 1636 2053 eratis

314 2093 513 2174 simplicitate,
537 2113 596 2155 non
619 2093 907 2172 suspicabaturmali
926 2094 1099 2173 quicquam,
1123 2094 1159 2156 de
1177 2112 1211 2156 eo
1225 2095 1404 2172 praesertim,
1428 2095 1465 2156 de
1480 2113 1540 2172 quo
1558 2096 1604 2156 sic

313 2201 389 2260 esset
411 2198 554 2282 meritus;¹
582 2215 678 2285 neque
697 2169 827 2280 unquarla
848 2195 912 2257 iore
935 2197 1062 2275 putavit,
1097 2204 1128 2256 at
1154 2215 1205 2256 sue
1232 2197 1288 2256 rita
1317 2203 1467 2274 peteretur
1494 2196 1530 2258 ab
1554 2215 1629 2264 eo,·

313 2300 395 2360 cuius
419 2300 481 2378 ipse
506 2301 590 2362 vitam
611 2317 730 2360 serame
751 2298 917 2364 studuisset.
960 2317 1018 2378 quo
1039 2306 1172 2375 tempore
1195 2299 1219 2359 si
1241 2300 1406 2376 praescisset
1428 2300 1519 2359 miser
1543 2300 1602 2358 im-

313 2408 473 2480 portunum
496 2400 584 2462 huius
605 2387 771 2480 ingenium,
795 2400 1034 2462 carendumsibi
1056 2400 1093 2460 ab
1117 2419 1151 2460 eo
1174 2400 1320 2469 duxisset,
1348 2408 1380 2460 ut
1402 2400 1438 2462 ab
1461 2399 1602 2480 improbo
1723 2435 1724 2474 q

243 2503 376 2570 §.anvico
399 2503 594 2580 discessisset,
618 2512 650 2564 ut
672 2523 688 2566 a
712 2503 914 2567 crudelissimo
934 2503 1020 2564 hoste
1043 2502 1172 2580 fugisset.
1215 2502 1271 2562 Sed
1293 2501 1343 2562 ubi
1365 2502 1481 2564 tandem
1504 2521 1636 2564 emer-ao

311 2607 348 2666 sit
370 2607 432 2666 eius
454 2601 644 2684 improbitas?
671 2605 790 2674 Audite,
811 2605 968 2680 Gerrnaui,
991 2603 1089 2664 audite
1111 2622 1175 2665 rem
1198 2619 1317 2673 noram,
1341 2604 1507 2682 indignam,
1531 2605 1603 2665 liar-
1723 2637 1724 2648 ,

311 2706 448 2776 rendam,
479 2715 508 2766 et
533 2708 588 2767 nisi
612 2709 643 2766 in
673 2705 765 2767 oeulis
793 2723 827 2766 ac
847 2705 968 2767 auribus
991 2707 1095 2766 restris
1118 2712 1208 2775 esset,
1238 2705 1459 2774 incredibilem;
1483 2706 1603 2786 qualem

255 2791 260 2804 ’
312 2808 375 2868 haec
398 2815 466 2868 atas
488 2826 547 2866 non
571 2806 654 2878 vidit,
677 2808 760 2885 prior
782 2825 842 2868 non
864 2809 1008 2886 suspicata
1031 2814 1092 2876 est;
1116 2807 1233 2887 qualem
1251 2809 1434 2869 atrocitatem
1449 2825 1603 2886 nimquam

311 2909 421 2970 credita
451 2915 495 2968 ost
522 2927 628 2988 capere
648 2911 818 2978 Germania;
846 2927 902 2989 qua
931 2907 1054 2970 ulterius
1083 2909 1223 2994 progredi
1251 2908 1329 2970 nulla
1361 2909 1462 2972 feritas
1476 2893 1602 2988 potest:

311 3010 424 3079 audite,
447 3027 560 3088 queso,
580 3010 692 3072 lacinus
714 3013 792 3073 omni
815 3011 931 3072 diritate
954 2986 1041 3090 dique
1060 3013 1240 3094 immanitate
1262 3011 1405 3079 deterius:
1430 3011 1536 3074 deinde
1552 3031 1635 3072 seva

310 3131 394 3181 vere,
417 3119 450 3172 ut
470 3113 623 3192 Germani,
647 3112 799 3190 religiose,
822 3121 855 3174 ut
876 3113 1048 3182 Christiani,
1077 3113 1210 3174 iudicate.
1254 3115 1317 3191 lpse
1339 3114 1488 3174 narrando
1506 3131 1601 3196 quan-

310 3222 374 3276 tum
396 3214 460 3275 ficri
482 3220 592 3292 potest,
614 3212 806 3276 domesticum
828 3213 960 3276 dolorem
983 3215 1161 3288 moderabo,
1189 3234 1223 3277 ao
1250 3217 1315 3293 ipse
1341 3233 1389 3276 me
1409 3231 1598 3294 componam.

241 3336 300 3386 aaa.
311 3315 365 3378 llei
388 3314 537 3381 lamiliaris
558 3325 665 3378 statum
684 3318 862 3378 formaturus
882 3324 966 3396 pater
980 3319 1107 3378 accersit
1123 3317 1159 3378 ad
1174 3336 1205 3378 se
1221 3315 1327 3387 lilium,
1351 3316 1443 3378 literis
1457 3319 1599 3395 primunr,

213 3470 220 3488 ,
310 3418 417 3480 deinde
437 3437 504 3479 cum
527 3418 705 3499 aliquamdiu
727 3419 836 3480 frustra
858 3420 1026 3480 missionem
1050 3427 1149 3482 oraret
1169 3417 1231 3488 ille,
1252 3419 1332 3496 quod
1354 3435 1407 3482 nos
1429 3419 1493 3480 lieri
1515 3427 1600 3500 puta·

309 3521 413 3582 bamus
439 3523 522 3600 quasi
553 3517 631 3600 aegre
656 3522 693 3584 ab
721 3542 752 3584 se
775 3519 935 3604 dimitteret
960 3539 1028 3582 eum
1065 3523 1149 3582 cuius
1177 3520 1231 3581 sibi
1259 3522 1411 3598 praesentia
1444 3522 1633 3582 carissinmao

252 3701 256 3710 ι
311 3631 404 3693 esset,
426 3622 516 3684 aliurn
540 3641 573 3682 ex
596 3623 662 3685 liliis
684 3632 753 3686 natu
778 3625 937 3692 maiorem,
959 3622 1039 3684 hunc
1057 3623 1259 3684 leudorichum
1280 3624 1382 3693 mittit,
1406 3639 1463 3701 quo
1487 3622 1603 3684 videret

170 3799 177 3818 ι
246 3726 356 3795 aaalric
379 3744 468 3804 quam
490 3726 655 3787 necessaria
678 3727 713 3787 de
728 3745 824 3790 ,cause
845 3732 971 3786 vocaret.
1016 3708 1093 3786 Nmss
1119 3733 1180 3785 tum
1202 3725 1251 3785 liic
1278 3743 1417 3786 recusare
1440 3726 1519 3784 risus
1545 3733 1599 3794 est,

314 3827 366 3889 sed
390 3826 509 3896 babeo,
533 3829 650 3907 inquit,
674 3829 752 3907 quod
776 3827 929 3888 couleram
956 3827 1037 3904 prius
1061 3835 1174 3896 menia,
1209 3829 1407 3906 quoniamque
1429 3843 1488 3886 non
1511 3825 1599 3906 longe

316 3930 385 3990 binc
408 3947 496 3998 ereo,
535 3931 598 4008 ipse
625 3948 672 3992 me
699 3929 878 4008 aliquantum
905 3929 1016 3990 itineris
1039 3930 1193 3999 comitare,
1225 3930 1301 3990 unde
1324 3933 1444 4006 accepto
1467 3927 1546 4005 quod
1570 3935 1599 3990 te

310 4029 375 4092 volo
398 4047 550 4100 reversus,
573 4049 630 4092 una
654 4031 848 4101 cumfratre,
876 4031 925 4110 qni
953 4037 981 4092 te
1009 4031 1057 4090 bic
1086 4033 1252 4108 operietur,
1280 4032 1317 4092 ad
1345 4037 1459 4109 patrem
1488 4029 1631 4091 abeas'.oo

310 4130 447 4209 Nondum
468 4132 579 4212 aliquid
595 4134 769 4212 suspicionis
788 4139 973 4194 contraxerat
988 4130 1102 4201 iulelix3
1126 4131 1222 4193 adbuc
1245 4135 1342 4194 omnia
1361 4131 1498 4198 latebant.
1519 4133 1599 4212 quod

309 4232 357 4294 ille
379 4234 450 4312 quid
470 4237 558 4296 animi
580 4235 703 4296 haberet
721 4233 907 4295 callidissime
936 4233 1136 4304 dissimulans,
1167 4252 1264 4313 neque
1288 4234 1413 4295 iaciebat
1436 4253 1533 4314 neque
1553 4233 1597 4294 lo·

309 4335 454 4414 equabatur
476 4329 586 4415 aliquid
614 4356 671 4416 quo
695 4338 791 4398 minus
816 4336 962 4397 videretur
985 4337 1176 4398 amicissimus
1204 4353 1268 4396 esse
1299 4337 1325 4395 ei
1347 4352 1434 4414 quem
1454 4334 1599 4413 prodebat

238 4437 439 4502 a-aanctarius
461 4438 547 4499 latro.
592 4440 632 4498 Ac
654 4456 730 4516 pene
758 4445 802 4500 est
833 4437 890 4498 laec
918 4439 978 4515 ipsa
1007 4440 1210 4500 interlectione
1237 4439 1331 4498 nialus
1360 4439 1486 4506 crimen,
1519 4437 1596 4516 quod

265 4689 267 4696 ,
374 4639 736 4706 ⁹cf.vol.l.p.5li.v.ll.
778 4641 813 4698 ,¹⁰
831 4644 919 4708 ipsius
938 4649 967 4689 H.
1003 4641 1077 4691 illius
1098 4647 1119 4691 1.
1173 4639 1320 4692 ΝΛΜ.
1374 4640 1552 4703 ¹².Qualem
1567 4647 1595 4689 a.

305 4723 328 4756 ²³
346 4724 461 4787 Qualem
479 4731 508 4775 Η.
548 4725 569 4757 ²⁹
588 4723 756 4791 aliquandiu.
814 4727 835 4760 aa
854 4735 881 4776 n.
901 4731 1027 4779 correxit.
1081 4727 1181 4776 iecerit
1198 4739 1263 4790 noq3
1281 4727 1388 4779 loeutus
1407 4729 1445 4777 sit
1464 4731 1487 4776 1.
