3410 5524
86 436 202 474 ιιιιιιιι
213 437 250 472 sn
263 435 411 494 carnotens
422 437 548 478 onemo
562 438 672 494 aem-vu
682 439 781 476 aunem
792 439 932 486 anennoeto
944 424 1264 496 pronascaturssttt.)
1286 411 1356 488 129
1377 489 1381 494 ,

83 590 272 654 exercitibus?
299 598 332 653 ut
359 611 419 654 non
444 591 613 672 insipienter
640 597 788 659 monuerit
815 595 865 674 qui
893 595 1052 659 coercitam
1080 613 1236 660 carrorum
1258 599 1358 666 maluit

18 745 20 758 .
81 692 160 754 leone
187 694 264 756 duce
280 711 380 773 'quam
409 696 569 757 exercitum
591 694 709 758 leonum
732 714 818 756 cervo
847 695 937 766 duce,
965 697 993 757 id
1022 695 1132 760 scilicet
1158 687 1299 779 reputans
1327 703 1357 764 in

81 795 254 874 impermme
275 797 363 857 sitnm
385 814 444 876 quo
466 805 572 860 evento
593 815 641 859 res
662 804 811 876 gerantur.
856 798 1011 877 ignoscite
1035 805 1136 878 capot,
1164 808 1265 879 parete
1292 804 1426 864 iro-tou.

81 898 220 974 peretot-i,
249 896 293 959 v'ei
322 897 359 960 oh
388 897 417 960 id
446 895 571 960 maxime
599 900 676 978 quod
703 901 734 960 in
757 916 807 960 t'os
828 897 876 960 illa
899 899 1019 961 inclinat
1041 901 1203 964 successio:
1232 903 1357 982 proinde

62 995 198 1075 tqoilibet
220 1009 349 1062 vestrum
372 1001 493 1078 cogitet,
515 1008 548 1062 ut
562 1019 648 1066 nunc
669 1008 788 1080 praeiet
809 999 891 1062 alteri
913 1000 992 1080 quod
1013 1003 1076 1082 ipse
1093 1002 1148 1088 sibi
1163 1005 1200 1066 ad
1214 1004 1272 1066 hoc
1286 1023 1356 1085 pro·

79 1096 188 1160 reiutm
212 1099 358 1178 fastigium
380 1101 514 1179 praestari
535 1101 634 1174 veliet,
657 1112 686 1164 at
706 1120 786 1164 nuuc
807 1121 913 1181 parere
935 1103 1042 1173 discat,
1069 1104 1280 1184 utaliquando
1302 1107 1355 1168 im·

79 1218 177 1279 perure
200 1203 289 1263 sciat:
312 1203 414 1266 videtis
435 1205 631 1266 ferocissimas
652 1206 785 1268 nonanes
800 1197 1015 1284 nonquam'din
1030 1213 1081 1270 aut
1095 1206 1171 1269 bene
1185 1208 1355 1286 imperasse,
1461 1261 1462 1266 ,

79 1309 173 1364 contra
196 1303 348 1384 Assyrios,
377 1305 479 1366 Medos
506 1323 540 1367 ac
566 1306 648 1369 ilium
670 1306 828 1370 Asiaticum
856 1304 957 1370 luxum
987 1315 1029 1368 tot
1057 1326 1151 1369 annos
1173 1317 1202 1370 et
1223 1312 1356 1388 egregie:

77 1410 183 1466 nutum
213 1413 259 1466 est
287 1408 362 1468 scire
387 1408 549 1487 imperare,
585 1415 673 1487 atque·
698 1408 755 1469 boc
781 1410 811 1470 in
840 1426 875 1469 eo
902 1409 989 1470 situm
1017 1417 1061 1472 cst
1088 1417 1121 1472 ut
1147 1428 1253 1488 parere
1281 1399 1354 1474 scias

51 1523 108 1564 reae
121 1507 226 1584 possis.
264 1509 373 1587 etquis
391 1526 450 1570 nou
465 1516 565 1590 posset
579 1511 748 1592 imperatori
763 1507 913 1580 benefico,
936 1508 1066 1586 liberali,
1090 1512 1182 1582 iusto,
1205 1511 1341 1575 clementi
1355 1528 1422 1579 §.rra

78 1617 103 1668 et
121 1627 301 1716 poocuuqne
323 1612 462 1674 virtutum
483 1613 625 1690 respicias
643 1613 782 1690 egregio,
806 1610 899 1693 qualis
920 1619 965 1674 cst
985 1611 1210 1684 maxentianus,
1233 1617 1282 1693 qui
1304 1633 1354 1676 au·

77 1727 126 1770 uos
146 1713 206 1772 iam
235 1714 351 1792 triginta
379 1711 505 1792 amplius
527 1714 693 1791 patrimonii
714 1715 760 1776 soi
788 1713 932 1779 tractibus
959 1715 1074 1793 imperii
1096 1733 1193 1776 ,onera
1216 1718 1353 1786 sustinet,
1485 1777 1489 1794 ,

76 1813 208 1876 omnibus
230 1814 347 1876 interim
370 1816 449 1876 curis
471 1816 611 1892 agitatus,
641 1817 672 1876 iu
694 1815 774 1892 nulla
797 1817 970 1878 constitutus
991 1817 1108 1895 quiete?
1135 1817 1253 1895 quando
1276 1819 1354 1881 enim
1457 1847 1462 1859 ·

76 1913 264 1996 nanquilinm
285 1916 425 1988 vidimus,
454 1925 511 1978 aut·
532 1917 650 1996 quando
677 1919 707 1978 iu
729 1935 833 1979 novam
855 1916 984 1997 aliquam
1003 1916 1229 1990 sollicitudiuem
1251 1923 1354 1999 praeci-

50 2019 209 2093 optutum,
234 2037 301 2082 com
323 2035 377 2080 nos
399 2021 511 2080 interea
533 2023 709 2098 (prosequor
731 2021 808 2080 enim
830 2019 922 2082 semel
942 2018 1036 2114 libere
1053 2021 1220 2084 institutum
1241 2037 1353 2086 sermo·

76 2120 149 2200 nem)
173 2127 226 2182 aut
248 2121 415 2210 domesticis
436 2121 632 2201 voluptatibus
653 2130 704 2183 aut
732 2123 875 2184 intestinis
902 2119 1137 2184 contentionibus
1159 2141 1280 2202 operam
1302 2124 1352 2186 da·

75 2223 151 2282 must
173 2223 257 2294 Quos
278 2221 327 2286 tue
349 2225 374 2286 si
395 2225 513 2303 mando
535 2243 571 2285 ex
594 2223 691 2312 oiitcio
708 2225 843 2301 corripit,
866 2230 928 2284 tum
943 2241 1014 2284 vero
1029 2223 1129 2301 iugum
1145 2223 1341 2288 exclamamus
1350 2242 1418 2293 §.rra

75 2341 105 2383 ac
124 2327 297 2387 serntmem
319 2325 562 2406 iuterpretamor;
584 2325 690 2386 deinde
713 2327 796 2404 qnasi
818 2327 875 2388 iam
897 2323 967 2386 illud
991 2326 1172 2388 excutiemus
1193 2317 1351 2405 ingenuae

75 2412 176 2487 abiiia
199 2445 255 2487 nos
278 2426 458 2488 vindicemus
478 2429 631 2498 servitute,
654 2425 818 2490 libertatem
841 2445 979 2488 vocamus
1000 2428 1156 2505 imperium
1176 2445 1237 2488 non
1259 2444 1349 2506 agno·

47 2541 165 2597 escere,
189 2530 363 2609 imperatori
386 2547 444 2590 non
466 2547 588 2607 parere,
612 2530 708 2590 omnia
730 2531 850 2608 impune
864 2528 973 2589 audere
988 2529 1146 2599 sefacere„
1170 2527 1245 2600 Quid
1262 2530 1418 2609 quodem.

74 2625 194 2708 aliquos,
215 2648 287 2693 non
309 2632 457 2711 principes
479 2630 544 2691 ilios
566 2630 686 2712 quidem
714 2630 803 2710 (quod
826 2647 881 2709 ego
902 2631 1002 2708 suam)
1030 2631 1083 2699 sed
1112 2650 1147 2694 ex
1175 2632 1209 2692 iis
1237 2634 1288 2710 qui
1318 2647 1350 2695 sc

73 2731 250 2811 principibus
271 2732 427 2794 consulere
449 2732 564 2804 dicunt,
592 2739 696 2812 putare
717 2733 849 2794 videmos
870 2730 1035 2794 comultum
1056 2733 1196 2811 imperio,
1225 2732 1276 2794 nbi
1297 2751 1350 2816 po·

73 2842 164 2894 scente
187 2842 293 2894 natura
315 2833 401 2896 nobis
422 2833 650 2898 Maximiliauum
674 2835 746 2906 deus
769 2835 922 2914 eripuerit,
952 2840 986 2895 ut
1007 2839 1160 2895 externum
1183 2837 1349 2914 quempiam

73 2951 252 2996 accersamus
273 2936 397 3012 regenti
425 2953 481 3014 qua
495 2937 679 3013 ‚cogitatione
700 2953 765 3016 quac
786 2935 891 2998 ioedior
917 2937 948 2995 in
971 2936 1110 2998 Germani
1131 2936 1257 2998 hominis
1278 2955 1349 3000 ooo·

49 3033 252 3098 rambmomm
281 3037 387 3099 radere
414 3038 530 3116 posset?
558 3055 726 3116 quanquam
753 3053 812 3098 uon
839 3038 971 3116 ignorem
1002 3037 1071 3117 quid
1100 3037 1156 3099 sibi
1183 3045 1363 3132 proponant,

73 3133 124 3206 ilii,
151 3155 260 3218 nempe
283 3139 415 3200 futurum
437 3147 588 3219 potantes,
613 3145 645 3200 ot
666 3155 724 3218 quo
745 3137 861 3218 lougius
884 3137 959 3200 absit
975 3139 1153 3218 imperator,
1178 3159 1212 3200 eo
1227 3139 1349 3202 liberios

73 3238 159 3298 vivant
180 3241 233 3320 qui
254 3239 310 3301 sub
340 3242 464 3322 imperio
492 3249 574 3302 suut:
607 3240 685 3319 quod
714 3241 851 3318 ignorant
876 3258 966 3320 quarn
993 3259 1044 3301 eos
1071 3237 1168 3310 fallam
1201 3243 1415 3306 nescientem.

72 3340 144 3416 enim
162 3339 309 3404 libertatis
331 3349 568 3405 conservatorem
590 3361 654 3404 esse
677 3361 764 3422 qoem
787 3341 938 3430 dominum
959 3343 1203 3421 interpretantur,
1232 3359 1267 3404 ac
1288 3361 1348 3404 non
1419 3357 1422 3364 ⁴

72 3444 218 3544 pmsgrsy
232 3449 294 3504 tam
309 3443 422 3506 diuersa
437 3447 500 3506 oue
515 3447 609 3525 capite
625 3445 811 3506 concorditer
825 3444 933 3523 degere
947 3443 1096 3506 membra:
1119 3440 1234 3505 abiicite
1248 3445 1346 3520 igitur,

46 3543 166 3621 equiem
189 3546 274 3614 estis,
299 3547 428 3626 ineptam
450 3547 632 3626 opinionem,
655 3545 743 3608 stulta
764 3553 847 3615 rota,
869 3546 1004 3606 insanum
1027 3542 1195 3604 consilium!
1223 3561 1274 3604 vos
1295 3563 1346 3606 au-

72 3649 137 3714 tem,
160 3647 324 3726 principes,
353 3665 391 3709 ne
412 3650 497 3710 sinite
520 3650 721 3728 turpissimam
742 3649 846 3708 vestris
867 3644 1050 3724 temporibus
1066 3652 1177 3706 'nomm
1199 3645 1291 3720 inuri,
1313 3651 1346 3706 ut
1392 3693 1399 3706 .

72 3743 189 3808 deinbse
218 3765 291 3810 suus
318 3767 353 3810 ac
379 3752 526 3827 genuinus
552 3750 623 3811 huic
652 3749 762 3810 uaooni
789 3750 929 3828 princeps
957 3746 1094 3808 credatur
1123 3747 1172 3825 qni
1195 3763 1355 3824 nonquam-

71 3848 273 3922 primasium
302 3858 332 3912 ut
360 3853 550 3931 peregrinatu
578 3850 664 3911 nobis
692 3852 791 3928 iugum
820 3839 976 3928 imponatis
1004 3849 1083 3928 quod
1105 3865 1255 3928 nunquam
1277 3855 1344 3910 ante

72 3946 193 4020 toiimos3
217 3949 360 4021 breviter,
384 3961 417 4015 ut
431 3952 617 4016 Germaniam
632 3953 770 4016 Germani
791 3949 932 4030 prodant,
956 3951 1034 4029 qood
1048 3967 1198 4030 nunquam
1214 3950 1243 4009 iu
1257 3949 1344 4010 buius
1398 3995 1400 4002 .

23 4051 157 4146 ‘egenos
178 4070 279 4114 mores
301 4054 407 4140 cadprp
428 4062 560 4133 putatum
583 4054 639 4114 est!
663 4051 736 4124 Ouid
760 4051 836 4114 aliud
859 4052 909 4124 oet
930 4052 1006 4112 cuim
1029 4051 1084 4111 isto
1102 4049 1223 4112 consilio
1246 4066 1411 4130 quamtum

71 4149 227 4216 aimtirum
243 4155 309 4234 qun
324 4153 378 4215 sibi
394 4153 560 4216 menbrum
582 4155 690 4217 adimat
711 4172 746 4215 ac
767 4153 900 4214 fictitium
914 4152 1057 4232 reponet?
1080 4153 1164 4232 quasi
1178 4169 1248 4213 vero
1264 4153 1344 4231 prio·
1367 4211 1371 4217 .

71 4251 141 4330 cipes
163 4273 226 4315 non
248 4254 356 4318 babeat
377 4256 549 4326 Germania,
578 4256 661 4334 quasi
685 4256 789 4334 *regius
817 4254 875 4316 hac
902 4252 1002 4315 seculo
1030 4253 1101 4315 iuibi
1123 4253 1241 4330 sanguis
1262 4251 1343 4314 deie-

71 4401 262 4418 ‘Qu—u...-

125 4489 216 4558 *quit
235 4467 381 4558 1⁰’hilippm
398 4507 455 4544 rex.
473 4491 615 4551 <bitonum
635 4485 712 4557 ἔλεγε
730 4493 860 4555 κρεῖττον
878 4481 954 4540 εἶναι
967 4485 1160 4556 στρατόπεδον
1172 4479 1288 4553 tropos
1300 4483 1343 4540 tt·
1404 4555 1407 4562 ⁴

32 4620 37 4631 ,
71 4585 143 4634 onae
154 4565 545 4643 πρατηγοῦντοςῆλεόντων
557 4567 676 4642 ἐλάφου.
690 4574 765 4626 Stob.
773 4573 868 4624 Floril.
877 4573 947 4623 LIV.
955 4571 996 4624 60.
1033 4573 1159 4624 ⁸Maedos
1169 4575 1224 4624 1.2.
1259 4570 1342 4622 ¹⁰im-

70 4661 199 4720 paratorio
210 4660 348 4712 beneflcio
360 4663 384 4710 4.
399 4659 430 4728 (Ι)
464 4661 486 4694 ¹⁷
498 4661 709 4712 virantcorrdi.
726 4660 848 4710 victuros
862 4661 885 4708 1.
894 4661 918 4708 2.
952 4657 975 4690 ⁸⁶
987 4659 1047 4723 quie
1061 4661 1115 4712 1.2.
1133 4658 1220 4722 siquis
1231 4671 1300 4708 corr.
1309 4661 1340 4706 Π.

69 4747 145 4794 reci.
157 4746 205 4795 red
214 4748 269 4796 aiere
282 4743 356 4796 nmo
369 4747 451 4796 deleto
463 4731 625 4811 procedente
643 4746 667 4795 si
718 4741 772 4775 ⁸⁸⁴⁷
790 4757 867 4800 uero,
882 4743 1036 4808 Principes,
1056 4746 1081 4795 4.
1100 4741 1128 4804 (i)

125 4827 254 4882 Ηπτιιιι
267 4829 335 4882 Ore.
349 4843 411 4882 vot..
425 4829 457 4882 V.
494 4902 502 4928 Ι
1101 4827 1119 4886 9
