3464 5526
361 397 407 468 32
501 426 623 462 EVTTH!
641 425 670 460 itt
689 425 782 462 ΜΟΙΙ
800 425 1077 462 winnssmonm
1096 425 1198 462 ORATIO
1217 426 1249 462 11.
1269 425 1381 462 ΙΙΙΠΤ.
1394 425 1422 462 Α.
1435 419 1494 462 1517.

360 581 468 643 limites
491 580 594 650 babet,
622 581 742 659 suisque
763 579 895 642 terminis
921 581 1166 659 circunscriptum
1189 587 1246 650 est;
1276 588 1305 642 et
1329 589 1400 642 tunc
1426 580 1532 644 loeurn·
1554 579 1640 644 habet

291 691 350 743 §.tt
362 683 524 752 miseratio,
548 681 664 762 quando
687 699 723 742 er
745 681 876 754 fortuna,
899 701 959 744 non
976 702 1010 744 ex
1027 682 1170 746 maleficio
1187 689 1231 744 est
1248 681 1404 744 calamitas
1433 683 1490 746 Ubi
1506 701 1638 762 magnam

359 783 445 848 nobis
467 771 632 846 felicitalem
655 783 808 854 adscribo,
831 784 909 862 quod
933 792 962 846 et
982 785 1039 847 boo
1060 787 1115 848 iste
1142 785 1240 848 scelus
1264 785 1436 893 conspetur,
1466 794 1495 848 et
1516 785 1572 846 bos
1589 784 1638 844 ba-

358 887 463 950 bemus
483 892 588 956 testes,
609 887 639 946 in
662 901 739 964 quos
760 885 942 948 recensioni
963 893 1024 948 tum
1045 887 1158 948 lacinus
1183 888 1292 967 apertis
1323 889 1329 900 '
1354 888 1437 948 diciis
1466 887 1638 949 nranilestis·

359 1008 416 1070 que
445 989 537 1067 signis
563 986 683 1048 incidit:
716 1004 784 1048 nam
813 988 839 1048 si
866 986 923 1048 boc
951 987 1023 1050 deus
1043 990 1171 1069 optimus
1196 906 1350 1051 ιιιιιιίιιιῖἕ1
1362 989 1516 1060 voluisset,
1542 995 1576 1050 ut
1596 986 1659 1050 veis

359 1091 421 1171 ipse
439 1096 577 1169 negaret,
595 1087 639 1179 l⁰¹
655 1087 687 1149 hi
705 1106 764 1152 non
781 1095 979 1166 spectassent,
1002 1092 1068 1170 quis
1083 1090 1288 1172 acclamatibus
1303 1089 1387 1152 nobis
1403 1091 1556 1153 erederet?
1575 1093 1639 1170 quis

358 1200 467 1257 tanum
489 1192 697 1252 immanitatem
717 1191 747 1250 in
770 1189 863 1253 ullurn
891 1192 1056 1263 bominem,
1079 1195 1108 1253 in
1129 1193 1309 1272 principem,
1335 1181 1365 1253 ln
1387 1194 1582 1260 Germanum,
1611 1194 1638 1252 in

360 1293 555 1358 Christianum
570 1292 677 1354 radere
691 1294 825 1372 putaret?
839 1300 890 1356 aut
904 1293 1009 1373 quibus
1027 1312 1077 1356 ros
1092 1293 1214 1358 testibus
1229 1288 1316 1356 iidem
1330 1293 1488 1360 haberetis,
1507 1295 1560 1356 nisi
1578 1295 1638 1374 ipse

291 1404 350 1456 §.st
361 1395 522 1458 fateretur?
540 1395 601 1456 Etsi
617 1395 695 1456 enim
711 1400 813 1478 notum
829 1395 929 1458 multis
943 1397 998 1459 luit
1012 1395 1120 1459 malum
1136 1414 1200 1460 esse
1219 1397 1319 1468 istum,
1334 1395 1423 1458 talem
1439 1402 1536 1456 tamen
1553 1413 1638 1456 nemo

357 1497 577 1578 suspicabatur;
601 1498 692 1558 immo
714 1515 779 1576 quae
802 1496 869 1560 lecit
891 1516 977 1562 nemo
993 1497 1152 1576 cogitabat:
1175 1499 1233 1560 iam
1248 1501 1314 1577 quis
1331 1497 1375 1560 uei
1393 1499 1493 1563 latenti
1509 1497 1564 1576 ipsi
1583 1496 1669 1556 bocco

361 1600 444 1662 usias
465 1598 651 1670 credidisset,
674 1600 729 1661 uisi
749 1598 779 1661 bi
798 1601 989 1677 contigissent
1008 1619 1085 1681 pene
1106 1599 1303 1680 spectatores?
1323 1617 1378 1679 per
1398 1601 1541 1662 insaniam
1560 1617 1639 1660 men·

292 1703 410 1762 §.u-tiri
432 1702 468 1764 de
489 1721 521 1762 se
543 1699 726 1782 incredibilia
746 1709 895 1780 putassent
915 1685 1027 1764 omnes.
1063 1701 1147 1774 Quod
1168 1721 1226 1781 quo
1249 1703 1341 1780 magis
1361 1708 1468 1782 preter
1492 1700 1638 1762 bominum

359 1805 445 1866 iidem
471 1810 528 1872 cst,
556 1802 613 1864 boc
641 1803 745 1864 maiori
768 1803 824 1864 istc
852 1802 930 1866 malo
950 1805 992 1866 sic
1019 1810 1237 1884 comportare,
1266 1802 1309 1866 sio
1331 1803 1485 1866 manifesto
1513 1803 1640 1864 facinore
1729 1837 1730 1880 q

359 1903 527 1969 multandus
548 1913 607 1974 est;
627 1922 725 1984 *eoque
748 1903 863 1984 longius
885 1923 902 1965 a
924 1907 1005 1968 venia
1031 1925 1066 1968 ae
1094 1906 1280 1968 miseratione
1303 1923 1367 1970 esse
1394 1904 1497 1972 debet,
1527 1903 1639 1984 quoad

361 2007 462 2070 ultima
484 2006 617 2086 exempla
639 2008 762 2088 propius
783 2007 919 2078 accessit;
945 2025 1034 2086 quem
1054 2026 1150 2090 neque
1171 2007 1290 2072 sceleris
1314 2009 1449 2088 poenitet,
1479 2025 1576 2086 neque
1595 2021 1671 2068 reu

292 2111 439 2172 §.a-caiam
463 2117 541 2180 orat,
566 2117 595 2170 et
616 2110 674 2170 vim
694 2115 787 2189 parat.
830 2110 907 2188 finge
930 2117 1027 2174 autem
1049 2093 1207 2190 poelritcre,
1231 2111 1335 2172 etrite
1356 2127 1443 2176 orare
1463 2110 1592 2178 veniam,
1614 2115 1641 2170 et
1729 2163 1730 2172 ,

359 2213 421 2274 sine
443 2213 532 2273 armis
555 2229 633 2282 esse,
655 2209 766 2289 aliquid
786 2219 831 2272 est
855 2227 972 2284 eorum,
1000 2211 1077 2274 unde
1097 2211 1279 2294 supplicibus
1301 2213 1361 2274 reis
1380 2209 1571 2274 absolutionis
1591 2210 1640 2272 be·
1729 2253 1730 2268 ,

358 2315 493 2376 neilcium
516 2315 643 2392 irrogari
665 2312 756 2375 soleti
775 2311 837 2374 brec
856 2319 944 2393 puto,
966 2313 1044 2394 quod
1062 2322 1112 2376 aut
1127 2314 1248 2376 fortuito
1263 2313 1438 2376 maleficium
1453 2315 1640 2382 commiserit,

359 2411 410 2480 au't
430 2417 524 2480 subita
545 2415 697 2479 iracundia
720 2417 849 2495 percitus
871 2417 1068 2494 commiscqit,
1090 2424 1141 2478 aut
1164 2435 1197 2478 ea
1218 2417 1277 2478 sint
1298 2415 1363 2478 eius
1380 2421 1447 2478 ante
1462 2414 1640 2490 benemerita
1729 2459 1730 2468 ι

359 2536 425 2598 quae
446 2537 513 2580 cum
533 2517 579 2578 bis
600 2515 712 2584 delictis
733 2519 899 2596 comparari
910 2526 1024 2598 queant
1047 2535 1170 2599 quaeque
1193 2517 1366 2580 delictorum
1389 2516 1498 2598 aliquid
1524 2516 1670 2580 cluentia

359 2621 396 2682 Et
417 2638 506 2699 quam
528 2617 660 2680 consulto
683 2619 801 2699 quidem
828 2637 863 2681 ac
884 2620 1085 2699 premeditato
1108 2626 1137 2681 et
1161 2639 1196 2682 ex
1225 2616 1374 2682 industria¹
1397 2619 1553 2689 occiderit,
1582 2636 1640 2680 non
1729 2621 1730 2662 i

360 2728 428 2800 eget
449 2721 633 2789 ostensione
663 2719 740 2799 quod
763 2739 832 2782 vcro
852 2739 982 2808 unquam
1005 2721 1221 2794 benefecerit,
1251 2740 1348 2802 neque
1373 2722 1436 2801 ipse
1461 2739 1639 2784 commemo·

293 2831 422 2885 sorau
444 2822 519 2885 mala
542 2841 597 2903 ego
619 2824 742 2902 exposui
762 2821 890 2903 plurima
913 2831 941 2886 ct
962 2841 1028 2904 quae
1048 2825 1112 2886 sine
1132 2823 1267 2908 exemplo
1287 2825 1357 2887 lecit
1378 2825 1441 2886 iste.
1473 2822 1566 2894 Quam
1586 2821 1639 2884 sibi

360 2927 439 2988 eninr
460 2925 726 2994 obtenderetur,
751 2908 1031 3006 quamereetaspe
1057 2945 1090 2988 ac
1118 2927 1308 2995 conlidentia,
1337 2927 1362 2986 si
1389 2926 1425 2988 ad
1453 2925 1530 2989 illam
1558 2943 1638 2998 suam

359 3028 530 3108 pravitatem
553 3025 670 3106 aliquod
690 3025 727 3088 ab
746 3011 865 3106 antiquo
888 3035 1110 3092 monumentum
1137 3035 1272 3109 repetere
1301 3029 1416 3109 posset?
1442 3013 1669 3100 Quamobr'emas

359 3131 452 3194 miror
471 3129 608 3210 equidem
628 3131 653 3190 si
672 3136 773 3209 sperat
794 3131 921 3199 reniam,
947 3131 1039 3208 magis
1061 3137 1159 3192 autem
1181 3132 1274 3192 miror
1292 3130 1371 3208 qued
1394 3148 1462 3192 oum
1485 3135 1639 3210 conpetat

361 3237 391 3294 et
412 3230 493 3294 nullo
516 3230 554 3294 ad
572 3231 782 3309 penitudinem
805 3249 942 3310 regressu
963 3230 1123 3310 singidaria
1135 3250 1188 3294 sua
1204 3232 1334 3294 facinora
1350 3231 1537 3300 confiteatur,
1560 3249 1640 3294 mora
1726 3223 1729 3236 “

291 3341 459 3397 cacumen
486 3333 537 3396 ssat
558 3338 588 3396 et
608 3334 638 3394 in
665 3333 785 3396 terenda
813 3335 957 3396 sententia
985 3340 1159 3399 cunctentur
1184 3333 1303 3396 iudices.
1348 3333 1392 3396 dn
1418 3351 1477 3394 non
1505 3331 1571 3394 talis
1598 3339 1640 3395 est
1728 3331 1729 3334 ’

358 3436 428 3508 iste,
450 3437 566 3515 dequo
589 3425 787 3498 ninii-diditur·
810 3436 888 3514 quqd
911 3435 947 3498 dc
967 3434 1027 3501 ullo
1050 3453 1178 3516 unquam
1200 3436 1288 3498 buius
1310 3437 1436 3499 muccis
1457 3435 1578 3497 bomine
1599 3433 1638 3496 di·
1728 3443 1729 3510 g

359 3547 438 3600 ctum
459 3537 521 3602 esti
543 3538 627 3600 euius
648 3539 772 3603 erimina
793 3544 853 3600 tom
872 3543 941 3602 sunt
963 3537 1116 3600 manifesta
1141 3545 1170 3601 et
1191 3539 1221 3600 in
1243 3536 1336 3602 oeulis
1356 3529 1391 3600 a'c
1407 3536 1529 3600 auribus
1546 3537 1671 3598 homi-aa
1728 3593 1729 3618 ,

358 3657 443 3712 num,
476 3647 509 3702 ut
534 3637 710 3719 probatione
732 3658 791 3702 oon
813 3640 980 3720 indigeanta
1014 3645 1073 3702 tam
1095 3641 1188 3722 ipsius
1208 3642 1345 3720 propria,
1382 3646 1415 3701 ut
1443 3657 1510 3701 cum
1532 3637 1638 3700 nullius
1728 3639 1729 3643 ’

357 3741 546 3822 improbitate
566 3743 654 3803 mixta
671 3743 743 3810 sint:
764 3743 847 3804 cuins
862 3741 1011 3804 maleficiis
1029 3740 1142 3804 nullum
1159 3749 1218 3804 um
1238 3742 1379 3805 acerbum
1388 3736 1637 3821 est'supplicium,

357 3837 435 3923 'quod
457 3860 517 3904 non
539 3842 695 3912 debeatur,
722 3845 812 3904 immo
834 3844 911 3924 quod
934 3846 1004 3906 satis
1024 3845 1076 3914 sit:
1105 3853 1133 3905 et
1155 3844 1307 3922 quisqam
1330 3842 1446 3924 culpam
1472 3861 1569 3922 neque
1591 3841 1637 3902 de-

288 3947 452 4006 turbare
477 3945 506 4004 in
526 3942 614 4008 alium
634 3951 746 4036 potest,
769 3963 866 4024 neque
888 3963 955 4008 oum
984 3944 1041 4008 alio
1068 3963 1254 4008 communem
1276 3945 1373 4008 babet.
1416 3943 1576 4024 Ouodego
1599 3945 1638 4004 sie

356 4047 505 4114 existimo,
533 4045 686 4118 Germani,
716 4064 767 4109 eos
794 4050 845 4128 qui
871 4049 993 4129 pessimi
1019 4050 1162 4128 cuiusque
1188 4050 1274 4112 citam
1302 4065 1337 4110 ae
1361 4064 1459 4112 mores
1486 4045 1634 4108 literarum
1645 4065 1667 4104 aa

355 4148 551 4210 monumentis
571 4155 800 4228 perpetuaruot,
823 4150 889 4212 odio
911 4149 955 4230 (ut
972 4169 1027 4231 par
1044 4151 1115 4230 erat)
1138 4149 1283 4212 scelerum
1306 4150 1335 4212 id
1350 4147 1508 4218 studuisse,
1525 4166 1586 4228 quo
1603 4165 1635 4206 ne

355 4248 464 4329 aliquid
486 4250 673 4314 mexeussum
692 4249 910 4336 relinquerent,
937 4251 975 4314 ob
997 4252 1087 4332 idque
1106 4269 1154 4313 res
1174 4251 1272 4314 uerbis
1291 4253 1424 4320 auxisse,
1447 4268 1482 4312 ac
1509 4267 1589 4330 saepe
1608 4249 1635 4310 in

353 4351 590 4430 minimoaliquo
609 4353 780 4431 uaqoeoiam
797 4355 940 4425 movisse,
957 4369 1060 4416 ornnes
1077 4352 1201 4432 angulos
1220 4354 1449 4433 pervestigasse,
1468 4352 1504 4414 ad
1522 4367 1635 4414 omnem

354 4481 555 4498 ...ιι-ι*-
564 4495 566 4500 ,

419 4571 430 4605 ⁴
448 4578 504 4622 tum
522 4574 591 4634 omia.
606 4577 629 4622 1.
649 4574 736 4624 addid.
750 4581 786 4624 ii„
814 4572 836 4607 ⁹⁰
854 4591 968 4641 quaeque
1024 4573 1119 4625 eluant
1136 4577 1206 4626 omia.
1221 4577 1243 4624 l.
1263 4575 1350 4624 addid.
1363 4577 1393 4624 n.
1427 4570 1450 4605 ¹³
1469 4589 1521 4639 eqo
1534 4575 1594 4624 add.
1608 4577 1633 4622 n.

351 4655 374 4692 ²⁴
391 4673 426 4709 so
444 4661 468 4708 1.
498 4663 526 4708 et
543 4661 572 4710 H,
603 4659 671 4710 Ante
689 4659 713 4708 si
731 4663 828 4727 ailquid
844 4663 955 4714 additum
973 4675 1031 4714 ease¹
1053 4659 1084 4710 ad
1102 4663 1131 4708 ΙΙ.
1151 4661 1199 4709 sed
1219 4673 1247 4708 ss
1270 4665 1356 4724 tepere
1378 4661 1488 4708 nescisse
1507 4661 1593 4710 adnot.
1613 4661 1635 4707 2.

350 4741 373 4804 'l
390 4749 516 4810 speraret
533 4747 561 4795 tt.
580 4745 695 4858 mirgror
712 4749 740 4796 11.
