3468 5512
331 383 405 455 494
425 413 547 450 urrrrur
557 413 592 448 or
602 415 717 450 eversor
725 413 823 450 rrrorc.
834 415 869 448 rr
880 413 972 450 uorrro
983 414 1064 450 cruc.
1073 413 1130 448 cru.
1141 413 1192 450 rrrr
1201 411 1332 450 nurum
1343 413 1461 452 urrsrr.
1470 416 1611 452 curam.

262 613 265 623 .
330 577 428 630 autem
450 577 521 630 tunc
543 571 687 649 primurn,
712 587 778 630 cum
802 587 837 628 ex
860 567 1006 647 praedictis
1027 576 1157 630 mutetur
1172 567 1299 648 eliquid'.
1344 571 1474 632 lirndrm
1491 579 1520 634 et
1534 575 1611 652 quio·

330 682 388 734 tem
412 673 438 733 ei
459 671 595 733 membro
617 670 696 750 quod
718 673 834 732 sanitati
862 689 958 750 nuper
985 673 1153 732 restitutum
1180 673 1224 732 sir
1244 680 1380 734 monent:
1408 676 1506 754 itaque
1533 675 1612 754 pedis

331 775 493 836 remedium
521 775 605 853 quies
633 771 693 843 est,
720 775 815 851 inquit
838 773 1039 852 Hippocrates.
1083 774 1162 835 unde
1184 773 1351 836 Alexander
1378 775 1506 855 colligit,
1536 778 1610 856 quod

330 882 464 938 crustum
487 877 593 937 iterum
617 882 675 944 est,
698 877 850 954 quiescere
873 883 1025 955 oportere:
1050 875 1155 936 ‘llotus
1177 876 1264 959 enim'
1286 879 1327 938 ait
1349 879 1536 940 ‘conllurium
1558 881 1612 956 rqit

262 979 460 1044 §.comatoria
489 995 693 1058 supervacue,
722 995 787 1055 quae
809 980 937 1040 excitare
965 985 1061 1057 polest
1088 978 1365 1040 inflammationem.
1412 981 1562 1061 'Equitare
1588 982 1632 1041 eis

331 1081 378 1142 cui
399 1095 495 1158 genua
523 1079 639 1150 dolent,
669 1080 920 1151 inimicissimum,
948 1079 1050 1142 felsus
1076 1082 1125 1141 ait.
1170 1080 1251 1142 ldcrn
1275 1079 1422 1161 ‘Equitare
1449 1082 1613 1162 podagricis

262 1201 448 1262 §.anquoque
470 1181 606 1243 alienum’
629 1183 781 1242 eristiuret.
827 1180 904 1242 Voce
927 1181 1105 1243 exercebant
1126 1200 1158 1242 se
1179 1189 1294 1244 veteres
1316 1185 1419 1255 eduru,
1446 1187 1508 1244 sire
1530 1203 1611 1245 rane-

329 1291 412 1345 retur
434 1283 556 1363 aliquid,
580 1285 641 1345 sive
663 1283 771 1345 clarius
793 1282 951 1362 legeretur.
996 1284 1060 1344 Dixi
1082 1282 1180 1344 obiter·
1200 1292 1393 1346 tractaturum
1416 1285 1479 1346 hmo
1501 1305 1564 1355 ure,
1585 1296 1612 1347 et

329 1385 408 1447 nulla
431 1403 536 1465 magna
560 1403 640 1455 cura,
663 1388 715 1447 sed
738 1393 770 1446 ut
792 1386 931 1464 qnodque
946 1387 1080 1463 inprimis
1094 1387 1207 1447 monitu
1223 1387 1345 1464 dignum
1359 1387 1512 1458 incideret,
1535 1387 1612 1450 uallo

330 1489 415 1550 etiem
438 1489 555 1550 ordine:
580 1504 668 1548 nemo
689 1489 822 1566 requirat
843 1487 891 1548 lric
913 1485 1022 1567 aliquid
1046 1489 1149 1566 igitur:
1178 1491 1203 1548 si
1225 1507 1405 1568 cognoscere
1429 1489 1504 1560 velit
1528 1491 1641 1550 dcomo

262 1609 405 1670 §.requos
426 1591 504 1670 apud
527 1591 667 1652 authores
689 1579 754 1669 que
776 1590 899 1650 inveniri
920 1592 1041 1668 possint.
1086 1591 1180 1670 Atque
1207 1577 1284 1652 r'rliud
1308 1609 1377 1653 ecoe
1398 1591 1478 1653 subit
1498 1593 1611 1663 iterum,

328 1701 445 1772 oportet
467 1693 545 1772 eninr
567 1693 619 1771 qui
640 1694 717 1752 tueri
740 1693 874 1770 corporis
896 1693 1048 1754 sanitatem
1070 1691 1153 1761 velit.
1177 1691 1235 1753 duo
1258 1695 1385 1754 maxime
1407 1711 1515 1756 curare
1529 1695 1612 1756 Gale·

222 1826 224 1833 ·
328 1811 385 1856 nus
407 1794 491 1865 dicit,
520 1813 612 1855 unum
642 1794 725 1855 cibus
747 1794 923 1856 conveniens
944 1802 977 1854 ut
999 1796 1049 1862 sit,
1066 1785 1206 1855 ¹ultorum
1229 1795 1428 1862 munditlorlio
1450 1795 1492 1856 illi
1512 1803 1546 1858 ut
1566 1813 1612 1856 sr-

327 1899 480 1976 perveniat
500 1913 603 1959 eorum
626 1915 692 1976 quae
714 1895 863 1976 superllua
886 1915 921 1958 er
950 1894 1017 1956 cibo
1045 1895 1261 1976 relinquuntur.
1305 1895 1417 1958 Paulus
1436 1899 1531 1978 inquit
1552 1897 1612 1958 ‘Ve-

328 2006 408 2062 teres
441 2001 510 2060 seris
536 1999 679 2078 pariebant
708 1999 744 2060 ad
773 1997 880 2060 bonam
909 1996 1102 2059 valetudinem
1130 1998 1286 2068 tuendam,
1314 2001 1338 2060 si
1366 1999 1473 2061 cotidie
1502 2007 1531 2062 et
1558 1999 1639 2060 alrio

241 2105 246 2113 '
329 2120 419 2164 onore
442 2108 471 2162 et
492 2103 576 2162 urina
599 2101 753 2162 commode
776 2119 811 2161 ac
832 2101 894 2160 sine
916 2099 1148 2179 reprehensione
1170 2117 1225 2178 pro
1248 2098 1454 2163 alimentorum
1469 2111 1611 2182 potusque

260 2219 318 2268 tu.
328 2206 465 2284 portione
496 2202 712 2266 delinerentur.
758 2201 800 2264 lle
832 2219 939 2262 uenere
971 2200 1043 2262 nilril
1076 2203 1223 2264 monendo
1257 2205 1446 2282 pretermisit
1474 2202 1609 2272 Galenus,

326 2305 463 2368 omnibus
486 2325 550 2368 eom
573 2307 622 2384 qui
644 2307 722 2366 sicco
745 2309 979 2383 temperamento
1001 2309 1068 2364 sunt
1090 2305 1240 2365 inimicam
1256 2304 1405 2375 scribens,
1430 2307 1608 2385 potissimum

326 2409 372 2470 iris
394 2410 445 2486 qul
466 2408 562 2468 rdlruc
585 2407 690 2486 frigido
720 2408 822 2468 etiem
855 2406 937 2466 ‘Nem
965 2406 1091 2466 innoxia’
1114 2407 1209 2485 inquit
1230 2416 1332 2470 ‘venus
1354 2407 1402 2468 his
1424 2415 1537 2468 uatum
1558 2415 1606 2474 cst

326 2513 376 2590 qui
398 2509 482 2571 calidi
504 2517 573 2571 sunt
595 2527 629 2570 ac
651 2509 789 2578 humidi,v
807 2515 836 2568 et
859 2509 907 2588 qui
929 2490 1063 2592 genitura
1086 2507 1254 2570 absurdunt.
1299 2507 1335 2569 lit
1356 2511 1466 2570 iterum
1489 2508 1634 2580 ‘Ouibuss

326 2611 480 2691 inculpata’
504 2613 598 2690 inquit
619 2613 765 2690 ‘corporis
780 2611 947 2671 constitutio
970 2617 1030 2680 est,
1053 2629 1117 2671 non
1136 2609 1247 2671 debent
1269 2612 1299 2672 hi
1321 2631 1337 2672 a
1359 2629 1469 2672 venere
1491 2611 1604 2671 omnino

325 2715 491 2784 abstinere,
515 2713 761 2794 quemadmodum
783 2713 882 2790 frigidi
905 2718 933 2772 et
954 2711 1041 2773 sicci'.
1078 2713 1151 2774 ltem
1166 2711 1274 2774 Peulus
1297 2711 1487 2774 mouentum
1508 2715 1602 2772 siccio-

325 2835 374 2877 res
395 2835 498 2892 omnes
519 2815 605 2885 ledit,
627 2815 753 2876 maxime
775 2816 799 2874 sl
821 2811 946 2874 ariditati
967 2813 1061 2890 trigas
1083 2831 1201 2894 quoque
1228 2817 1383 2894 iungatur:
1411 2815 1512 2876 calidis
1540 2833 1602 2874 vero

326 2927 356 2979 et
377 2918 505 2988 humidis
527 2918 667 2978 duntaxat
689 2924 768 2978 tutus
790 2917 859 2984 est';
890 2917 936 2977 ‘Ut
957 2915 1084 2978 laborcs’
1106 2915 1215 2978 Paulus
1237 2917 1357 2996 inquit,·
1374 2919 1427 2978 ‘sic
1449 2926 1480 2979 et
1501 2935 1600 2978 concu-

258 3019 406 3084 r.u.lsitus
426 3021 453 3082 sl
474 3019 580 3081 modus
600 3027 749 3088 serretur,
779 3017 857 3078 utilis
880 3017 941 3080 est'.
978 3018 1049 3088 ,Hoc
1071 3017 1180 3079 debent
1206 3019 1374 3100 meminisse
1401 3037 1518 3090 omues,
1547 3020 1629 3078 coi-e

277 3119 280 3125 “
326 3132 386 3182 torn
409 3128 530 3201 propter
552 3139 658 3183 neruos
680 3122 850 3198 fugiendum
874 3139 979 3198 magna
1002 3138 1071 3180 cura
1094 3120 1140 3180 luis
1162 3122 1211 3200 qui
1233 3117 1344 3183 Gallico
1367 3119 1473 3182 morbo
1495 3119 1600 3180 labora·

255 3396 417 3460 §sustinent
435 3397 471 3462 lot
489 3405 547 3448 mon
564 3385 618 3448 sitm
637 3391 707 3460 talen
723 3394 762 3447 trit
779 3395 826 3459 trit
843 3395 928 3458 stiunt
948 3397 1023 3446 morti
1042 3393 1112 3459 [rint.
1148 3393 1219 3448 Uror
1235 3398 1273 3447 tir
1291 3394 1342 3458 iro
1356 3394 1446 3451 litandi
1458 3399 1534 3447 morri
1545 3393 1601 3455 [riri

256 3490 362 3540 §.umet
379 3482 414 3542 iol
433 3482 471 3534 nit
490 3481 577 3546 mitti,
601 3483 657 3545 ooo
677 3481 717 3532 aie
737 3486 782 3532 ror
798 3485 903 3544 perraro
921 3483 981 3544 pom
998 3486 1047 3532 ono
1063 3486 1108 3532 mr
1131 3493 1186 3544 roos
1211 3493 1268 3532 uon
1292 3477 1337 3542 bois
1359 3479 1417 3532 otu
1434 3477 1503 3541 sinti
1521 3479 1561 3542 ier
1575 3479 1601 3526 ri

256 3577 313 3627 nra.
324 3567 439 3632 [proisi
455 3563 479 3617 ι’
496 3576 609 3632 osunen.
632 3561 666 3620 or'r
688 3565 758 3630 icero
780 3567 832 3629 rod)
849 3565 881 3618 rit
898 3564 1035 3628 ormeiniiq
1051 3572 1077 3629 rs
1095 3577 1153 3618 nott
1171 3565 1215 3636 [iq
1233 3565 1260 3618 in
1279 3561 1336 3628 clim
1353 3555 1388 3616 νῐι
1402 3562 1511 3616 minden
1528 3559 1602 3624 netu

322 3704 438 3716 ...r-n...—
457 3705 524 3712 -——·

388 3805 399 3838 ³
416 3803 561 3872 Hippocr]
575 3805 674 3871 Aphor.
689 3803 724 3853 11.
738 3801 779 3852 48.
796 3793 844 3854 Ἐν
862 3793 938 3869 πάσῃ
955 3793 1065 3868 κινήσει
1083 3799 1133 3854 τοῦ
1150 3794 1277 3869 σώματος
1294 3791 1401 3853 ὁκόταν
1418 3790 1539 3866 ἄρχηται
1557 3814 1602 3849 rrr-

322 3886 411 3950 νέειν,
430 3883 462 3942 τὸ
481 3882 674 3943 διαναπαύειν
693 3881 781 3946 εὐθὺς
804 3877 923 3938 ἄκοιτον.
946 3887 1024 3952 Apud
1043 3888 1118 3938 Alex.
1138 3887 1221 3952 Aphr.
1241 3887 1258 3936 l.
1273 3903 1296 3936 e.
1311 3890 1354 3940 esi
1375 3879 1463 3947 ‚etus
1484 3878 1540 3950 γὰρ
1553 3875 1604 3934 ‘lr-

320 3968 464 4044 rr'orrpoe'rqc
482 3967 519 4036 ὡς
538 3967 637 4034 *ποδὸς
655 3967 725 4032 ἄκος
742 3965 902 4037 ἅπινησίη”.
955 3969 1120 4036 Alexander]
1134 3971 1151 4024 l.
1165 3987 1188 4022 e.
1202 3987 1228 4036 p.
1241 3970 1311 4020 271¹.
1324 3971 1359 4020 Π.
1372 3967 1415 4020 to.
1428 3969 1492 4032 (111.
1506 3970 1529 4018 l.
1543 3985 1567 4034 p.
1580 3965 1603 4015 ilc

321 4061 378 4126 Ue,
397 4060 455 4112 292.
469 4059 561 4119 Burs.)
580 4058 767 4123 „Cur-moero
784 4057 919 4122 pulmonis
938 4057 1027 4106 cirreri
1046 4071 1098 4107 non
1118 4061 1227 4124 queant.
1247 4055 1310 4120 quic
1328 4053 1399 4119 quod
1418 4059 1542 4104 curetum
1555 4053 1605 4101 its·

320 4159 379 4194 rnna
403 4149 458 4208 est,
483 4147 627 4210 quiescere
645 4143 736 4194 debet.
757 4139 813 4206 [sio]
837 4141 909 4191 unde
932 4141 999 4191 illud
1023 4141 1202 4207 Hippocratis
1225 4139 1324 4191 medici
1348 4139 1435 4204 ‘pedis
1459 4137 1604 4188 remedium

321 4231 399 4295 quies
418 4237 460 4281 est
479 4230 528 4281 ...'’
550 4233 639 4281 ornes
659 4218 702 4282 ὅτι
720 4225 779 4278 πᾶν
798 4218 830 4277 τὸ
849 4217 987 4292 δεόμενον
1005 4218 1106 4286 ἰάσεως
1123 4218 1243 4294 ἠρεμίας
1262 4223 1364 4276 δεῖται.
1420 4221 1604 4273 temserun-

320 4321 379 4365 ernt
403 4313 473 4380 quod
497 4315 646 4366 curandum
670 4318 724 4374 ert,
749 4311 891 4376 quiescere
910 4325 935 4360 o.
1004 4313 1095 4362 Motus
1120 4309 1175 4376 ou.]
1202 4301 1239 4377 ,,ἡ
1262 4301 1315 4376 γὰρ
1337 4307 1449 4374 κίνησις
1469 4299 1605 4372 σύρροιαν

320 4403 403 4452 ποιεῖ
421 4397 516 4466 χυμῶν
536 4397 686 4463 περιττῶν,
710 4383 787 4450 οὗτοι
811 4389 843 4448 dl
867 4386 1054 4464 φλεγμοναὶςῆ
1124 4388 1445 4460 ⁸0e1e.]rled;1v.tti.
1515 4383 1601 4454 ldeur]

321 4484 422 4534 ivel.
495 4483 660 4549 ⁰imprimis
678 4487 702 4534 8.
765 4481 784 4514 ¹¹
811 4485 921 4531 sutores
941 4484 981 4530 10.
1045 4479 1096 4514 ¹²¹⁸
1118 4477 1228 4544 Galen]
1253 4478 1286 4528 de
1310 4479 1392 4527 seuit
1416 4474 1519 4526 mend·
1536 4475 1558 4524 l.
1576 4471 1600 4521 r.

320 4567 341 4602 ¹⁴
361 4563 450 4632 Paul]
472 4567 549 4616 tta.
590 4565 611 4600 ¹⁵
630 4566 751 4630 qnotidie
772 4570 812 4616 10.
857 4565 878 4599 ¹⁸
895 4570 975 4632 potus
995 4569 1095 4631 qumi.
1142 4565 1164 4598 ¹²
1181 4563 1373 4632 praetermissit
1385 4567 1409 4612 1.
1425 4559 1599 4625 ptemirritt.

322 4652 453 4704 mouendo
472 4651 660 4717 pretermissit
673 4655 698 4700 3.
769 4649 878 4716 [lolem]
900 4651 933 4700 de
953 4637 1012 4702 sen.
1026 4651 1129 4700 tuende
1142 4651 1190 4700 Vl.
1202 4650 1227 4699 4.
1290 4648 1313 4682 ¹⁰
1330 4643 1439 4711 iterum}
1453 4644 1546 4696 (lolem
1564 4641 1597 4689 de

319 4736 597 4788 sun.tuendel⁷1.7.
648 4734 670 4767 ²²
687 4735 777 4801 Paul]
797 4734 873 4785 1.7t.
925 4733 947 4768 ²³
964 4733 1095 4786 ariditate
1114 4737 1215 4784 1...4.6.
1267 4729 1289 4766 ²⁴
1306 4729 1397 4798 Paul]
1416 4729 1490 4782 rsa.
