<?xml version="1.0" encoding="UTF-8"?>
<!DOCTYPE html PUBLIC "-//W3C//DTD XHTML 1.0 Transitional//EN"
    "http://www.w3.org/TR/xhtml1/DTD/xhtml1-transitional.dtd">
<html xmlns="http://www.w3.org/1999/xhtml" xml:lang="en" lang="en">
 <head>
  <title>
</title>
<meta http-equiv="Content-Type" content="text/html;charset=utf-8" />
  <meta name='ocr-system' content='tesseract 3.04.00' />
  <meta name='ocr-capabilities' content='ocr_page ocr_carea ocr_par ocr_line ocrx_word'/>
</head>
<body>
  <div class='ocr_page' id='page_1' title='image "./ulrichihuttenie12huttgoog_0292.png"; bbox 0 0 3434 5512; ppageno 0'>
   <div class='ocr_carea' id='block_1_1' title="bbox 225 397 1444 468">
    <p class='ocr_par' dir='ltr' id='par_1_1' title="bbox 225 397 1444 468">
     <span class='ocr_line' id='line_1_1' title="bbox 225 397 1444 468; baseline 0.005 -7"><span class='ocrx_word' id='word_1_1' title='bbox 225 427 360 462; x_wconf 67' lang='lat' dir='ltr'><strong>utentum</strong></span> <span class='ocrx_word' id='word_1_2' title='bbox 374 426 550 462; x_wconf 70' lang='lat' dir='ltr'><strong>EAB&#39;EEOLIM</strong></span> <span class='ocrx_word' id='word_1_3' title='bbox 563 427 597 462; x_wconf 72' lang='lat' dir='ltr'><strong>D!</strong></span> <span class='ocrx_word' id='word_1_4' title='bbox 611 426 759 464; x_wconf 65' lang='lat' dir='ltr'><strong>GOHVHTV</strong></span> <span class='ocrx_word' id='word_1_5' title='bbox 771 425 946 463; x_wconf 64' lang='lat' dir='ltr'><strong>AVGVSTEMI</strong></span> <span class='ocrx_word' id='word_1_6' title='bbox 960 425 1135 462; x_wconf 68' lang='grc' dir='ltr'><strong>ΒΙΒΟΜΡἩΟ.</strong></span> <span class='ocrx_word' id='word_1_7' title='bbox 1148 425 1175 462; x_wconf 69' lang='grc' dir='ltr'><strong>Δ·</strong></span> <span class='ocrx_word' id='word_1_8' title='bbox 1188 419 1247 462; x_wconf 71' lang='lat' dir='ltr'><strong>lblb.</strong></span> <span class='ocrx_word' id='word_1_9' title='bbox 1306 397 1374 468; x_wconf 65' lang='lat'><strong>27¹</strong></span> <span class='ocrx_word' id='word_1_10' title='bbox 1441 449 1444 454; x_wconf 91' lang='lat'>·</span> 
     </span>
    </p>
   </div>
   <div class='ocr_carea' id='block_1_2' title="bbox 38 583 1449 4054">
    <p class='ocr_par' dir='ltr' id='par_1_2' title="bbox 38 583 1449 4054">
     <span class='ocr_line' id='line_1_2' title="bbox 105 583 1382 660; baseline -0.002 -18"><span class='ocrx_word' id='word_1_11' title='bbox 105 584 266 646; x_wconf 87' lang='lat' dir='ltr'><strong>oriebantur.</strong></span> <span class='ocrx_word' id='word_1_12' title='bbox 290 585 392 642; x_wconf 84' lang='lat' dir='ltr'><strong>trustra</strong></span> <span class='ocrx_word' id='word_1_13' title='bbox 415 594 522 660; x_wconf 87' lang='lat' dir='ltr'><strong>tempus</strong></span> <span class='ocrx_word' id='word_1_14' title='bbox 543 601 604 641; x_wconf 87' lang='lat' dir='ltr'><strong>curn</strong></span> <span class='ocrx_word' id='word_1_15' title='bbox 626 585 742 642; x_wconf 87' lang='lat' dir='ltr'><strong>maximo</strong></span> <span class='ocrx_word' id='word_1_16' title='bbox 764 583 914 642; x_wconf 71' lang='lat' dir='ltr'><strong>Germanici</strong></span> <span class='ocrx_word' id='word_1_17' title='bbox 937 584 1040 658; x_wconf 76' lang='lat' dir='ltr'><strong>fastigii</strong></span> <span class='ocrx_word' id='word_1_18' title='bbox 1062 583 1193 642; x_wconf 75' lang='lat' dir='ltr'>dedecore</span> <span class='ocrx_word' id='word_1_19' title='bbox 1216 585 1338 660; x_wconf 75' lang='lat' dir='ltr'><strong>transigi,</strong></span> <span class='ocrx_word' id='word_1_20' title='bbox 1353 591 1382 642; x_wconf 91' lang='lat' dir='ltr'><strong>et</strong></span> 
     </span>
     <span class='ocr_line' id='line_1_3' title="bbox 106 667 1380 744; baseline 0 -18"><span class='ocrx_word' id='word_1_21' title='bbox 106 679 255 744; x_wconf 88' lang='lat' dir='ltr'><strong>propterea,</strong></span> <span class='ocrx_word' id='word_1_22' title='bbox 285 670 491 726; x_wconf 86' lang='lat' dir='ltr'><strong>uelamentum</strong></span> <span class='ocrx_word' id='word_1_23' title='bbox 513 667 646 726; x_wconf 89' lang='lat' dir='ltr'><strong>malorum</strong></span> <span class='ocrx_word' id='word_1_24' title='bbox 675 671 794 728; x_wconf 89' lang='lat' dir='ltr'><strong>omnium</strong></span> <span class='ocrx_word' id='word_1_25' title='bbox 823 668 938 727; x_wconf 88' lang='lat' dir='ltr'><strong>ulterius</strong></span> <span class='ocrx_word' id='word_1_26' title='bbox 968 668 1102 732; x_wconf 84' lang='lat' dir='ltr'><strong>aleretur.</strong></span> <span class='ocrx_word' id='word_1_27' title='bbox 1129 670 1259 744; x_wconf 89' lang='lat' dir='ltr'><strong>pietatem</strong></span> <span class='ocrx_word' id='word_1_28' title='bbox 1288 671 1380 742; x_wconf 89' lang='lat' dir='ltr'><strong>potius</strong></span> 
     </span>
     <span class='ocr_line' id='line_1_4' title="bbox 104 749 1380 829; baseline -0.001 -18"><span class='ocrx_word' id='word_1_29' title='bbox 104 753 263 828; x_wconf 75' lang='lat' dir='ltr'><strong>gloriamque</strong></span> <span class='ocrx_word' id='word_1_30' title='bbox 285 773 316 812; x_wconf 88' lang='lat' dir='ltr'><strong>ae</strong></span> <span class='ocrx_word' id='word_1_31' title='bbox 339 762 493 829; x_wconf 88' lang='lat' dir='ltr'><strong>temporum</strong></span> <span class='ocrx_word' id='word_1_32' title='bbox 514 755 703 812; x_wconf 88' lang='lat' dir='ltr'><strong>necessitatem</strong></span> <span class='ocrx_word' id='word_1_33' title='bbox 731 755 912 828; x_wconf 86' lang='lat' dir='ltr'><strong>respicerent.</strong></span> <span class='ocrx_word' id='word_1_34' title='bbox 941 771 978 812; x_wconf 82' lang='lat' dir='ltr'><strong>ne</strong></span> <span class='ocrx_word' id='word_1_35' title='bbox 1006 754 1033 811; x_wconf 89' lang='lat' dir='ltr'><strong>in</strong></span> <span class='ocrx_word' id='word_1_36' title='bbox 1062 771 1137 812; x_wconf 89' lang='lat' dir='ltr'><strong>suam</strong></span> <span class='ocrx_word' id='word_1_37' title='bbox 1162 749 1287 829; x_wconf 86' lang='lat' dir='ltr'><strong>ipsorum</strong></span> <span class='ocrx_word' id='word_1_38' title='bbox 1314 755 1380 810; x_wconf 84' lang='lat' dir='ltr'><strong>invi·</strong></span> 
     </span>
     <span class='ocr_line' id='line_1_5' title="bbox 103 837 1448 914; baseline 0 -20"><span class='ocrx_word' id='word_1_39' title='bbox 103 841 165 896; x_wconf 86' lang='lat' dir='ltr'><strong>diam</strong></span> <span class='ocrx_word' id='word_1_40' title='bbox 188 839 315 914; x_wconf 87' lang='lat' dir='ltr'><strong>quicquid</strong></span> <span class='ocrx_word' id='word_1_41' title='bbox 338 839 496 896; x_wconf 79' lang='lat' dir='ltr'><strong>Christianis</strong></span> <span class='ocrx_word' id='word_1_42' title='bbox 519 847 614 912; x_wconf 88' lang='lat' dir='ltr'><strong>postea</strong></span> <span class='ocrx_word' id='word_1_43' title='bbox 637 839 699 896; x_wconf 87' lang='lat' dir='ltr'><strong>mali</strong></span> <span class='ocrx_word' id='word_1_44' title='bbox 722 840 855 902; x_wconf 85' lang='lat' dir='ltr'><strong>evenerit,</strong></span> <span class='ocrx_word' id='word_1_45' title='bbox 886 839 1032 896; x_wconf 82' lang='lat' dir='ltr'><strong>reliciatur.</strong></span> <span class='ocrx_word' id='word_1_46' title='bbox 1076 839 1138 898; x_wconf 78' lang='lat' dir='ltr'><strong>llaec</strong></span> <span class='ocrx_word' id='word_1_47' title='bbox 1166 848 1194 896; x_wconf 91' lang='lat' dir='ltr'><strong>et</strong></span> <span class='ocrx_word' id='word_1_48' title='bbox 1223 837 1448 896; x_wconf 67' lang='lat' dir='ltr'><strong>mutuaretur.</strong></span> 
     </span>
     <span class='ocr_line' id='line_1_6' title="bbox 86 915 1381 999; baseline 0.005 -19"><span class='ocrx_word' id='word_1_49' title='bbox 86 941 159 980; x_wconf 80' lang='lat' dir='ltr'><strong>eccm</strong></span> <span class='ocrx_word' id='word_1_50' title='bbox 178 923 267 980; x_wconf 75' lang='lat' dir='ltr'><strong>Caesar</strong></span> <span class='ocrx_word' id='word_1_51' title='bbox 288 924 354 982; x_wconf 89' lang='lat' dir='ltr'><strong>satia</strong></span> <span class='ocrx_word' id='word_1_52' title='bbox 376 925 494 996; x_wconf 84' lang='lat' dir='ltr'><strong>graviter</strong></span> <span class='ocrx_word' id='word_1_53' title='bbox 515 931 544 980; x_wconf 88' lang='lat' dir='ltr'><strong>ut</strong></span> <span class='ocrx_word' id='word_1_54' title='bbox 566 924 704 998; x_wconf 75' lang='lat' dir='ltr'><strong>sapienter</strong></span> <span class='ocrx_word' id='word_1_55' title='bbox 725 925 930 999; x_wconf 85' lang='lat' dir='ltr'><strong>disputavisset.</strong></span> <span class='ocrx_word' id='word_1_56' title='bbox 954 923 1083 981; x_wconf 78' lang='lat' dir='ltr'><strong>Oratores</strong></span> <span class='ocrx_word' id='word_1_57' title='bbox 1106 924 1172 982; x_wconf 86' lang='lat' dir='ltr'><strong>inibi</strong></span> <span class='ocrx_word' id='word_1_58' title='bbox 1194 915 1202 985; x_wconf 91' lang='grc' dir='ltr'>Ι</span> <span class='ocrx_word' id='word_1_59' title='bbox 1224 917 1381 995; x_wconf 42' lang='grc' dir='ltr'><strong>,ᾖξ’ἳῗίῑςῖωψ</strong></span> 
     </span>
     <span class='ocr_line' id='line_1_7' title="bbox 103 1007 1382 1084; baseline -0.001 -20"><span class='ocrx_word' id='word_1_60' title='bbox 103 1007 226 1071; x_wconf 79' lang='lat' dir='ltr'><strong>Polonie.</strong></span> <span class='ocrx_word' id='word_1_61' title='bbox 251 1010 298 1084; x_wconf 90' lang='lat' dir='ltr'><strong>qui</strong></span> <span class='ocrx_word' id='word_1_62' title='bbox 319 1009 412 1083; x_wconf 87' lang='lat' dir='ltr'><strong>priore</strong></span> <span class='ocrx_word' id='word_1_63' title='bbox 433 1009 477 1065; x_wconf 91' lang='lat' dir='ltr'><strong>die</strong></span> <span class='ocrx_word' id='word_1_64' title='bbox 499 1008 585 1066; x_wconf 82' lang='lat' dir='ltr'><strong>arrdiri</strong></span> <span class='ocrx_word' id='word_1_65' title='bbox 608 1025 664 1066; x_wconf 92' lang='lat' dir='ltr'><strong>non</strong></span> <span class='ocrx_word' id='word_1_66' title='bbox 686 1016 849 1083; x_wconf 87' lang='lat' dir='ltr'><strong>potuerunt.</strong></span> <span class='ocrx_word' id='word_1_67' title='bbox 872 1009 899 1065; x_wconf 91' lang='lat' dir='ltr'><strong>in</strong></span> <span class='ocrx_word' id='word_1_68' title='bbox 923 1009 1015 1066; x_wconf 79' lang='lat' dir='ltr'><strong>eadent</strong></span> <span class='ocrx_word' id='word_1_69' title='bbox 1037 1009 1113 1067; x_wconf 87' lang='lat' dir='ltr'><strong>curia</strong></span> <span class='ocrx_word' id='word_1_70' title='bbox 1135 1009 1219 1066; x_wconf 88' lang='lat' dir='ltr'><strong>auditi</strong></span> <span class='ocrx_word' id='word_1_71' title='bbox 1243 1017 1315 1064; x_wconf 88' lang='lat' dir='ltr'><strong>suut.</strong></span> <span class='ocrx_word' id='word_1_72' title='bbox 1348 1008 1382 1064; x_wconf 88' lang='lat' dir='ltr'><strong>Et</strong></span> 
     </span>
     <span class='ocr_line' id='line_1_8' title="bbox 104 1093 1382 1169; baseline -0.002 -19"><span class='ocrx_word' id='word_1_73' title='bbox 104 1094 220 1166; x_wconf 88' lang='lat' dir='ltr'><strong>quoniam</strong></span> <span class='ocrx_word' id='word_1_74' title='bbox 243 1093 300 1150; x_wconf 83' lang='lat' dir='ltr'><strong>baec</strong></span> <span class='ocrx_word' id='word_1_75' title='bbox 322 1093 408 1167; x_wconf 86' lang='lat' dir='ltr'><strong>prima</strong></span> <span class='ocrx_word' id='word_1_76' title='bbox 423 1094 535 1150; x_wconf 68' lang='lat' dir='ltr'><strong>Caesaris</strong></span> <span class='ocrx_word' id='word_1_77' title='bbox 557 1111 588 1151; x_wconf 88' lang='lat' dir='ltr'><strong>ac</strong></span> <span class='ocrx_word' id='word_1_78' title='bbox 611 1094 871 1169; x_wconf 84' lang='lat' dir='ltr'><strong>principumscssio</strong></span> <span class='ocrx_word' id='word_1_79' title='bbox 893 1093 984 1150; x_wconf 85' lang='lat' dir='ltr'><strong>habita</strong></span> <span class='ocrx_word' id='word_1_80' title='bbox 1007 1103 1063 1156; x_wconf 88' lang='lat' dir='ltr'><strong>est,</strong></span> <span class='ocrx_word' id='word_1_81' title='bbox 1087 1109 1178 1169; x_wconf 84' lang='lat' dir='ltr'><strong>operae</strong></span> <span class='ocrx_word' id='word_1_82' title='bbox 1195 1094 1313 1169; x_wconf 85' lang='lat' dir='ltr'><strong>precium</strong></span> <span class='ocrx_word' id='word_1_83' title='bbox 1328 1093 1382 1150; x_wconf 89' lang='lat' dir='ltr'><strong>erit</strong></span> 
     </span>
     <span class='ocr_line' id='line_1_9' title="bbox 103 1171 1449 1259; baseline 0.001 -27"><span class='ocrx_word' id='word_1_84' title='bbox 103 1178 122 1232; x_wconf 91' lang='lat' dir='ltr'><strong>si</strong></span> <span class='ocrx_word' id='word_1_85' title='bbox 142 1178 173 1234; x_wconf 89' lang='lat' dir='ltr'><strong>de</strong></span> <span class='ocrx_word' id='word_1_86' title='bbox 194 1178 303 1236; x_wconf 89' lang='lat' dir='ltr'><strong>sedendi</strong></span> <span class='ocrx_word' id='word_1_87' title='bbox 326 1177 421 1236; x_wconf 87' lang='lat' dir='ltr'><strong>ordina</strong></span> <span class='ocrx_word' id='word_1_88' title='bbox 443 1177 543 1254; x_wconf 88' lang='lat' dir='ltr'><strong>aliquid</strong></span> <span class='ocrx_word' id='word_1_89' title='bbox 567 1179 712 1252; x_wconf 79' lang='lat' dir='ltr'><strong>scripsere.</strong></span> <span class='ocrx_word' id='word_1_90' title='bbox 756 1181 845 1234; x_wconf 78' lang='lat' dir='ltr'><strong>Caesar</strong></span> <span class='ocrx_word' id='word_1_91' title='bbox 867 1179 893 1234; x_wconf 90' lang='lat' dir='ltr'><strong>in</strong></span> <span class='ocrx_word' id='word_1_92' title='bbox 916 1177 1024 1236; x_wconf 86' lang='lat' dir='ltr'><strong>sublimi</strong></span> <span class='ocrx_word' id='word_1_93' title='bbox 1048 1176 1132 1246; x_wconf 82' lang='lat' dir='ltr'><strong>local</strong></span> <span class='ocrx_word' id='word_1_94' title='bbox 1154 1171 1449 1259; x_wconf 57' lang='lat' dir='ltr'><strong>fflss⁰ssl¹gffgffif¹⁰⁶l5dc</strong></span> 
     </span>
     <span class='ocr_line' id='line_1_10' title="bbox 104 1263 1383 1337; baseline 0 -19"><span class='ocrx_word' id='word_1_95' title='bbox 104 1263 190 1320; x_wconf 79' lang='lat' dir='ltr'><strong>sedem</strong></span> <span class='ocrx_word' id='word_1_96' title='bbox 217 1264 311 1320; x_wconf 86' lang='lat' dir='ltr'><strong>dextra</strong></span> <span class='ocrx_word' id='word_1_97' title='bbox 338 1263 458 1336; x_wconf 85' lang='lat' dir='ltr'><strong>laevaque</strong></span> <span class='ocrx_word' id='word_1_98' title='bbox 486 1263 624 1337; x_wconf 88' lang='lat' dir='ltr'><strong>principes</strong></span> <span class='ocrx_word' id='word_1_99' title='bbox 653 1279 746 1320; x_wconf 89' lang='lat' dir='ltr'><strong>omues</strong></span> <span class='ocrx_word' id='word_1_100' title='bbox 775 1263 924 1320; x_wconf 77' lang='lat' dir='ltr'><strong>assidentes</strong></span> <span class='ocrx_word' id='word_1_101' title='bbox 953 1263 1058 1320; x_wconf 89' lang='lat' dir='ltr'><strong>babuit:</strong></span> <span class='ocrx_word' id='word_1_102' title='bbox 1087 1263 1208 1321; x_wconf 81' lang='lat' dir='ltr'><strong>dextram</strong></span> <span class='ocrx_word' id='word_1_103' title='bbox 1236 1271 1383 1321; x_wconf 83' lang='lat' dir='ltr'><strong>tenuerunt</strong></span> 
     </span>
     <span class='ocr_line' id='line_1_11' title="bbox 80 1347 1383 1423; baseline 0.002 -21"><span class='ocrx_word' id='word_1_104' title='bbox 80 1347 325 1422; x_wconf 82' lang='lat' dir='ltr'><strong>rotmbiapiscopus</strong></span> <span class='ocrx_word' id='word_1_105' title='bbox 347 1347 533 1422; x_wconf 87' lang='lat' dir='ltr'><strong>llaguntinns.</strong></span> <span class='ocrx_word' id='word_1_106' title='bbox 563 1349 657 1404; x_wconf 84' lang='lat' dir='ltr'><strong>Cernes</strong></span> <span class='ocrx_word' id='word_1_107' title='bbox 689 1347 822 1422; x_wconf 88' lang='lat' dir='ltr'><strong>palatinus</strong></span> <span class='ocrx_word' id='word_1_108' title='bbox 845 1347 944 1411; x_wconf 81' lang='lat' dir='ltr'><strong>libeni.</strong></span> <span class='ocrx_word' id='word_1_109' title='bbox 972 1348 1200 1423; x_wconf 67' lang='lat' dir='ltr'><strong>archiepiscopus</strong></span> <span class='ocrx_word' id='word_1_110' title='bbox 1222 1347 1383 1411; x_wconf 75' lang='lat' dir='ltr'><strong>Bremcusie</strong></span> 
     </span>
     <span class='ocr_line' id='line_1_12' title="bbox 104 1431 1381 1506; baseline 0.006 -20"><span class='ocrx_word' id='word_1_111' title='bbox 104 1431 271 1506; x_wconf 83' lang='lat' dir='ltr'><strong>llarqcardus</strong></span> <span class='ocrx_word' id='word_1_112' title='bbox 293 1432 460 1506; x_wconf 72' lang='lat' dir='ltr'><strong>prepositus</strong></span> <span class='ocrx_word' id='word_1_113' title='bbox 481 1431 700 1506; x_wconf 84' lang='lat' dir='ltr'><strong>bambergensis.</strong></span> <span class='ocrx_word' id='word_1_114' title='bbox 724 1433 770 1506; x_wconf 89' lang='lat' dir='ltr'><strong>qui</strong></span> <span class='ocrx_word' id='word_1_115' title='bbox 793 1432 988 1500; x_wconf 81' lang='lat' dir='ltr'><strong>Archiducntus</strong></span> <span class='ocrx_word' id='word_1_116' title='bbox 1011 1433 1127 1492; x_wconf 78' lang='lat' dir='ltr'><strong>Austrire</strong></span> <span class='ocrx_word' id='word_1_117' title='bbox 1149 1433 1240 1490; x_wconf 87' lang='lat' dir='ltr'><strong>locum</strong></span> <span class='ocrx_word' id='word_1_118' title='bbox 1264 1433 1381 1494; x_wconf 75' lang='lat' dir='ltr'><strong>tenebat</strong></span> 
     </span>
     <span class='ocr_line' id='line_1_13' title="bbox 105 1515 1383 1592; baseline 0.002 -20"><span class='ocrx_word' id='word_1_119' title='bbox 105 1517 254 1590; x_wconf 73' lang='lat' dir='ltr'><strong>tbpitaneus</strong></span> <span class='ocrx_word' id='word_1_120' title='bbox 277 1515 474 1590; x_wconf 88' lang='lat' dir='ltr'><strong>archiepiscopi</strong></span> <span class='ocrx_word' id='word_1_121' title='bbox 498 1515 705 1590; x_wconf 85' lang='lat' dir='ltr'><strong>Salabnrgensis</strong></span> <span class='ocrx_word' id='word_1_122' title='bbox 728 1525 836 1580; x_wconf 86' lang='lat' dir='ltr'><strong>orator,</strong></span> <span class='ocrx_word' id='word_1_123' title='bbox 859 1516 1009 1592; x_wconf 83' lang='lat' dir='ltr'><strong>Episcopus</strong></span> <span class='ocrx_word' id='word_1_124' title='bbox 1031 1518 1249 1591; x_wconf 86' lang='lat' dir='ltr'><strong>Bambergensia‚</strong></span> <span class='ocrx_word' id='word_1_125' title='bbox 1272 1518 1383 1592; x_wconf 87' lang='lat' dir='ltr'><strong>Episco-</strong></span> 
     </span>
     <span class='ocr_line' id='line_1_14' title="bbox 104 1600 1381 1678; baseline 0.001 -20"><span class='ocrx_word' id='word_1_126' title='bbox 104 1619 148 1674; x_wconf 89' lang='lat' dir='ltr'><strong>pus</strong></span> <span class='ocrx_word' id='word_1_127' title='bbox 162 1600 378 1675; x_wconf 86' lang='lat' dir='ltr'><strong>llerbipalensis‚</strong></span> <span class='ocrx_word' id='word_1_128' title='bbox 402 1601 552 1676; x_wconf 82' lang='lat' dir='ltr'><strong>Episcopus</strong></span> <span class='ocrx_word' id='word_1_129' title='bbox 567 1601 762 1676; x_wconf 67' lang='lat' dir='ltr'><strong>eystettensis,</strong></span> <span class='ocrx_word' id='word_1_130' title='bbox 785 1601 934 1677; x_wconf 86' lang='lat' dir='ltr'><strong>Episcopus</strong></span> <span class='ocrx_word' id='word_1_131' title='bbox 950 1604 1145 1676; x_wconf 79' lang='lat' dir='ltr'><strong>augustensis.</strong></span> <span class='ocrx_word' id='word_1_132' title='bbox 1165 1603 1317 1678; x_wconf 88' lang='lat' dir='ltr'><strong>Episcopus</strong></span> <span class='ocrx_word' id='word_1_133' title='bbox 1331 1601 1381 1660; x_wconf 79' lang='lat' dir='ltr'><strong>lda-</strong></span> 
     </span>
     <span class='ocr_line' id='line_1_15' title="bbox 104 1685 1448 1764; baseline 0 -22"><span class='ocrx_word' id='word_1_134' title='bbox 104 1686 275 1760; x_wconf 86' lang='lat' dir='ltr'><strong>tisponcnsis.</strong></span> <span class='ocrx_word' id='word_1_135' title='bbox 303 1685 454 1760; x_wconf 88' lang='lat' dir='ltr'><strong>Episcopus</strong></span> <span class='ocrx_word' id='word_1_136' title='bbox 476 1687 723 1760; x_wconf 86' lang='lat' dir='ltr'><strong>llataeuburgensis</strong></span> <span class='ocrx_word' id='word_1_137' title='bbox 752 1705 782 1742; x_wconf 88' lang='lat' dir='ltr'><strong>nc</strong></span> <span class='ocrx_word' id='word_1_138' title='bbox 805 1695 928 1744; x_wconf 86' lang='lat' dir='ltr'><strong>oratores</strong></span> <span class='ocrx_word' id='word_1_139' title='bbox 949 1695 1112 1746; x_wconf 61' lang='lat' dir='ltr'><strong>caurorum</strong></span> <span class='ocrx_word' id='word_1_140' title='bbox 1134 1688 1334 1764; x_wconf 86' lang='lat' dir='ltr'><strong>episcoporum.</strong></span> <span class='ocrx_word' id='word_1_141' title='bbox 1365 1694 1448 1746; x_wconf 78' lang='lat' dir='ltr'><strong>otte</strong></span> 
     </span>
     <span class='ocr_line' id='line_1_16' title="bbox 79 1770 1381 1852; baseline 0.006 -30"><span class='ocrx_word' id='word_1_142' title='bbox 79 1771 206 1827; x_wconf 81' lang='lat' dir='ltr'><strong>iasiuistro</strong></span> <span class='ocrx_word' id='word_1_143' title='bbox 221 1771 336 1828; x_wconf 83' lang='lat' dir='ltr'><strong>Caesaris</strong></span> <span class='ocrx_word' id='word_1_144' title='bbox 358 1770 442 1828; x_wconf 85' lang='lat' dir='ltr'><strong>latere</strong></span> <span class='ocrx_word' id='word_1_145' title='bbox 465 1771 593 1852; x_wconf 82' lang='lat' dir='ltr'><strong>sederunt</strong></span> <span class='ocrx_word' id='word_1_146' title='bbox 614 1771 843 1846; x_wconf 81' lang='lat' dir='ltr'><strong>drchiepiscopus</strong></span> <span class='ocrx_word' id='word_1_147' title='bbox 858 1773 1031 1830; x_wconf 84' lang='lat' dir='ltr'><strong>&#39;lreverensis</strong></span> <span class='ocrx_word' id='word_1_148' title='bbox 1052 1772 1169 1836; x_wconf 87' lang='lat' dir='ltr'><strong>elector,</strong></span> <span class='ocrx_word' id='word_1_149' title='bbox 1192 1773 1381 1848; x_wconf 74' lang='lat' dir='ltr'><strong>archiepisco·</strong></span> 
     </span>
     <span class='ocr_line' id='line_1_17' title="bbox 104 1855 1380 1932; baseline 0.004 -22"><span class='ocrx_word' id='word_1_150' title='bbox 104 1873 148 1928; x_wconf 88' lang='lat' dir='ltr'><strong>pus</strong></span> <span class='ocrx_word' id='word_1_151' title='bbox 166 1855 336 1914; x_wconf 84' lang='lat' dir='ltr'><strong>Coloniensis</strong></span> <span class='ocrx_word' id='word_1_152' title='bbox 358 1856 474 1918; x_wconf 89' lang='lat' dir='ltr'><strong>elector.</strong></span> <span class='ocrx_word' id='word_1_153' title='bbox 498 1857 554 1912; x_wconf 84' lang='lat' dir='ltr'><strong>llux</strong></span> <span class='ocrx_word' id='word_1_154' title='bbox 577 1855 701 1912; x_wconf 82' lang='lat' dir='ltr'><strong>Senoniae</strong></span> <span class='ocrx_word' id='word_1_155' title='bbox 725 1855 840 1919; x_wconf 89' lang='lat' dir='ltr'><strong>elector.</strong></span> <span class='ocrx_word' id='word_1_156' title='bbox 863 1857 980 1914; x_wconf 86' lang='lat' dir='ltr'><strong>llarclnio</strong></span> <span class='ocrx_word' id='word_1_157' title='bbox 999 1857 1248 1932; x_wconf 87' lang='lat' dir='ltr'><strong>Brandeburgensia</strong></span> <span class='ocrx_word' id='word_1_158' title='bbox 1269 1859 1380 1922; x_wconf 85' lang='lat' dir='ltr'><strong>elector,</strong></span> 
     </span>
     <span class='ocr_line' id='line_1_18' title="bbox 104 1939 1381 2017; baseline 0.006 -25"><span class='ocrx_word' id='word_1_159' title='bbox 104 1939 227 2013; x_wconf 74' lang='lat' dir='ltr'><strong>Georgius</strong></span> <span class='ocrx_word' id='word_1_160' title='bbox 249 1941 307 1998; x_wconf 82' lang='lat' dir='ltr'><strong>llux</strong></span> <span class='ocrx_word' id='word_1_161' title='bbox 330 1941 467 2004; x_wconf 74' lang='lat' dir='ltr'><strong>Senoniae.</strong></span> <span class='ocrx_word' id='word_1_162' title='bbox 497 1941 652 2016; x_wconf 75' lang='lat' dir='ltr'><strong>Cesymirus</strong></span> <span class='ocrx_word' id='word_1_163' title='bbox 674 1940 792 1998; x_wconf 87' lang='lat' dir='ltr'><strong>llarcbio</strong></span> <span class='ocrx_word' id='word_1_164' title='bbox 814 1942 1070 2016; x_wconf 84' lang='lat' dir='ltr'><strong>brandeburgensis.</strong></span> <span class='ocrx_word' id='word_1_165' title='bbox 1108 1961 1122 2000; x_wconf 92' lang='lat' dir='ltr'><strong>e</strong></span> <span class='ocrx_word' id='word_1_166' title='bbox 1150 1944 1263 2017; x_wconf 78' lang='lat' dir='ltr'><strong>regione</strong></span> <span class='ocrx_word' id='word_1_167' title='bbox 1290 1951 1381 2000; x_wconf 85' lang='lat' dir='ltr'><strong>autem</strong></span> 
     </span>
     <span class='ocr_line' id='line_1_19' title="bbox 103 2024 1379 2102; baseline 0.003 -22"><span class='ocrx_word' id='word_1_168' title='bbox 103 2024 206 2082; x_wconf 74' lang='lat' dir='ltr'><strong>ternis</strong></span> <span class='ocrx_word' id='word_1_169' title='bbox 230 2034 287 2082; x_wconf 90' lang='lat' dir='ltr'><strong>tres</strong></span> <span class='ocrx_word' id='word_1_170' title='bbox 307 2024 428 2084; x_wconf 80' lang='lat' dir='ltr'><strong>rotante</strong></span> <span class='ocrx_word' id='word_1_171' title='bbox 452 2035 590 2092; x_wconf 66' lang='lat' dir='ltr'><strong>oratorem</strong></span> <span class='ocrx_word' id='word_1_172' title='bbox 614 2026 789 2084; x_wconf 80' lang='lat' dir='ltr'><strong>addextrare</strong></span> <span class='ocrx_word' id='word_1_173' title='bbox 812 2036 839 2083; x_wconf 91' lang='lat' dir='ltr'><strong>et</strong></span> <span class='ocrx_word' id='word_1_174' title='bbox 861 2025 1021 2085; x_wconf 85' lang='lat' dir='ltr'><strong>subsellium</strong></span> <span class='ocrx_word' id='word_1_175' title='bbox 1041 2029 1163 2102; x_wconf 87' lang='lat' dir='ltr'><strong>positum</strong></span> <span class='ocrx_word' id='word_1_176' title='bbox 1186 2037 1259 2090; x_wconf 82' lang='lat' dir='ltr'><strong>erat,</strong></span> <span class='ocrx_word' id='word_1_177' title='bbox 1282 2029 1310 2084; x_wconf 88' lang='lat' dir='ltr'><strong>iu</strong></span> <span class='ocrx_word' id='word_1_178' title='bbox 1326 2043 1379 2102; x_wconf 92' lang='lat' dir='ltr'><strong>quo</strong></span> 
     </span>
     <span class='ocr_line' id='line_1_20' title="bbox 103 2107 1380 2186; baseline 0.005 -22"><span class='ocrx_word' id='word_1_179' title='bbox 103 2107 217 2184; x_wconf 68' lang='lat' dir='ltr'><strong>loeclnimi</strong></span> <span class='ocrx_word' id='word_1_180' title='bbox 241 2109 377 2167; x_wconf 62' lang='lat' dir='ltr'><strong>electuris,</strong></span> <span class='ocrx_word' id='word_1_181' title='bbox 392 2110 478 2172; x_wconf 81' lang='lat' dir='ltr'><strong>lilius.</strong></span> <span class='ocrx_word' id='word_1_182' title='bbox 507 2109 594 2168; x_wconf 90' lang='lat' dir='ltr'><strong>literis</strong></span> <span class='ocrx_word' id='word_1_183' title='bbox 622 2127 784 2186; x_wconf 88' lang='lat' dir='ltr'><strong>morumque</strong></span> <span class='ocrx_word' id='word_1_184' title='bbox 806 2113 938 2186; x_wconf 79' lang='lat' dir='ltr'><strong>gravitate</strong></span> <span class='ocrx_word' id='word_1_185' title='bbox 961 2113 1082 2186; x_wconf 87' lang='lat' dir='ltr'><strong>impense</strong></span> <span class='ocrx_word' id='word_1_186' title='bbox 1109 2113 1252 2176; x_wconf 87' lang='lat' dir='ltr'><strong>eruditus..</strong></span> <span class='ocrx_word' id='word_1_187' title='bbox 1276 2119 1304 2170; x_wconf 88' lang='lat' dir='ltr'><strong>et</strong></span> <span class='ocrx_word' id='word_1_188' title='bbox 1325 2113 1380 2170; x_wconf 89' lang='lat' dir='ltr'><strong>duo</strong></span> 
     </span>
     <span class='ocr_line' id='line_1_21' title="bbox 38 2193 1381 2272; baseline 0.005 -27"><span class='ocrx_word' id='word_1_189' title='bbox 38 2217 41 2226; x_wconf 90' lang='lat'><em>·</em></span> <span class='ocrx_word' id='word_1_190' title='bbox 77 2193 143 2248; x_wconf 83' lang='lat' dir='ltr'><strong>raalii</strong></span> <span class='ocrx_word' id='word_1_191' title='bbox 163 2195 331 2252; x_wconf 87' lang='lat' dir='ltr'><strong>llarcbiones</strong></span> <span class='ocrx_word' id='word_1_192' title='bbox 352 2195 623 2269; x_wconf 82' lang='lat' dir='ltr'><strong>Bramlaburgenses.</strong></span> <span class='ocrx_word' id='word_1_193' title='bbox 652 2197 699 2254; x_wconf 89' lang='lat' dir='ltr'><strong>sed</strong></span> <span class='ocrx_word' id='word_1_194' title='bbox 731 2206 795 2254; x_wconf 91' lang='lat' dir='ltr'><strong>natu</strong></span> <span class='ocrx_word' id='word_1_195' title='bbox 818 2196 991 2270; x_wconf 82' lang='lat' dir='ltr'><strong>grandiores.</strong></span> <span class='ocrx_word' id='word_1_196' title='bbox 1022 2198 1141 2272; x_wconf 88' lang='lat' dir='ltr'><strong>itemque</strong></span> <span class='ocrx_word' id='word_1_197' title='bbox 1163 2195 1259 2254; x_wconf 86' lang='lat' dir='ltr'><strong>Comes</strong></span> <span class='ocrx_word' id='word_1_198' title='bbox 1280 2198 1381 2254; x_wconf 77' lang='lat' dir='ltr'><strong>delu-</strong></span> 
     </span>
     <span class='ocr_line' id='line_1_22' title="bbox 103 2277 1380 2356; baseline 0.005 -22"><span class='ocrx_word' id='word_1_199' title='bbox 103 2277 152 2334; x_wconf 86' lang='lat' dir='ltr'><strong>lalt</strong></span> <span class='ocrx_word' id='word_1_200' title='bbox 180 2280 285 2336; x_wconf 90' lang='lat' dir='ltr'><strong>iuvenis</strong></span> <span class='ocrx_word' id='word_1_201' title='bbox 308 2280 451 2342; x_wconf 77' lang='lat' dir='ltr'><strong>sedebant:</strong></span> <span class='ocrx_word' id='word_1_202' title='bbox 480 2299 494 2335; x_wconf 86' lang='lat' dir='ltr'><strong>e</strong></span> <span class='ocrx_word' id='word_1_203' title='bbox 524 2291 601 2353; x_wconf 85' lang='lat' dir='ltr'><strong>tergo</strong></span> <span class='ocrx_word' id='word_1_204' title='bbox 624 2279 766 2356; x_wconf 86' lang='lat' dir='ltr'><strong>Episcopis</strong></span> <span class='ocrx_word' id='word_1_205' title='bbox 793 2281 1029 2355; x_wconf 89' lang='lat' dir='ltr'><strong>Brandebnrgeusi</strong></span> <span class='ocrx_word' id='word_1_206' title='bbox 1057 2291 1084 2337; x_wconf 90' lang='lat' dir='ltr'><strong>et</strong></span> <span class='ocrx_word' id='word_1_207' title='bbox 1113 2283 1275 2355; x_wconf 80' lang='lat' dir='ltr'><strong>Tergestinu</strong></span> <span class='ocrx_word' id='word_1_208' title='bbox 1302 2281 1380 2340; x_wconf 85' lang='lat' dir='ltr'><strong>locus</strong></span> 
     </span>
     <span class='ocr_line' id='line_1_23' title="bbox 102 2363 1448 2440; baseline 0.005 -21"><span class='ocrx_word' id='word_1_209' title='bbox 102 2363 172 2420; x_wconf 86' lang='lat' dir='ltr'><strong>datus</strong></span> <span class='ocrx_word' id='word_1_210' title='bbox 192 2374 243 2422; x_wconf 89' lang='lat' dir='ltr'><strong>est.</strong></span> <span class='ocrx_word' id='word_1_211' title='bbox 288 2365 318 2420; x_wconf 91' lang='lat' dir='ltr'><strong>ln</strong></span> <span class='ocrx_word' id='word_1_212' title='bbox 339 2365 411 2422; x_wconf 86' lang='lat' dir='ltr'><strong>bunc</strong></span> <span class='ocrx_word' id='word_1_213' title='bbox 433 2383 500 2439; x_wconf 83' lang='lat' dir='ltr'><strong>ergo</strong></span> <span class='ocrx_word' id='word_1_214' title='bbox 524 2365 644 2422; x_wconf 85' lang='lat' dir='ltr'><strong>ordinem</strong></span> <span class='ocrx_word' id='word_1_215' title='bbox 667 2367 772 2422; x_wconf 87' lang='lat' dir='ltr'><strong>cunctis</strong></span> <span class='ocrx_word' id='word_1_216' title='bbox 794 2365 976 2424; x_wconf 77' lang='lat' dir='ltr'><strong>assidentibus</strong></span> <span class='ocrx_word' id='word_1_217' title='bbox 998 2365 1148 2440; x_wconf 88' lang='lat' dir='ltr'><strong>Episcopus</strong></span> <span class='ocrx_word' id='word_1_218' title='bbox 1162 2365 1316 2431; x_wconf 84' lang='lat' dir='ltr'><strong>Placensns.</strong></span> <span class='ocrx_word' id='word_1_219' title='bbox 1339 2367 1448 2430; x_wconf 68' lang='lat' dir='ltr'><strong>vineto.</strong></span> 
     </span>
     <span class='ocr_line' id='line_1_24' title="bbox 103 2443 1378 2532; baseline 0.005 -29"><span class='ocrx_word' id='word_1_220' title='bbox 103 2445 218 2506; x_wconf 87' lang='lat' dir='ltr'><strong>literatus</strong></span> <span class='ocrx_word' id='word_1_221' title='bbox 239 2458 269 2506; x_wconf 88' lang='lat' dir='ltr'><strong>ct</strong></span> <span class='ocrx_word' id='word_1_222' title='bbox 291 2450 395 2523; x_wconf 83' lang='lat' dir='ltr'><strong>gravis,</strong></span> <span class='ocrx_word' id='word_1_223' title='bbox 419 2451 572 2506; x_wconf 84' lang='lat' dir='ltr'><strong>orationem</strong></span> <span class='ocrx_word' id='word_1_224' title='bbox 593 2450 689 2506; x_wconf 83' lang='lat' dir='ltr'><strong>babuit</strong></span> <span class='ocrx_word' id='word_1_225' title='bbox 710 2451 831 2508; x_wconf 71' lang='lat' dir='ltr'><strong>lebnam</strong></span> <span class='ocrx_word' id='word_1_226' title='bbox 853 2450 932 2526; x_wconf 89' lang='lat' dir='ltr'><strong>plane</strong></span> <span class='ocrx_word' id='word_1_227' title='bbox 954 2459 982 2508; x_wconf 89' lang='lat' dir='ltr'><strong>et</strong></span> <span class='ocrx_word' id='word_1_228' title='bbox 1004 2452 1043 2508; x_wconf 89' lang='lat' dir='ltr'><strong>rei</strong></span> <span class='ocrx_word' id='word_1_229' title='bbox 1067 2443 1156 2514; x_wconf 86' lang='lat' dir='ltr'><strong>setisl</strong></span> <span class='ocrx_word' id='word_1_230' title='bbox 1177 2445 1378 2532; x_wconf 50' lang='grc' dir='ltr'><strong>93330313ζῇ</strong></span> 
     </span>
     <span class='ocr_line' id='line_1_25' title="bbox 102 2529 1381 2611; baseline 0.005 -23"><span class='ocrx_word' id='word_1_231' title='bbox 102 2535 308 2597; x_wconf 78' lang='lat' dir='ltr'><strong>accomodatum.</strong></span> <span class='ocrx_word' id='word_1_232' title='bbox 332 2535 359 2590; x_wconf 94' lang='lat' dir='ltr'><strong>in</strong></span> <span class='ocrx_word' id='word_1_233' title='bbox 382 2547 435 2608; x_wconf 85' lang='lat' dir='ltr'><strong>qua</strong></span> <span class='ocrx_word' id='word_1_234' title='bbox 457 2535 595 2609; x_wconf 89' lang='lat' dir='ltr'><strong>sapienter</strong></span> <span class='ocrx_word' id='word_1_235' title='bbox 617 2545 644 2592; x_wconf 93' lang='lat' dir='ltr'><strong>et</strong></span> <span class='ocrx_word' id='word_1_236' title='bbox 666 2534 770 2592; x_wconf 89' lang='lat' dir='ltr'><strong>erudite</strong></span> <span class='ocrx_word' id='word_1_237' title='bbox 791 2537 824 2593; x_wconf 89' lang='lat' dir='ltr'><strong>de</strong></span> <span class='ocrx_word' id='word_1_238' title='bbox 847 2537 1018 2611; x_wconf 87' lang='lat' dir='ltr'><strong>expeditione</strong></span> <span class='ocrx_word' id='word_1_239' title='bbox 1041 2543 1137 2594; x_wconf 87' lang='lat' dir='ltr'><strong>contra</strong></span> <span class='ocrx_word' id='word_1_240' title='bbox 1153 2529 1273 2594; x_wconf 69' lang='lat' dir='ltr'><strong>Thurias</strong></span> <span class='ocrx_word' id='word_1_241' title='bbox 1295 2538 1381 2596; x_wconf 87' lang='lat' dir='ltr'><strong>susci·</strong></span> 
     </span>
     <span class='ocr_line' id='line_1_26' title="bbox 77 2618 1381 2696; baseline 0.009 -28"><span class='ocrx_word' id='word_1_242' title='bbox 77 2618 190 2690; x_wconf 78' lang='lat' dir='ltr'><strong>rapienda</strong></span> <span class='ocrx_word' id='word_1_243' title='bbox 211 2619 375 2694; x_wconf 84' lang='lat' dir='ltr'><strong>disputavit.</strong></span> <span class='ocrx_word' id='word_1_244' title='bbox 403 2629 431 2678; x_wconf 90' lang='lat' dir='ltr'><strong>et</strong></span> <span class='ocrx_word' id='word_1_245' title='bbox 459 2627 591 2694; x_wconf 89' lang='lat' dir='ltr'><strong>quantum</strong></span> <span class='ocrx_word' id='word_1_246' title='bbox 618 2619 698 2677; x_wconf 85' lang='lat' dir='ltr'><strong>variis</strong></span> <span class='ocrx_word' id='word_1_247' title='bbox 728 2621 898 2695; x_wconf 84' lang='lat' dir='ltr'><strong>temporibus</strong></span> <span class='ocrx_word' id='word_1_248' title='bbox 925 2622 1014 2679; x_wconf 86' lang='lat' dir='ltr'><strong>damni</strong></span> <span class='ocrx_word' id='word_1_249' title='bbox 1043 2639 1074 2678; x_wconf 92' lang='lat' dir='ltr'><strong>ac</strong></span> <span class='ocrx_word' id='word_1_250' title='bbox 1096 2621 1208 2680; x_wconf 81' lang='lat' dir='ltr'><strong>lacteam</strong></span> <span class='ocrx_word' id='word_1_251' title='bbox 1230 2624 1303 2696; x_wconf 85' lang='lat' dir='ltr'><strong>passi</strong></span> <span class='ocrx_word' id='word_1_252' title='bbox 1325 2623 1381 2680; x_wconf 86' lang='lat' dir='ltr'><strong>siut</strong></span> 
     </span>
     <span class='ocr_line' id='line_1_27' title="bbox 103 2702 1380 2781; baseline 0.006 -25"><span class='ocrx_word' id='word_1_253' title='bbox 103 2702 189 2760; x_wconf 82' lang='lat' dir='ltr'><strong>Poloni</strong></span> <span class='ocrx_word' id='word_1_254' title='bbox 212 2721 242 2762; x_wconf 87' lang='lat' dir='ltr'><strong>nc</strong></span> <span class='ocrx_word' id='word_1_255' title='bbox 265 2705 520 2779; x_wconf 80' lang='lat' dir='ltr'><strong>inpraesentiarum</strong></span> <span class='ocrx_word' id='word_1_256' title='bbox 543 2705 681 2778; x_wconf 85' lang='lat' dir='ltr'><strong>patiantur</strong></span> <span class='ocrx_word' id='word_1_257' title='bbox 703 2705 806 2762; x_wconf 88' lang='lat' dir='ltr'><strong>crebris</strong></span> <span class='ocrx_word' id='word_1_258' title='bbox 830 2707 1022 2764; x_wconf 77' lang='lat' dir='ltr'><strong>l&#39;lnartaro&#39;rum</strong></span> <span class='ocrx_word' id='word_1_259' title='bbox 1046 2708 1266 2781; x_wconf 85' lang='lat' dir='ltr'><strong>Thurcarumque</strong></span> <span class='ocrx_word' id='word_1_260' title='bbox 1290 2709 1380 2766; x_wconf 88' lang='lat' dir='ltr'><strong>iecur·</strong></span> 
     </span>
     <span class='ocr_line' id='line_1_28' title="bbox 102 2788 1381 2864; baseline 0.005 -22"><span class='ocrx_word' id='word_1_261' title='bbox 102 2788 232 2852; x_wconf 80' lang='lat' dir='ltr'><strong>siuoibus;</strong></span> <span class='ocrx_word' id='word_1_262' title='bbox 256 2793 303 2862; x_wconf 89' lang='lat' dir='ltr'><strong>qui</strong></span> <span class='ocrx_word' id='word_1_263' title='bbox 326 2791 434 2864; x_wconf 86' lang='lat' dir='ltr'><strong>quidam</strong></span> <span class='ocrx_word' id='word_1_264' title='bbox 456 2807 517 2850; x_wconf 84' lang='lat' dir='ltr'><strong>cum</strong></span> <span class='ocrx_word' id='word_1_265' title='bbox 541 2797 569 2846; x_wconf 87' lang='lat' dir='ltr'><strong>et</strong></span> <span class='ocrx_word' id='word_1_266' title='bbox 590 2788 641 2846; x_wconf 86' lang='lat' dir='ltr'><strong>fide</strong></span> <span class='ocrx_word' id='word_1_267' title='bbox 663 2797 691 2847; x_wconf 91' lang='lat' dir='ltr'><strong>et</strong></span> <span class='ocrx_word' id='word_1_268' title='bbox 712 2790 813 2848; x_wconf 86' lang='lat' dir='ltr'><strong>loedere</strong></span> <span class='ocrx_word' id='word_1_269' title='bbox 837 2809 867 2848; x_wconf 89' lang='lat' dir='ltr'><strong>ac</strong></span> <span class='ocrx_word' id='word_1_270' title='bbox 889 2792 981 2848; x_wconf 85' lang='lat' dir='ltr'><strong>eadem</strong></span> <span class='ocrx_word' id='word_1_271' title='bbox 997 2807 1102 2848; x_wconf 90' lang='lat' dir='ltr'><strong>morum</strong></span> <span class='ocrx_word' id='word_1_272' title='bbox 1118 2793 1220 2848; x_wconf 85' lang='lat' dir='ltr'><strong>saevitia</strong></span> <span class='ocrx_word' id='word_1_273' title='bbox 1241 2792 1381 2851; x_wconf 78' lang='lat' dir='ltr'><strong>ceniuucti</strong></span> 
     </span>
     <span class='ocr_line' id='line_1_29' title="bbox 102 2873 1380 2951; baseline 0.005 -25"><span class='ocrx_word' id='word_1_274' title='bbox 102 2880 126 2926; x_wconf 90' lang='lat' dir='ltr'><strong>et</strong></span> <span class='ocrx_word' id='word_1_275' title='bbox 139 2873 273 2930; x_wconf 82' lang='lat' dir='ltr'><strong>simillimi</strong></span> <span class='ocrx_word' id='word_1_276' title='bbox 296 2875 363 2938; x_wconf 86' lang='lat' dir='ltr'><strong>sint,</strong></span> <span class='ocrx_word' id='word_1_277' title='bbox 388 2877 414 2931; x_wconf 93' lang='lat' dir='ltr'><strong>ni</strong></span> <span class='ocrx_word' id='word_1_278' title='bbox 438 2884 534 2931; x_wconf 89' lang='lat' dir='ltr'><strong>centra</strong></span> <span class='ocrx_word' id='word_1_279' title='bbox 557 2891 651 2930; x_wconf 87' lang='lat' dir='ltr'><strong>eorum</strong></span> <span class='ocrx_word' id='word_1_280' title='bbox 674 2875 804 2949; x_wconf 88' lang='lat' dir='ltr'><strong>impeturn</strong></span> <span class='ocrx_word' id='word_1_281' title='bbox 820 2876 964 2934; x_wconf 82' lang='lat' dir='ltr'><strong>Christiani</strong></span> <span class='ocrx_word' id='word_1_282' title='bbox 987 2877 1123 2951; x_wconf 88' lang='lat' dir='ltr'><strong>principes</strong></span> <span class='ocrx_word' id='word_1_283' title='bbox 1139 2875 1222 2934; x_wconf 90' lang='lat' dir='ltr'><strong>semel</strong></span> <span class='ocrx_word' id='word_1_284' title='bbox 1237 2877 1308 2934; x_wconf 85' lang='lat' dir='ltr'><strong>vires</strong></span> <span class='ocrx_word' id='word_1_285' title='bbox 1322 2875 1380 2935; x_wconf 91' lang='lat' dir='ltr'><strong>col·</strong></span> 
     </span>
     <span class='ocr_line' id='line_1_30' title="bbox 103 2954 1447 3034; baseline 0.004 -20"><span class='ocrx_word' id='word_1_286' title='bbox 103 2954 192 3030; x_wconf 85' lang='lat' dir='ltr'><strong>ligant,</strong></span> <span class='ocrx_word' id='word_1_287' title='bbox 220 2959 296 3016; x_wconf 79' lang='lat' dir='ltr'><strong>brevi</strong></span> <span class='ocrx_word' id='word_1_288' title='bbox 323 2960 356 3016; x_wconf 89' lang='lat' dir='ltr'><strong>de</strong></span> <span class='ocrx_word' id='word_1_289' title='bbox 384 2977 414 3016; x_wconf 91' lang='lat' dir='ltr'><strong>re</strong></span> <span class='ocrx_word' id='word_1_290' title='bbox 443 2959 549 3034; x_wconf 89' lang='lat' dir='ltr'><strong>publica</strong></span> <span class='ocrx_word' id='word_1_291' title='bbox 573 2959 723 3017; x_wconf 86' lang='lat' dir='ltr'><strong>Christiana</strong></span> <span class='ocrx_word' id='word_1_292' title='bbox 746 2968 835 3017; x_wconf 88' lang='lat' dir='ltr'><strong>actum</strong></span> <span class='ocrx_word' id='word_1_293' title='bbox 865 2961 934 3018; x_wconf 87' lang='lat' dir='ltr'><strong>lure.</strong></span> <span class='ocrx_word' id='word_1_294' title='bbox 953 2999 956 3008; x_wconf 80' lang='lat'><em>·</em></span> <span class='ocrx_word' id='word_1_295' title='bbox 977 2961 1112 3018; x_wconf 81' lang='lat' dir='ltr'><strong>Praeterea</strong></span> <span class='ocrx_word' id='word_1_296' title='bbox 1134 2961 1190 3019; x_wconf 90' lang='lat' dir='ltr'><strong>duo</strong></span> <span class='ocrx_word' id='word_1_297' title='bbox 1212 2960 1330 3020; x_wconf 88' lang='lat' dir='ltr'><strong>latenter</strong></span> <span class='ocrx_word' id='word_1_298' title='bbox 1351 2968 1447 3021; x_wconf 78' lang='lat' dir='ltr'><strong>etto.</strong></span> 
     </span>
     <span class='ocr_line' id='line_1_31' title="bbox 76 3040 1382 3121; baseline 0.008 -27"><span class='ocrx_word' id='word_1_299' title='bbox 76 3040 166 3098; x_wconf 73' lang='lat' dir='ltr'><strong>malind</strong></span> <span class='ocrx_word' id='word_1_300' title='bbox 187 3043 244 3101; x_wconf 86' lang='lat' dir='ltr'><strong>lere</strong></span> <span class='ocrx_word' id='word_1_301' title='bbox 269 3061 352 3118; x_wconf 88' lang='lat' dir='ltr'><strong>agens</strong></span> <span class='ocrx_word' id='word_1_302' title='bbox 375 3045 482 3118; x_wconf 85' lang='lat' dir='ltr'><strong>tetigit:</strong></span> <span class='ocrx_word' id='word_1_303' title='bbox 507 3045 533 3100; x_wconf 91' lang='lat' dir='ltr'><strong>in</strong></span> <span class='ocrx_word' id='word_1_304' title='bbox 557 3043 643 3100; x_wconf 83' lang='lat' dir='ltr'><strong>altero</strong></span> <span class='ocrx_word' id='word_1_305' title='bbox 666 3045 736 3101; x_wconf 85' lang='lat' dir='ltr'><strong>enirn</strong></span> <span class='ocrx_word' id='word_1_306' title='bbox 760 3045 954 3103; x_wconf 78' lang='lat' dir='ltr'><strong>decimanorum</strong></span> <span class='ocrx_word' id='word_1_307' title='bbox 976 3047 1130 3121; x_wconf 85' lang='lat' dir='ltr'><strong>principum</strong></span> <span class='ocrx_word' id='word_1_308' title='bbox 1153 3047 1328 3106; x_wconf 83' lang='lat' dir='ltr'><strong>ambitionem</strong></span> <span class='ocrx_word' id='word_1_309' title='bbox 1349 3063 1382 3104; x_wconf 82' lang='lat' dir='ltr'><strong>ac</strong></span> 
     </span>
     <span class='ocr_line' id='line_1_32' title="bbox 102 3126 1382 3204; baseline 0.007 -25"><span class='ocrx_word' id='word_1_310' title='bbox 102 3126 219 3184; x_wconf 80' lang='lat' dir='ltr'><strong>intestina</strong></span> <span class='ocrx_word' id='word_1_311' title='bbox 241 3128 303 3186; x_wconf 90' lang='lat' dir='ltr'><strong>odia</strong></span> <span class='ocrx_word' id='word_1_312' title='bbox 326 3130 469 3202; x_wconf 84' lang='lat' dir='ltr'><strong>arguebat,</strong></span> <span class='ocrx_word' id='word_1_313' title='bbox 502 3129 548 3202; x_wconf 89' lang='lat' dir='ltr'><strong>qui</strong></span> <span class='ocrx_word' id='word_1_314' title='bbox 573 3127 670 3186; x_wconf 89' lang='lat' dir='ltr'><strong>bonam</strong></span> <span class='ocrx_word' id='word_1_315' title='bbox 694 3130 823 3203; x_wconf 89' lang='lat' dir='ltr'><strong>temporis</strong></span> <span class='ocrx_word' id='word_1_316' title='bbox 846 3139 950 3204; x_wconf 88' lang='lat' dir='ltr'><strong>partem</strong></span> <span class='ocrx_word' id='word_1_317' title='bbox 979 3131 1004 3186; x_wconf 91' lang='lat' dir='ltr'><strong>in</strong></span> <span class='ocrx_word' id='word_1_318' title='bbox 1026 3133 1204 3204; x_wconf 73' lang='lat' dir='ltr'><strong>conventibus</strong></span> <span class='ocrx_word' id='word_1_319' title='bbox 1227 3133 1255 3189; x_wconf 87' lang='lat' dir='ltr'><strong>in</strong></span> <span class='ocrx_word' id='word_1_320' title='bbox 1277 3130 1382 3188; x_wconf 85' lang='lat' dir='ltr'><strong>subsel-</strong></span> 
     </span>
     <span class='ocr_line' id='line_1_33' title="bbox 103 3209 1379 3291; baseline 0.008 -27"><span class='ocrx_word' id='word_1_321' title='bbox 103 3209 191 3268; x_wconf 88' lang='lat' dir='ltr'><strong>liorum</strong></span> <span class='ocrx_word' id='word_1_322' title='bbox 213 3212 405 3275; x_wconf 84' lang='lat' dir='ltr'><strong>altercatione,</strong></span> <span class='ocrx_word' id='word_1_323' title='bbox 434 3213 598 3288; x_wconf 88' lang='lat' dir='ltr'><strong>postpositis</strong></span> <span class='ocrx_word' id='word_1_324' title='bbox 629 3215 834 3289; x_wconf 81' lang='lat' dir='ltr'><strong>quibuscunque</strong></span> <span class='ocrx_word' id='word_1_325' title='bbox 863 3224 891 3272; x_wconf 88' lang='lat' dir='ltr'><strong>et</strong></span> <span class='ocrx_word' id='word_1_326' title='bbox 920 3215 1035 3290; x_wconf 86' lang='lat' dir='ltr'><strong>publicis</strong></span> <span class='ocrx_word' id='word_1_327' title='bbox 1062 3225 1090 3272; x_wconf 87' lang='lat' dir='ltr'><strong>et</strong></span> <span class='ocrx_word' id='word_1_328' title='bbox 1111 3217 1224 3291; x_wconf 79' lang='lat' dir='ltr'><strong>privatis</strong></span> <span class='ocrx_word' id='word_1_329' title='bbox 1246 3215 1379 3289; x_wconf 82' lang='lat' dir='ltr'><strong>negociis.</strong></span> 
     </span>
     <span class='ocr_line' id='line_1_34' title="bbox 102 3297 1381 3378; baseline 0.006 -28"><span class='ocrx_word' id='word_1_330' title='bbox 102 3305 247 3360; x_wconf 59' lang='lat' dir='ltr'><strong>maternum</strong></span> <span class='ocrx_word' id='word_1_331' title='bbox 273 3299 299 3378; x_wconf 87' lang='lat' dir='ltr'><strong>in</strong></span> <span class='ocrx_word' id='word_1_332' title='bbox 322 3297 408 3356; x_wconf 89' lang='lat' dir='ltr'><strong>altero</strong></span> <span class='ocrx_word' id='word_1_333' title='bbox 431 3307 520 3356; x_wconf 92' lang='lat' dir='ltr'><strong>autem</strong></span> <span class='ocrx_word' id='word_1_334' title='bbox 543 3297 637 3356; x_wconf 85' lang='lat' dir='ltr'><strong>acerbe</strong></span> <span class='ocrx_word' id='word_1_335' title='bbox 661 3301 687 3356; x_wconf 93' lang='lat' dir='ltr'><strong>in</strong></span> <span class='ocrx_word' id='word_1_336' title='bbox 702 3299 866 3356; x_wconf 87' lang='lat' dir='ltr'><strong>Pruseenses</strong></span> <span class='ocrx_word' id='word_1_337' title='bbox 889 3301 1011 3357; x_wconf 87' lang='lat' dir='ltr'><strong>invectus</strong></span> <span class='ocrx_word' id='word_1_338' title='bbox 1031 3310 1088 3362; x_wconf 90' lang='lat' dir='ltr'><strong>est.</strong></span> <span class='ocrx_word' id='word_1_339' title='bbox 1111 3310 1323 3374; x_wconf 86' lang='lat' dir='ltr'><strong>constanterque</strong></span> <span class='ocrx_word' id='word_1_340' title='bbox 1338 3319 1381 3370; x_wconf 87' lang='lat' dir='ltr'><strong>as·</strong></span> 
     </span>
     <span class='ocr_line' id='line_1_35' title="bbox 103 3381 1380 3458; baseline 0.005 -22"><span class='ocrx_word' id='word_1_341' title='bbox 103 3381 200 3438; x_wconf 86' lang='lat' dir='ltr'><strong>serebat</strong></span> <span class='ocrx_word' id='word_1_342' title='bbox 220 3399 270 3440; x_wconf 87' lang='lat' dir='ltr'><strong>eos</strong></span> <span class='ocrx_word' id='word_1_343' title='bbox 293 3384 450 3440; x_wconf 85' lang='lat' dir='ltr'><strong>vestimenta</strong></span> <span class='ocrx_word' id='word_1_344' title='bbox 473 3383 547 3458; x_wconf 90' lang='lat' dir='ltr'><strong>pacis</strong></span> <span class='ocrx_word' id='word_1_345' title='bbox 577 3383 701 3446; x_wconf 86' lang='lat' dir='ltr'><strong>induere.</strong></span> <span class='ocrx_word' id='word_1_346' title='bbox 731 3385 894 3442; x_wconf 83' lang='lat' dir='ltr'><strong>intrinsecus</strong></span> <span class='ocrx_word' id='word_1_347' title='bbox 922 3394 1013 3442; x_wconf 85' lang='lat' dir='ltr'><strong>autem</strong></span> <span class='ocrx_word' id='word_1_348' title='bbox 1043 3385 1109 3441; x_wconf 90' lang='lat' dir='ltr'><strong>nihil</strong></span> <span class='ocrx_word' id='word_1_349' title='bbox 1139 3385 1191 3442; x_wconf 86' lang='lat' dir='ltr'><strong>nisi</strong></span> <span class='ocrx_word' id='word_1_350' title='bbox 1220 3384 1320 3442; x_wconf 89' lang='lat' dir='ltr'><strong>bellum</strong></span> <span class='ocrx_word' id='word_1_351' title='bbox 1348 3402 1380 3442; x_wconf 89' lang='lat' dir='ltr'><strong>ae</strong></span> 
     </span>
     <span class='ocr_line' id='line_1_36' title="bbox 76 3463 1381 3544; baseline 0.008 -25"><span class='ocrx_word' id='word_1_352' title='bbox 76 3463 241 3524; x_wconf 61' lang='lat' dir='ltr'><strong>”discordias</strong></span> <span class='ocrx_word' id='word_1_353' title='bbox 266 3467 364 3525; x_wconf 87' lang='lat' dir='ltr'><strong>rnoliri.</strong></span> <span class='ocrx_word' id='word_1_354' title='bbox 401 3469 435 3524; x_wconf 82' lang='lat' dir='ltr'><strong>lle</strong></span> <span class='ocrx_word' id='word_1_355' title='bbox 458 3468 568 3525; x_wconf 87' lang='lat' dir='ltr'><strong>decimis</strong></span> <span class='ocrx_word' id='word_1_356' title='bbox 591 3479 680 3526; x_wconf 82' lang='lat' dir='ltr'><strong>auteur</strong></span> <span class='ocrx_word' id='word_1_357' title='bbox 703 3469 842 3542; x_wconf 82' lang='lat' dir='ltr'><strong>exigendis</strong></span> <span class='ocrx_word' id='word_1_358' title='bbox 864 3469 935 3526; x_wconf 85' lang='lat' dir='ltr'><strong>ltaual</strong></span> <span class='ocrx_word' id='word_1_359' title='bbox 957 3469 1037 3526; x_wconf 89' lang='lat' dir='ltr'><strong>aliter</strong></span> <span class='ocrx_word' id='word_1_360' title='bbox 1059 3488 1138 3544; x_wconf 89' lang='lat' dir='ltr'><strong>quam</strong></span> <span class='ocrx_word' id='word_1_361' title='bbox 1160 3470 1252 3528; x_wconf 77' lang='lat' dir='ltr'><strong>ceteri</strong></span> <span class='ocrx_word' id='word_1_362' title='bbox 1268 3486 1381 3544; x_wconf 83' lang='lat' dir='ltr'><strong>persua·</strong></span> 
     </span>
     <span class='ocr_line' id='line_1_37' title="bbox 103 3553 1380 3630; baseline 0.007 -27"><span class='ocrx_word' id='word_1_363' title='bbox 103 3561 185 3608; x_wconf 83' lang='lat' dir='ltr'><strong>seram</strong></span> <span class='ocrx_word' id='word_1_364' title='bbox 205 3555 306 3615; x_wconf 87' lang='lat' dir='ltr'><strong>sensit,</strong></span> <span class='ocrx_word' id='word_1_365' title='bbox 335 3554 407 3626; x_wconf 90' lang='lat' dir='ltr'><strong>quod</strong></span> <span class='ocrx_word' id='word_1_366' title='bbox 435 3554 541 3627; x_wconf 88' lang='lat' dir='ltr'><strong>quidem</strong></span> <span class='ocrx_word' id='word_1_367' title='bbox 565 3553 703 3611; x_wconf 85' lang='lat' dir='ltr'><strong>Germanis</strong></span> <span class='ocrx_word' id='word_1_368' title='bbox 733 3554 902 3628; x_wconf 86' lang='lat' dir='ltr'><strong>principibus</strong></span> <span class='ocrx_word' id='word_1_369' title='bbox 932 3555 1029 3612; x_wconf 90' lang='lat' dir='ltr'><strong>durum</strong></span> <span class='ocrx_word' id='word_1_370' title='bbox 1056 3572 1191 3630; x_wconf 80' lang='lat' dir='ltr'><strong>graveque</strong></span> <span class='ocrx_word' id='word_1_371' title='bbox 1219 3556 1305 3612; x_wconf 89' lang='lat' dir='ltr'><strong>visum</strong></span> <span class='ocrx_word' id='word_1_372' title='bbox 1328 3563 1380 3612; x_wconf 76' lang='lat' dir='ltr'><strong>ast</strong></span> 
     </span>
     <span class='ocr_line' id='line_1_38' title="bbox 102 3631 1449 3712; baseline 0.002 -22"><span class='ocrx_word' id='word_1_373' title='bbox 102 3631 160 3690; x_wconf 84' lang='lat' dir='ltr'><strong>Post</strong></span> <span class='ocrx_word' id='word_1_374' title='bbox 180 3637 283 3694; x_wconf 86' lang='lat' dir='ltr'><strong>multos</strong></span> <span class='ocrx_word' id='word_1_375' title='bbox 304 3638 375 3700; x_wconf 83' lang='lat' dir='ltr'><strong>dies.</strong></span> <span class='ocrx_word' id='word_1_376' title='bbox 405 3639 452 3712; x_wconf 89' lang='lat' dir='ltr'><strong>qui</strong></span> <span class='ocrx_word' id='word_1_377' title='bbox 475 3638 656 3712; x_wconf 81' lang='lat' dir='ltr'><strong>tum⁸private</strong></span> <span class='ocrx_word' id='word_1_378' title='bbox 680 3647 736 3695; x_wconf 85' lang='lat' dir='ltr'><strong>tuin</strong></span> <span class='ocrx_word' id='word_1_379' title='bbox 759 3638 866 3712; x_wconf 85' lang='lat' dir='ltr'><strong>publice</strong></span> <span class='ocrx_word' id='word_1_380' title='bbox 887 3638 1054 3696; x_wconf 90' lang='lat' dir='ltr'><strong>consulendo</strong></span> <span class='ocrx_word' id='word_1_381' title='bbox 1078 3641 1204 3698; x_wconf 74' lang='lat' dir='ltr'><strong>mansueti</strong></span> <span class='ocrx_word' id='word_1_382' title='bbox 1228 3647 1304 3702; x_wconf 90' lang='lat' dir='ltr'><strong>sunt,</strong></span> <span class='ocrx_word' id='word_1_383' title='bbox 1327 3641 1449 3697; x_wconf 70' lang='lat' dir='ltr'><strong>tiu-tar.</strong></span> 
     </span>
     <span class='ocr_line' id='line_1_39' title="bbox 103 3718 1448 3805; baseline 0.007 -33"><span class='ocrx_word' id='word_1_384' title='bbox 103 3719 164 3776; x_wconf 86' lang='lat' dir='ltr'><strong>cissa</strong></span> <span class='ocrx_word' id='word_1_385' title='bbox 184 3721 301 3779; x_wconf 77' lang='lat' dir='ltr'><strong>bavariae</strong></span> <span class='ocrx_word' id='word_1_386' title='bbox 323 3721 462 3797; x_wconf 78' lang='lat' dir='ltr'><strong>Casymirn</strong></span> <span class='ocrx_word' id='word_1_387' title='bbox 484 3723 630 3781; x_wconf 79' lang='lat' dir='ltr'><strong>llarelrioni</strong></span> <span class='ocrx_word' id='word_1_388' title='bbox 652 3724 786 3797; x_wconf 86' lang='lat' dir='ltr'><strong>desponsa</strong></span> <span class='ocrx_word' id='word_1_389' title='bbox 809 3726 971 3798; x_wconf 73' lang='lat' dir='ltr'><strong>Augustam.</strong></span> <span class='ocrx_word' id='word_1_390' title='bbox 994 3724 1146 3802; x_wconf 63' lang='lat' dir='ltr'><strong>deaurato!</strong></span> <span class='ocrx_word' id='word_1_391' title='bbox 1169 3718 1381 3805; x_wconf 45' lang='grc' dir='ltr'><strong>ἓξηξῖξξᾋᾞξὼ</strong></span> <span class='ocrx_word' id='word_1_392' title='bbox 1447 3789 1448 3792; x_wconf 11' lang='lat'>¹</span> 
     </span>
     <span class='ocr_line' id='line_1_40' title="bbox 103 3801 1380 3883; baseline 0.007 -27"><span class='ocrx_word' id='word_1_393' title='bbox 103 3801 126 3856; x_wconf 93' lang='lat' dir='ltr'><strong>in</strong></span> <span class='ocrx_word' id='word_1_394' title='bbox 139 3804 239 3878; x_wconf 89' lang='lat' dir='ltr'><strong>pilento</strong></span> <span class='ocrx_word' id='word_1_395' title='bbox 255 3814 346 3870; x_wconf 85' lang='lat' dir='ltr'><strong>vecta,</strong></span> <span class='ocrx_word' id='word_1_396' title='bbox 369 3808 494 3880; x_wconf 85' lang='lat' dir='ltr'><strong>ingressa</strong></span> <span class='ocrx_word' id='word_1_397' title='bbox 509 3815 565 3872; x_wconf 89' lang='lat' dir='ltr'><strong>est;</strong></span> <span class='ocrx_word' id='word_1_398' title='bbox 589 3807 693 3866; x_wconf 86' lang='lat' dir='ltr'><strong>obviam</strong></span> <span class='ocrx_word' id='word_1_399' title='bbox 716 3809 807 3864; x_wconf 81' lang='lat' dir='ltr'><strong>Caesar</strong></span> <span class='ocrx_word' id='word_1_400' title='bbox 829 3827 859 3865; x_wconf 85' lang='lat' dir='ltr'><strong>ac</strong></span> <span class='ocrx_word' id='word_1_401' title='bbox 881 3810 972 3866; x_wconf 74' lang='lat' dir='ltr'><strong>ceteri</strong></span> <span class='ocrx_word' id='word_1_402' title='bbox 996 3807 1129 3866; x_wconf 87' lang='lat' dir='ltr'><strong>electores</strong></span> <span class='ocrx_word' id='word_1_403' title='bbox 1151 3809 1286 3883; x_wconf 88' lang='lat' dir='ltr'><strong>prodiere.</strong></span> <span class='ocrx_word' id='word_1_404' title='bbox 1315 3811 1380 3866; x_wconf 83' lang='lat' dir='ltr'><strong>Cum</strong></span> 
     </span>
     <span class='ocr_line' id='line_1_41' title="bbox 76 3887 1381 3969; baseline 0.008 -29"><span class='ocrx_word' id='word_1_405' title='bbox 76 3887 132 3941; x_wconf 80' lang='lat' dir='ltr'><strong>atad</strong></span> <span class='ocrx_word' id='word_1_406' title='bbox 150 3890 200 3946; x_wconf 82' lang='lat' dir='ltr'><strong>divi</strong></span> <span class='ocrx_word' id='word_1_407' title='bbox 222 3890 339 3949; x_wconf 87' lang='lat' dir='ltr'><strong>Udalrici</strong></span> <span class='ocrx_word' id='word_1_408' title='bbox 360 3893 555 3949; x_wconf 88' lang='lat' dir='ltr'><strong>monasterium</strong></span> <span class='ocrx_word' id='word_1_409' title='bbox 577 3903 737 3967; x_wconf 88' lang='lat' dir='ltr'><strong>perventum</strong></span> <span class='ocrx_word' id='word_1_410' title='bbox 760 3903 815 3957; x_wconf 90' lang='lat' dir='ltr'><strong>est,</strong></span> <span class='ocrx_word' id='word_1_411' title='bbox 838 3912 889 3968; x_wconf 89' lang='lat' dir='ltr'><strong>pro</strong></span> <span class='ocrx_word' id='word_1_412' title='bbox 912 3893 1006 3969; x_wconf 90' lang='lat' dir='ltr'><strong>templi</strong></span> <span class='ocrx_word' id='word_1_413' title='bbox 1027 3893 1134 3957; x_wconf 87' lang='lat' dir='ltr'><strong>limine,</strong></span> <span class='ocrx_word' id='word_1_414' title='bbox 1157 3894 1190 3949; x_wconf 91' lang='lat' dir='ltr'><strong>de</strong></span> <span class='ocrx_word' id='word_1_415' title='bbox 1206 3910 1295 3957; x_wconf 89' lang='lat' dir='ltr'><strong>more,</strong></span> <span class='ocrx_word' id='word_1_416' title='bbox 1319 3894 1381 3950; x_wconf 84' lang='lat' dir='ltr'><strong>Car·</strong></span> 
     </span>
     <span class='ocr_line' id='line_1_42' title="bbox 102 3969 1381 4054; baseline 0.009 -29"><span class='ocrx_word' id='word_1_417' title='bbox 102 3969 189 4032; x_wconf 82' lang='lat' dir='ltr'><strong>dioclis</strong></span> <span class='ocrx_word' id='word_1_418' title='bbox 210 3975 383 4050; x_wconf 84' lang='lat' dir='ltr'><strong>llaguntinns</strong></span> <span class='ocrx_word' id='word_1_419' title='bbox 406 3977 590 4036; x_wconf 82' lang='lat' dir='ltr'><strong>advenientem</strong></span> <span class='ocrx_word' id='word_1_420' title='bbox 613 3980 733 4053; x_wconf 82' lang='lat' dir='ltr'><strong>excepit,</strong></span> <span class='ocrx_word' id='word_1_421' title='bbox 761 3979 985 4053; x_wconf 89' lang='lat' dir='ltr'><strong>sponsaliumque</strong></span> <span class='ocrx_word' id='word_1_422' title='bbox 1012 3978 1169 4054; x_wconf 82' lang='lat' dir='ltr'><strong>praefamine</strong></span> <span class='ocrx_word' id='word_1_423' title='bbox 1196 3977 1265 4036; x_wconf 89' lang='lat' dir='ltr'><strong>bene</strong></span> <span class='ocrx_word' id='word_1_424' title='bbox 1286 3980 1381 4054; x_wconf 88' lang='lat' dir='ltr'><strong>adpre·</strong></span> 
     </span>
    </p>
   </div>
   <div class='ocr_carea' id='block_1_3' title="bbox 103 4137 294 4150">
    <p class='ocr_par' dir='ltr' id='par_1_3' title="bbox 103 4137 294 4150">
     <span class='ocr_line' id='line_1_43' title="bbox 103 4137 294 4150; baseline 0.021 -4"><span class='ocrx_word' id='word_1_425' title='bbox 103 4137 191 4149; x_wconf 43' lang='lat' dir='ltr'><strong>unm-0</strong></span> <span class='ocrx_word' id='word_1_426' title='bbox 203 4145 221 4150; x_wconf 48' lang='lat' dir='ltr'><strong>q.</strong></span> <span class='ocrx_word' id='word_1_427' title='bbox 237 4147 242 4150; x_wconf 90' lang='lat'><em>.</em></span> <span class='ocrx_word' id='word_1_428' title='bbox 262 4145 294 4150; x_wconf 46' lang='grc' dir='ltr'><strong>..Δ</strong></span> 
     </span>
    </p>
   </div>
   <div class='ocr_carea' id='block_1_4' title="bbox 103 4237 1401 4822">
    <p class='ocr_par' dir='ltr' id='par_1_4' title="bbox 103 4237 1401 4822">
     <span class='ocr_line' id='line_1_44' title="bbox 132 4237 1383 4313; baseline 0.004 -20"><span class='ocrx_word' id='word_1_429' title='bbox 132 4237 349 4309; x_wconf 65' lang='lat' dir='ltr'><strong>&#39;precipumad</strong></span> <span class='ocrx_word' id='word_1_430' title='bbox 380 4247 530 4313; x_wconf 71' lang='lat' dir='ltr'><strong>pretiumd.</strong></span> <span class='ocrx_word' id='word_1_431' title='bbox 548 4245 748 4312; x_wconf 73' lang='lat' dir='ltr'><strong>principiomd.</strong></span> <span class='ocrx_word' id='word_1_432' title='bbox 783 4243 1227 4311; x_wconf 52' lang='lat' dir='ltr'><strong>§.384Cf.dnr.Bull.ad§.4.cib</strong></span> <span class='ocrx_word' id='word_1_433' title='bbox 1265 4245 1383 4300; x_wconf 73' lang='lat' dir='ltr'><strong>”Bran-</strong></span> 
     </span>
     <span class='ocr_line' id='line_1_45' title="bbox 103 4319 1383 4398; baseline 0.01 -27"><span class='ocrx_word' id='word_1_434' title='bbox 103 4319 293 4392; x_wconf 82' lang='lat' dir='ltr'><strong>ilanburgauais</strong></span> <span class='ocrx_word' id='word_1_435' title='bbox 307 4334 334 4380; x_wconf 85' lang='lat'><strong>3.</strong></span> <span class='ocrx_word' id='word_1_436' title='bbox 347 4333 421 4382; x_wconf 84' lang='lat' dir='ltr'><strong>etsie</strong></span> <span class='ocrx_word' id='word_1_437' title='bbox 436 4337 535 4396; x_wconf 83' lang='lat' dir='ltr'><strong>postea.</strong></span> <span class='ocrx_word' id='word_1_438' title='bbox 590 4331 610 4363; x_wconf 73' lang='lat'><strong>¹⁸</strong></span> <span class='ocrx_word' id='word_1_439' title='bbox 628 4329 694 4396; x_wconf 85' lang='lat' dir='ltr'><strong>tres]</strong></span> <span class='ocrx_word' id='word_1_440' title='bbox 708 4329 1000 4396; x_wconf 80' lang='lat' dir='ltr'><strong>nominavidep.237.</strong></span> <span class='ocrx_word' id='word_1_441' title='bbox 1051 4329 1073 4364; x_wconf 79' lang='lat'><strong>²⁸</strong></span> <span class='ocrx_word' id='word_1_442' title='bbox 1095 4333 1183 4384; x_wconf 80' lang='lat' dir='ltr'><strong>Vitelli</strong></span> <span class='ocrx_word' id='word_1_443' title='bbox 1199 4338 1283 4386; x_wconf 80' lang='lat' dir='ltr'><strong>oratio</strong></span> <span class='ocrx_word' id='word_1_444' title='bbox 1299 4349 1383 4398; x_wconf 49' lang='lat' dir='ltr'><strong>supra*</strong></span> 
     </span>
     <span class='ocr_line' id='line_1_46' title="bbox 103 4411 1377 4482; baseline 0.013 -28"><span class='ocrx_word' id='word_1_445' title='bbox 103 4413 213 4472; x_wconf 83' lang='lat' dir='ltr'><strong>repetita.</strong></span> <span class='ocrx_word' id='word_1_446' title='bbox 246 4411 269 4444; x_wconf 73' lang='lat'><strong>²³</strong></span> <span class='ocrx_word' id='word_1_447' title='bbox 281 4415 411 4466; x_wconf 83' lang='lat' dir='ltr'><strong>Latinam</strong></span> <span class='ocrx_word' id='word_1_448' title='bbox 424 4412 518 4480; x_wconf 84' lang='lat' dir='ltr'><strong>plana]</strong></span> <span class='ocrx_word' id='word_1_449' title='bbox 529 4419 569 4466; x_wconf 83' lang='lat' dir='ltr'><strong>nel</strong></span> <span class='ocrx_word' id='word_1_450' title='bbox 578 4417 656 4466; x_wconf 84' lang='lat' dir='ltr'><strong>minna</strong></span> <span class='ocrx_word' id='word_1_451' title='bbox 668 4417 789 4466; x_wconf 83' lang='lat' dir='ltr'><strong>Latinum</strong></span> <span class='ocrx_word' id='word_1_452' title='bbox 800 4431 872 4482; x_wconf 82' lang='lat' dir='ltr'><strong>quarn</strong></span> <span class='ocrx_word' id='word_1_453' title='bbox 883 4417 963 4481; x_wconf 78' lang='lat' dir='ltr'><strong>ipsius</strong></span> <span class='ocrx_word' id='word_1_454' title='bbox 975 4417 1121 4468; x_wconf 85' lang='lat' dir='ltr'><strong>Bartdoliaa&#39;</strong></span> <span class='ocrx_word' id='word_1_455' title='bbox 1130 4423 1223 4470; x_wconf 82' lang='lat' dir='ltr'><strong>oratio.</strong></span> <span class='ocrx_word' id='word_1_456' title='bbox 1262 4416 1284 4450; x_wconf 82' lang='lat'><strong>⁸⁸</strong></span> <span class='ocrx_word' id='word_1_457' title='bbox 1296 4420 1377 4471; x_wconf 85' lang='lat' dir='ltr'><strong>Prus-</strong></span> 
     </span>
     <span class='ocr_line' id='line_1_47' title="bbox 106 4493 1377 4562; baseline 0.013 -23"><span class='ocrx_word' id='word_1_458' title='bbox 106 4493 201 4561; x_wconf 78' lang='lat' dir='ltr'><strong>censes]</strong></span> <span class='ocrx_word' id='word_1_459' title='bbox 220 4501 378 4562; x_wconf 87' lang='lat' dir='ltr'><strong>prusienses</strong></span> <span class='ocrx_word' id='word_1_460' title='bbox 391 4503 471 4550; x_wconf 78' lang='grc'><strong><em>1.2.4.</em></strong></span> <span class='ocrx_word' id='word_1_461' title='bbox 489 4501 651 4551; x_wconf 84' lang='lat' dir='ltr'><strong>Prusiensea</strong></span> <span class='ocrx_word' id='word_1_462' title='bbox 666 4503 691 4551; x_wconf 80' lang='lat'><strong>3.</strong></span> <span class='ocrx_word' id='word_1_463' title='bbox 721 4500 819 4550; x_wconf 86' lang='lat' dir='ltr'><strong>Vitelli</strong></span> <span class='ocrx_word' id='word_1_464' title='bbox 831 4505 899 4551; x_wconf 85' lang='lat' dir='ltr'><strong>oret.</strong></span> <span class='ocrx_word' id='word_1_465' title='bbox 913 4501 937 4562; x_wconf 69' lang='lat'><strong>§-</strong></span> <span class='ocrx_word' id='word_1_466' title='bbox 949 4500 991 4552; x_wconf 84' lang='grc'><strong>33.</strong></span> <span class='ocrx_word' id='word_1_467' title='bbox 1010 4501 1132 4552; x_wconf 86' lang='lat' dir='ltr'><strong>ostendit</strong></span> <span class='ocrx_word' id='word_1_468' title='bbox 1148 4517 1299 4556; x_wconf 86' lang='lat' dir='ltr'><strong>sermonem</strong></span> <span class='ocrx_word' id='word_1_469' title='bbox 1317 4517 1377 4556; x_wconf 85' lang='lat' dir='ltr'><strong>esee</strong></span> 
     </span>
     <span class='ocr_line' id='line_1_48' title="bbox 105 4570 1401 4646; baseline 0.011 -22"><span class='ocrx_word' id='word_1_470' title='bbox 105 4573 133 4624; x_wconf 82' lang='lat' dir='ltr'><strong>tle</strong></span> <span class='ocrx_word' id='word_1_471' title='bbox 154 4581 322 4646; x_wconf 85' lang='lat' dir='ltr'><strong>principibus</strong></span> <span class='ocrx_word' id='word_1_472' title='bbox 338 4583 485 4634; x_wconf 83' lang='lat' dir='ltr'><strong>Ruesornm</strong></span> <span class='ocrx_word' id='word_1_473' title='bbox 509 4590 607 4636; x_wconf 82' lang='lat' dir='ltr'><strong>contra</strong></span> <span class='ocrx_word' id='word_1_474' title='bbox 623 4584 740 4636; x_wconf 86' lang='lat' dir='ltr'><strong>Polonos</strong></span> <span class='ocrx_word' id='word_1_475' title='bbox 765 4586 924 4636; x_wconf 84' lang='lat' dir='ltr'><strong>iuimicitias</strong></span> <span class='ocrx_word' id='word_1_476' title='bbox 942 4587 1107 4638; x_wconf 80' lang='lat' dir='ltr'><strong>foventibus.</strong></span> <span class='ocrx_word' id='word_1_477' title='bbox 1130 4587 1307 4640; x_wconf 82' lang='lat' dir='ltr'><strong>Bartbcllmtta</strong></span> <span class='ocrx_word' id='word_1_478' title='bbox 1324 4570 1401 4638; x_wconf 54' lang='lat' dir='ltr'><strong>llo-¹</strong></span> 
     </span>
     <span class='ocr_line' id='line_1_49' title="bbox 107 4659 1379 4738; baseline 0.007 -26"><span class='ocrx_word' id='word_1_479' title='bbox 107 4659 232 4728; x_wconf 77' lang='lat' dir='ltr'><strong>depone.</strong></span> <span class='ocrx_word' id='word_1_480' title='bbox 253 4668 421 4720; x_wconf 79' lang='lat' dir='ltr'><strong>‘Prutbenos&#39;</strong></span> <span class='ocrx_word' id='word_1_481' title='bbox 440 4670 562 4722; x_wconf 79' lang='lat' dir='ltr'><strong>scribere</strong></span> <span class='ocrx_word' id='word_1_482' title='bbox 580 4671 677 4722; x_wconf 86' lang='lat' dir='ltr'><strong>solitus</strong></span> <span class='ocrx_word' id='word_1_483' title='bbox 702 4677 770 4720; x_wconf 82' lang='lat' dir='ltr'><strong>erut.</strong></span> <span class='ocrx_word' id='word_1_484' title='bbox 833 4671 875 4732; x_wconf 62' lang='grc' dir='ltr'><strong>βξ.</strong></span> <span class='ocrx_word' id='word_1_485' title='bbox 888 4668 1003 4736; x_wconf 75' lang='lat'><strong>42...49.]</strong></span> <span class='ocrx_word' id='word_1_486' title='bbox 1022 4670 1067 4722; x_wconf 79' lang='lat' dir='ltr'><strong>Ol.</strong></span> <span class='ocrx_word' id='word_1_487' title='bbox 1081 4679 1144 4736; x_wconf 89' lang='lat' dir='ltr'><strong>post</strong></span> <span class='ocrx_word' id='word_1_488' title='bbox 1160 4672 1231 4722; x_wconf 85' lang='lat' dir='ltr'><strong>banc</strong></span> <span class='ocrx_word' id='word_1_489' title='bbox 1249 4673 1379 4738; x_wconf 85' lang='lat' dir='ltr'><strong>descript.</strong></span> 
     </span>
     <span class='ocr_line' id='line_1_50' title="bbox 105 4751 1375 4822; baseline 0.013 -29"><span class='ocrx_word' id='word_1_490' title='bbox 105 4751 272 4812; x_wconf 83' lang='lat' dir='ltr'><strong>repetendam</strong></span> <span class='ocrx_word' id='word_1_491' title='bbox 296 4753 405 4804; x_wconf 69' lang='lat' dir='ltr'><strong>[munais</strong></span> <span class='ocrx_word' id='word_1_492' title='bbox 423 4753 588 4820; x_wconf 84' lang='lat' dir='ltr'><strong>Haaelbergi</strong></span> <span class='ocrx_word' id='word_1_493' title='bbox 610 4756 823 4821; x_wconf 87' lang='lat' dir='ltr'><strong>descriptionem</strong></span> <span class='ocrx_word' id='word_1_494' title='bbox 847 4756 941 4806; x_wconf 81' lang='lat' dir='ltr'><strong>barum</strong></span> <span class='ocrx_word' id='word_1_495' title='bbox 959 4756 1114 4822; x_wconf 82' lang='lat' dir='ltr'><strong>nuptiarum</strong></span> <span class='ocrx_word' id='word_1_496' title='bbox 1131 4757 1341 4810; x_wconf 79' lang='lat' dir='ltr'><strong>celebratarum.</strong></span> <span class='ocrx_word' id='word_1_497' title='bbox 1369 4768 1375 4778; x_wconf 94' lang='grc'><em>’</em></span> 
     </span>
    </p>
   </div>
   <div class='ocr_carea' id='block_1_5' title="bbox 0 0 1722 5512">
    <p class='ocr_par' dir='ltr' id='par_1_5' title="bbox 0 0 1722 5512">
     <span class='ocr_line' id='line_1_51' title="bbox 0 0 1722 5512; baseline 0 0"><span class='ocrx_word' id='word_1_498' title='bbox 0 0 1722 5512; x_wconf 95' lang='lat' dir='ltr'><strong> </strong></span> 
     </span>
    </p>
   </div>
  </div>
 </body>
</html>
