3382 5516
207 402 309 437 GEORG·
323 401 440 436 senisve
452 371 492 436 bl)⁴
501 393 725 439 PROPOSITlollB!
739 401 922 452 mllllslssl
936 401 993 436 rur.
1008 396 1104 442 Mblss·
1118 402 1236 440 PAG'PU.
1294 373 1362 446 l83

93 573 141 608 rum
157 573 226 608 esse.
279 556 347 606 Haec
366 555 453 606 oratio
472 557 533 606 bum
549 536 649 606 iustam
668 559 696 606 et
713 571 824 622 gravem
843 556 983 622 querelam
999 557 1150 620 habuisset,
1170 563 1198 608 et
1210 575 1275 610 vere
1292 575 1363 610 com·

93 645 261 694 memorasset
279 647 379 706 quanto
397 641 425 690 in
444 640 565 708 periculo
585 645 658 691 esset
676 642 805 692 universa
816 641 957 702 Ecclesia,
977 657 1057 708 quem
1069 645 1155 708 pium,
1176 659 1257 708 quum
1268 659 1363 696 necee-

91 728 179 778 sarium
198 731 276 776 essct
291 741 385 800 omnes
402 726 488 776 bonos
500 741 534 776 ac
546 726 631 778 fortes
644 726 718 776 viros
731 726 765 776 sd
774 723 830 776 hoc
843 726 993 790 periculum
1006 727 1195 792 depellendum
1208 743 1361 794 accurrere,

91 828 136 862 nou
151 811 238 862 solum
256 812 353 862 summi
370 811 526 872 Pontificis,
545 811 593 861 sed
612 811 697 876 ipsine
708 810 846 862 Ecclesiae
858 811 1024 870 Cirristianse
1043 829 1094 862 vox
1106 829 1166 863 esse
1179 813 1361 866 indicabatur.

89 899 176 963 Itaque
196 912 258 948 cnm
277 895 370 947 Caesar
388 898 417 946 iu
434 897 586 962 praesentiu'
601 911 691 961 pauco
709 895 823 948 dixisset
840 895 873 946 de
892 911 943 946 sua
965 896 1121 958 voluntate,
1148 903 1177 948 et
1198 899 1364 957 ostendisset

89 999 113 1032 se
129 983 239 1032 summis
256 981 327 1032 rotis
345 981 417 1032 hunc
435 995 597 1030 consensum
616 981 756 1032 nationum
776 996 882 1045 semper
899 984 1011 1046 optasse
1031 980 1065 1032 ad
1077 967 1178 1034 bellurn
1192 983 1374 1037 inferendum.

89 1068 188 1128 Tereia,
209 1065 405 1118 etadiecisset
423 1065 455 1116 de
475 1065 581 1116 ratione
601 1059 667 1115 b'elli
684 1065 798 1132 gerendi
816 1081 845 1118 se
870 1081 931 1116 cum
953 1066 1126 1132 Principibus
1149 1067 1363 1120 deliberaturum

89 1165 153 1214 esso,
171 1149 289 1202 miritice
307 1155 367 1201 erat
384 1150 542 1215 expectatio
560 1149 680 1200 omniurn
698 1149 847 1202 ordinumz-
859 1165 923 1200 nam
947 1166 1008 1200 cum
1030 1167 1123 1202 omues
1146 1153 1290 1220 Principes
1311 1169 1362 1209 sna

87 1241 174 1301 sponte
192 1237 295 1303 optime
313 1234 428 1286 animati
446 1238 539 1286 esseut
557 1251 624 1302 erga
642 1235 714 1286 hsnc
733 1249 872 1297 caussam,
891 1235 940 1285 sed
957 1236 1083 1286 viderent
1100 1252 1167 1302 opus
1186 1251 1245 1288 esse
1259 1237 1362 1288 adrem

86 1327 182 1372 tantm
199 1319 405 1388 suscipiendum
427 1321 653 1385 peritissimorum
677 1319 891 1385 deliberatione,
920 1321 1036 1372 manime
1065 1322 1216 1387 cnpiebent
1244 1322 1279 1373 ab
1303 1323 1362 1388 ipso

88 1406 189 1456 Caesare
208 1409 318 1472 propter
337 1404 411 1454 illius
435 1403 616 1458 excellentem
639 1405 812 1470 prudentiam
836 1409 864 1454 ct
886 1419 963 1456 nsum
986 1407 1014 1456 in
1039 1422 1067 1455 re
1091 1407 1205 1460 militari
1228 1409 1361 1459 rationem

88 1491 196 1556 parendi
213 1495 242 1540 et
260 1487 373 1560 gerendi
391 1488 458 1540 belli
476 1487 582 1556 exponi.
625 1489 692 1539 Cum
716 1489 810 1540 Caesar
833 1491 874 1540 sic
900 1490 1013 1541 effectos
1037 1507 1096 1542 esse
1121 1492 1360 1556 animadverteret,

84 1577 154 1626 seuit
170 1577 200 1626 in
220 1589 377 1627 consessum
392 1574 552 1640 Principum
570 1579 631 1640 post
648 1589 751 1642 paucos
768 1573 845 1637 dies,
865 1589 979 1640 cumque
998 1575 1178 1628 cormelutetis
1191 1577 1231 1628 eis
1244 1577 1361 1629 essedis·

87 1667 136 1724 set,
154 1660 239 1727 coepit
257 1675 392 1725 exponere
411 1659 529 1710 consilia
547 1663 576 1710 et
593 1658 761 1710 voluntatem
779 1675 856 1710 suom
874 1660 903 1710 iu
920 1660 991 1712 hanc
1010 1661 1187 1712 senteutiam:
1287 1719 1290 1724 ,

101 1763 169 1814 lbil'.
187 1761 422 1814 srsmurmsul
441 1757 601 1812 CAESARIS
619 1759 769 1811 AVGVST.
790 1761 935 1815 ORATIO.
956 1760 1334 1830 [sctititupupp.17tl;..lbl.]

146 1849 329 1912 Posteaquam
347 1845 399 1895 boc
416 1844 495 1896 modo
512 1846 651 1926 peroravit
669 1845 820 1911 Imperator
837 1847 1055 1910 Maximilieuus‚
1074 1848 1218 1916 Principes
1237 1833 1365 1914 eliquen-¹

88 1933 178 1998 tisper‚
197 1937 227 1982 nt
245 1931 288 1994 tit,
308 1929 437 1982 collocuti
454 1931 531 1992 sunt,
556 1934 585 1980 et
602 1931 667 1996 quie
686 1931 915 1998 eximperatoris
934 1931 1058 1982 oratioue
1075 1932 1284 1997 intellexerant,
1307 1949 1362 1991 non

87 2017 164 2066 solum
183 2032 263 2082 qnam
281 2015 467 2066 necessarium
486 2019 560 2066 esset
577 2015 629 2066 hoc
647 2015 763 2076 bellum,
782 2016 831 2066 sed
849 2017 934 2066 etiarn
952 2032 1012 2084 quoe
1032 2016 1125 2068 future
1143 2019 1361 2081 memineritis,

88 2117 141 2150 cum
158 2102 263 2152 seirent
280 2116 311 2152 ss
330 2115 382 2170 nec
401 2101 536 2150 communi
554 2099 636 2150 saluti
659 2093 710 2150 nec
734 2101 833 2154 studiis
856 2101 973 2152 alierum
990 2102 1112 2166 gentium
1135 2101 1232 2154 deesse
1251 2104 1361 2166 debere,

88 2186 147 2236 dent
168 2187 309 2252 negotium
332 2184 445 2236 Alberto
466 2184 682 2250 Arcbiepiecopc
704 2185 866 2251 Mogentiuo
887 2186 1006 2251 principi
1030 2186 1157 2248 electori,
1180 2193 1210 2238 ut
1232 2188 1266 2238 de
1289 2187 1362 2240 bello

88 2270 247 2322 voluntatem
263 2271 385 2336 ipsorum
402 2269 507 2320 eesari
526 2275 689 2334 exponeret,
714 2285 744 2320 se
770 2261 827 2320 [leo
852 2271 957 2334 gratiss
981 2285 1079 2342 egere,
1104 2271 1174 2336 quod
1197 2287 1268 2338 pace
1290 2273 1364 2324 inter

89 2354 231 2406 Christiani
249 2355 366 2406 nominis
379 2355 475 2420 Reges
493 2354 643 2404 constituta
661 2354 771 2404 tandem
790 2353 840 2404 hoc
860 2354 960 2406 bellum
978 2355 1080 2422 suscipi
1098 2361 1204 2422 posset,
1224 2372 1258 2408 ec
1275 2357 1363 2408 libem·

88 2445 125 2488 ter
140 2455 169 2490 se
187 2445 315 2492 venturos
334 2454 394 2490 esse
412 2439 442 2488 in
460 2439 622 2490 societatem
640 2443 696 2488 tem
720 2439 833 2506 gloriosi
856 2445 883 2490 et
907 2440 946 2504 pii
972 2440 1052 2502 belli,
1077 2455 1223 2506 omnesque
1247 2457 1313 2508 opes
1336 2449 1364 2495 et

89 2525 155 2575 uires
171 2539 237 2576 suae
255 2524 290 2575 cd
308 2539 475 2576 communem
493 2524 682 2596 defensionem
701 2523 861 2586 conatorem
880 2539 964 2588 quere
982 2525 1083 2588 statim,
1094 2525 1165 2577 velle
1184 2541 1214 2578 se
1227 2525 1363 2578 delibere-

89 2609 183 2660 tionem
195 2609 229 2660 de
243 2607 360 2660 formula
371 2609 529 2670 instituere,
550 2614 578 2658 et
591 2607 654 2673 qnid
667 2609 734 2674 ipsis
746 2609 896 2672 videretur,
916 2609 1078 2676 Imperatori
1089 2603 1227 2673 indicare,
1241 2614 1364 2676 utquam

89 2694 194 2758 primum
213 2695 355 2746 conveniri
372 2701 474 2760 posset.
509 2693 640 2744 Pormula
664 2709 698 2744 ee
721 2693 957 2760 complectebatur
979 2699 1109 2760 quantum
1132 2697 1254 2760 equitum
1272 2701 1300 2748 et
1317 2711 1365 2763 pe,-
1437 2745 1441 2752 ,

90 2778 166 2830 dium
184 2779 285 2847 singuli
304 2779 448 2844 Principes
467 2783 495 2829 et
512 2769 608 2845 populi
623 2778 733 2836 mittere
750 2777 892 2830 deberent
927 2779 960 2828 In
978 2779 1030 2830 bac
1049 2784 1127 2846 perte
1146 2780 1215 2832 nibil
1227 2786 1364 2850 *numium

90 2869 139 2914 est:
157 2882 219 2916 nem
237 2863 364 2916 militiam
382 2868 461 2914 nemo
478 2863 665 2924 detrectabam
684 2862 804 2914 libenter
821 2867 921 2929 quippe
940 2864 1042 2930 singuli
1054 2866 1111 2916 suis
1123 2866 1263 2933 stipendia
1273 2867 1366 2924 daturi

91 2957 171 3000 erant.
206 2950 261 3000 Sed
278 2954 380 3016 prester
396 2948 456 2998 brec
474 2949 502 2998 in
521 2946 638 2998 formula
657 2952 833 2998 erat-novum
851 2947 947 2998 tributi
965 2963 1065 3016 genus,
1085 2955 1115 3000 nt
1126 2952 1259 3020 Episcopi
1276 2952 1365 3004 etSe-

92 3035 209 3092 cerdotss
226 3034 388 3085 deciderent
404 3033 438 3084 ds
456 3034 513 3084 suis
531 3032 665 3084 reditibus
683 3032 805 3082 decimas
824 3032 1053 3086 eonfereudesiu
1071 3035 1277 3100 helbrannus,
1303 3036 1366 3089 reli·

91 3121 132 3183 qui
145 3093 290 3185 Principes
307 3118 461 3168 vicesimas.
492 3117 525 3168 de
550 3116 603 3167 huc
627 3131 700 3168 nova
722 3117 819 3166 tributi
842 3117 958 3168 formula
976 3121 1121 3172 sententie
1138 3122 1296 3188 Principum
1308 3139 1365 3174 vuss·

92 3203 208 3254 riebant:
227 3207 306 3255 erent
324 3202 448 3254 nonnulli
466 3203 512 3268 qui
524 3201 647 3252 libertati
659 3203 745 3252 veteri
758 3200 940 3267 periculosum
953 3218 1013 3254 esse
1026 3205 1179 3270 ducebaut;
1198 3206 1247 3258 sed
1260 3222 1294 3257 ea
1306 3213 1367 3258 erut

91 3293 150 3340 tunc
168 3288 276 3354 quidem
295 3288 419 3354 gravitas
437 3292 466 3335 et
480 3287 641 3352 Principum
658 3286 760 3347 virtus,
778 3291 809 3336 nt
825 3286 957 3352 impedire
976 3288 1083 3340 bellum·
1095 3291 1210 3356 privetis
1228 3292 1301 3342 curis
1319 3297 1369 3342 eut

93 3373 230 3424 affectibus
248 3386 419 3437 nequaquam
439 3371 588 3422 voluerint:
606 3372 701 3436 itaquo
720 3371 774 3422 etsi
789 3361 825 3421 de
844 3371 897 3422 hec
909 3371 1017 3424 Tributi
1035 3374 1367 3438 formuladissensersnt,

92 3463 177 3508 tamen
195 3457 289 3508 statim
308 3459 437 3508 convenit
454 3457 494 3508 ita
512 3461 617 3508 certum
634 3471 774 3508 nnmerum
793 3457 913 3521 equitum
932 3462 960 3507 et
977 3458 1098 3524 peditum
1116 3459 1218 3526 singuli
1236 3465 1267 3511 ut
1278 3461 1366 3520 mitte,-

93 3547 159 3606 rebt,
179 3549 207 3594 et
225 3543 267 3594 his
286 3541 424 3609 stipendia
442 3541 582 3594 solverent
599 3541 665 3606 ipsi:
691 3540 790 3592 deinde
809 3546 838 3591 nt
852 3542 959 3606 ¹tribute
976 3543 1077 3610 singuli
1094 3544 1249 3596 indicerent
1266 3545 1295 3594 in
1311 3543 1368 3596 snis

92 3627 233 3679 ditionibus
250 3643 299 3694 pro
318 3625 482 3678 facultatum
500 3623 587 3678 modo.
623 3627 710 3692 Atque
734 3625 794 3676 haec
817 3629 908 3678 omnia
927 3627 961 3678 ad
980 3627 1116 3680 Censorem
1134 3629 1278 3696 Principes
1294 3633 1367 3680 retu·

91 3710 189 3774 lerunt,
212 3713 257 3778 qui
280 3711 446 3764 collaudatis
468 3711 624 3777 Principum
648 3709 835 3762 voluntatibus
859 3711 968 3763 tandem
992 3713 1025 3764 de
1052 3714 1155 3766 tributo
1177 3715 1312 3776 decrevit,
1338 3719 1368 3766 ut

94 3796 202 3862 singuli,
221 3811 282 3848 cnm
298 3797 327 3847 in
345 3813 409 3848 suas
426 3796 543 3847 ditiones
553 3795 710 3858 redissent,
734 3795 849 3846 subditis
872 3797 1021 3850 consilium
1041 3803 1069 3849 et
1085 3799 1254 3850 voluntatem
1273 3799 1368 3852 Caesa·

93 3881 128 3932 ris
143 3885 337 3948 proponerent,
358 3887 387 3932 et
403 3897 432 3931 re
451 3880 607 3931 deliberate
624 3885 703 3932 tanta
725 3879 844 3945 publium
862 3881 991 3934 utilitatis
1015 3897 1114 3934 caussa
1137 3885 1241 3936 tributa
1263 3875 1368 3938 indice·

94 3973 158 4016 rent.
193 3967 227 4017 Et
244 3967 310 4032 quie
327 3964 660 4018 tctemdeliberationsm
677 3963 711 4016 de
731 3971 867 4030 apparatu
885 3966 952 4018 belli
970 3971 1034 4018 ante
1053 3970 1202 4035 proximum
1214 3986 1263 4022 ver
1274 3970 1369 4037 perlici

93 4050 188 4114 voluit,
208 4051 312 4104 addidit
329 4049 481 4108 decretum,
499 4064 529 4101 se
547 4048 669 4116 proxima
687 4048 783 4112 hyeme
807 4052 836 4100 iu
857 4051 1022 4118 Epiphaniis
1045 4054 1143 4106 iterum
1164 4059 1290 4108 acturum
1308 4069 1369 4110 ease

95 4141 262 4198 conventum,
284 4135 319 4185 ad
337 4149 417 4200 quem
434 4139 465 4184 ut
476 4133 620 4199 Principes
639 4133 769 4184 efferrent
787 4135 930 4187 formulam
948 4141 975 4186 et
993 4137 1098 4189 modurn
1115 4139 1275 4192 tributorum
1294 4155 1368 4192 man·

96 4217 180 4278 davit,
199 4235 232 4270 ne
250 4220 279 4270 in
297 4235 374 4270 mora
392 4223 484 4270 essent
501 4219 602 4270 bellurn
620 4223 734 4270 moturo.
770 4219 822 4270 His
840 4221 911 4271 actis
929 4221 1083 4287 Imperator
1103 4229 1266 4276 conventum
1288 4225 1371 4277 solvit

97 4303 202 4354 circiter
218 4305 319 4355 testum
337 4303 618 4365 divi·Bertholomrsi;
637 4302 700 4353 inde
712 4303 740 4352 in
753 4303 891 4354 Ananiam
904 4305 1093 4371 proficiscitur.
1128 4309 1263 4379 Egregios
1278 4315 1369 4362 nutem

97 4393 206 4440 matus
222 4395 250 4440 st
267 4390 372 4454 opums
390 4390 449 4440 eius
466 4381 584 4440 consilia
602 4388 819 4440 luctuosissimus
842 4391 895 4440 toti
918 4389 1077 4457 reipublice
1101 4409 1182 4458 earne
1205 4395 1367 4448 antevertitr

98 4472 151 4536 ipse
170 4475 240 4526 enim
258 4475 395 4525 exunctus
413 4477 455 4526 est
472 4473 561 4539 pridie
578 4473 643 4524 Idns
656 4471 813 4536 noemma
832 4474 910 4526 Anno
922 4478 1091 4542 M.D.XIX.,
1111 4495 1172 4532 cum
1184 4481 1291 4548 quidem
1302 4495 1368 4549 peu·

99 4571 141 4606 cos
157 4557 215 4608 dies
231 4557 370 4610 isbricnle
387 4563 415 4610 et
431 4558 589 4610 lubricitate
608 4557 664 4609 alsi
682 4557 843 4608 laborasset.

545 4757 911 4778 *
931 4771 939 4774 .
