3434 5512
1346 201 1363 234 N

178 406 283 440 nonis
296 406 323 440 X·
337 405 445 439 CONTRA
459 404 609 439 uv'tuuuvu
623 405 714 439 BVLM
727 405 790 439 niu.
804 401 834 440 15.
845 405 901 440 IVN.
917 407 941 440 Α.
954 391 1008 462 bb'ib.
1027 407 1050 442 c.
1066 406 1187 441 nuruum
1203 405 1292 441 nous.
1331 375 1398 447 331

109 563 203 634 nolis,
232 567 347 620 etcum
369 558 518 634 quibusvis
539 561 643 618 ‘etium
661 559 832 633 fortissimis
853 564 1009 638 ctetusutis,
1044 569 1097 623 out
1118 579 1158 620 es·
1175 564 1280 634 punitis
1300 579 1406 638 causa,

27 717 30 722 s
109 679 161 721 seu
178 661 300 735 prandi
316 660 551 721 consideratione
570 661 708 732 indultis,
740 665 976 722 conconcessum
1001 666 1125 734 cnistat,
1152 665 1233 738 qaod
1258 665 1406 738 interdici,

109 764 271 840 suspendi,
293 765 339 822 uei
358 764 614 822 excommunicari
632 779 690 822 nori
699 767 816 840 possint
829 782 886 840 per
903 767 1006 826 literas
1020 767 1196 840 apostolicas
1207 781 1268 836 nan
1282 765 1406 838 [acien-

110 873 152 924 tes
172 868 297 940 plenem
314 873 344 924 et
357 880 541 940 expressam,
564 881 602 924 ac
624 865 663 924 de
682 866 769 926 umbo
788 867 972 940 adverbum,
994 883 1053 929 non
1069 873 1166 926 eutem
1176 883 1236 942 per
1256 870 1407 948 clausulas

90 970 270 1040 spenerotes
293 967 326 1025 id
346 968 537 1042 importunius
556 966 594 1026 de
614 967 727 1027 indutio
749 967 917 1028 buiusmodi
935 971 1121 1041 mentionem,
1147 969 1278 1048 eiusdem
1300 970 1408 1030 induiti

111 1077 247 1143 tenores,
275 1085 385 1128 causus
406 1073 435 1127 et
451 1067 571 1141 formas
586 1068 717 1144 perinde
740 1073 806 1130 acsi
823 1070 860 1130 de
883 1070 969 1130 uerbo
991 1071 1172 1132 adverbum
1196 1072 1406 1145 insererentur,

111 1172 154 1230 ita
177 1176 211 1230 ut
233 1171 351 1230 omnino
376 1171 512 1245 tottotur,
535 1169 732 1244 presentibus
757 1187 815 1246 pro
842 1174 993 1246 expressis
1020 1171 1168 1232 babentes.
1214 1169 1317 1232 ‘'Natti
1335 1190 1408 1248 erpo

112 1274 234 1332 omuino
254 1272 403 1332 bominum
422 1273 511 1330 ticeat
529 1272 609 1332 banc
624 1273 772 1348 papinum
794 1280 904 1332 nostroe
926 1273 1157 1350 ⁰damnationis,
1180 1273 1407 1350 reprobationis,

112 1375 296 1440 reiectionis.
314 1375 440 1448 decreti,
461 1359 681 1460 declarationis,
704 1374 892 1444 inhibitionis,
914 1355 1077 1444 uoluntatis,
1095 1376 1255 1450 mandati,
1260 1376 1408 1438 bortatio-

80 1479 172 1546 10ιιιζε,
194 1475 414 1552 obsecrationis,
438 1477 650 1550 requisitionis,
667 1477 847 1548 monitionis,
869 1479 1085 1550 ossipnationis,
1107 1479 1310 1553 contemnis,
1333 1495 1408 1538 eon-

112 1578 321 1652 demnationis,
346 1577 543 1648 subiectionis,
567 1579 892 1648 excommunicationis,
913 1585 942 1637 et
962 1579 1271 1645 anathematizationis
1291 1579 1408 1653 infrin—

109 1696 202 1754 aere,
232 1681 277 1738 oet
297 1681 327 1738 ei
346 1663 422 1740 ausu
444 1661 602 1750 temerario
623 1680 783 1740 contraire.
828 1679 863 1740 Si
882 1681 947 1756 ouis
964 1687 1061 1740 nutem
1079 1681 1136 1741 boc
1155 1664 1313 1750 attentare
1321 1698 1409 1756 pree-

111 1783 288 1858 sumpserit,
320 1780 569 1855 ¹indipuationem
594 1781 891 1858 omnipotentibus,
926 1797 964 1842 ae
993 1782 1145 1842 beatorum
1163 1783 1246 1844 Petri
1271 1791 1301 1844 et
1321 1783 1411 1896 Pouii

88 1885 315 1962 apostolorum
335 1885 416 1960 eius,
438 1900 469 1942 se
485 1884 612 1942 nouerit·
618 1885 818 1942 incurffsurum

80 1991 104 2029 ¹⁵
202 1985 313 2044 liatum
334 1985 437 2046 Rome
462 1985 548 2061 apud
571 1991 708 2044 sanctum
728 1983 863 2052 Petrum,
890 2001 971 2044 anuo
999 1987 1216 2046 incarnationis
1237 1981 1409 2070 bominum,

112 2087 275 2148 Mitissimo
304 2089 533 2162 quinpeutesimo
563 2089 717 2162 aipesimo,
752 2087 834 2164 κνῆ.
858 2083 944 2148 Kat’s
973 2087 1066 2162 Iutij,
1101 2089 1292 2159 Pontificatus
1317 2089 1412 2148 nostri

112 2205 195 2250 anno
217 2195 327 2250 octauo.

326 2287 403 2352 Visa.
427 2290 465 2352 R.
488 2271 673 2354 Mbanesius.

674 2392 859 2466 Atberpatns.

78 2595 209 2660 mgnum
237 2597 306 2640 mox
329 2561 488 2648 ruiturum,
567 2579 784 2640 ‘Atlamautinis
806 2577 863 2640 illis
887 2585 915 2640 et
938 2578 1057 2638 inanimi
1080 2580 1195 2658 emptis,
1273 2575 1409 2640 “Utinam

114 2699 225 2742 osnues
247 2677 360 2758 legunt,
391 2700 425 2740 ac
448 2679 626 2759 intelligant,
657 2689 688 2740 ut
710 2665 804 2760 qualis
826 2680 863 2740 sit
885 2679 992 2750 arbor,
1022 2699 1056 2740 ex
1081 2680 1179 2740 fructu
1201 2679 1317 2742 arboris
1340 2698 1410 2758 per·

114 2790 252 2845 noscant.
297 2781 361 2843 Hoc
382 2783 412 2842 in
436 2782 538 2860 prinus
560 2789 711 2862 optumus,
735 2781 871 2844 Decime:
896 2789 1008 2843 tuntum
1031 2780 1128 2849 abest,
1152 2789 1185 2842 ut
1200 2781 1338 2858 reingere
1354 2781 1410 2842 boc

113 2894 201 2946 tuum
226 2883 385 2946 ciliciolum
414 2882 545 2946 velbuus.
591 2885 634 2944 Sit
664 2885 721 2944 boe
750 2885 838 2963 igitur
867 2889 1008 2945 anteactas
1038 2883 1237 2946 testimouium
1260 2884 1322 2945 tibi.
1357 2883 1412 2944 Hie

113 2995 144 3048 te
169 2987 259 3046 tutus
281 2985 397 3064 probet.
472 2986 644 3048 ‘Sescentis
672 2985 841 3048 nominibus
869 2985 1003 3048 inscribit
1032 2983 1087 3046 tale
1116 3003 1202 3048 suum
1225 2991 1338 3048 tuntum
1362 2985 1411 3046 de·

76 3096 233 3150 meretum
258 3088 403 3151 Decimus.
478 3085 588 3156 ‘Quum
617 3089 645 3147 in
674 3095 721 3148 tua
750 3104 839 3162 mauu
866 3087 974 3148 babes:
1004 3105 1072 3148 uam
1103 3088 1174 3166 quid
1203 3089 1333 3149 omnium
1358 3095 1410 3158 est,

115 3191 198 3272 quod
223 3209 282 3250 non
305 3191 451 3268 arrogetis
474 3188 556 3250 vobis
578 3189 753 3252 Pontiticcs‘t
777 3188 890 3258 Quibus
914 3207 968 3250 uos
992 3188 1120 3252 vicissim
1145 3207 1213 3250 cum
1228 3187 1411 3251 Tertulliano

115 3291 334 3372 respondemus
358 3291 439 3352 ‘Cum
463 3291 676 3352 dumnumurn
707 3290 803 3360 vobis,
832 3310 847 3350 a
878 3289 933 3350 deo
956 3287 1163 3352 absolvemur.
1206 3289 1270 3350 Hoc
1292 3307 1347 3350 uos
1369 3289 1411 3350 di·

115 3395 214 3456 simut.

183 3661 504 3714 ”ctAEutthlLtb
569 3661 589 3694 ²¹
610 3663 646 3712 ei.
666 3663 911 3712 Lue.V1.4-t.ete.
969 3657 1210 3710 ’'volumiisedd.
1263 3655 1411 3709 ²‘'i'crtul-
1481 3649 1484 3656 ’

114 3748 196 3816 lium]
216 3748 282 3798 Sunt
300 3755 417 3799 cutrernn
431 3749 591 3813 Apotopettei
608 3745 694 3798 uerba.
714 3748 789 3797 Idem
808 3748 841 3798 de
860 3745 1092 3812 pmscdptiouib.
1106 3762 1130 3795 c.
1144 3744 1186 3795 35.
1206 3745 1261 3806 ,',ub
1275 3744 1413 3809 Apostoiis

114 3835 220 3900 ubique
233 3847 289 3884 nou
302 3833 455 3892 damnatur,
476 3833 556 3882 immo
570 3832 753 3890 defenditur''.
773 3837 802 3882 et
814 3831 990 3898 Apologus-ici
1008 3847 1032 3882 c.
1045 3831 1087 3883 27.
1100 3829 1118 3878 i.
1132 3831 1151 3880 s.
1171 3828 1252 3892 „illos
1265 3823 1412 3893 numdusm

114 3919 207 3986 magis
225 3916 468 3984 detriumphamus,
488 3931 570 3982 quum
588 3933 648 3968 cuin
667 3933 715 3982 pro
734 3916 798 3966 fidei
816 3916 1003 3970 obstinatione
1021 3911 1210 3966 damnamur'’.
