3434 5512
348 361 422 432 27⁰
481 391 615 426 thttttuu
629 391 803 426 nturttobtttt
817 393 851 426 ms
865 391 1012 428 COUVRMV
1025 391 1198 428 Avllvss'l'nfll
1212 393 1389 429 obscurano.
1403 394 1428 428 Δ.
1444 388 1503 430 lm-

346 548 417 624 apud
438 549 534 605 deum:
556 563 616 604 nam
638 548 703 621 quid
725 550 793 606 certi
816 550 842 604 in
865 551 987 606 scientiis
1009 551 1111 606 nostris
1134 549 1280 614 habeatur,
1310 551 1364 608 non
1387 550 1467 625 plane
1490 551 1631 614 itidemst

347 651 408 690 cum
429 631 514 690 multa
536 633 605 690 scire
627 632 706 689 nobis
728 650 889 707 persuasum
911 635 960 696 sit.
989 633 1071 708 longe
1098 634 1177 708 plura
1204 643 1352 709 supersunt
1381 653 1441 710 quie
1463 637 1631 710 ignoramus.

278 719 416 777 §.tamira
437 717 575 774 bominum
596 718 713 780 insania,
736 719 811 792 atqui
833 719 912 776 luror
933 721 1039 795 potius.
1061 737 1121 776 cum
1144 720 1225 778 etiam
1247 719 1314 776 illud
1337 730 1441 778 nostrae
1463 722 1576 778 accedet
1589 722 1631 778 de-

345 803 466 866 mentiae,
495 803 567 877 quod
590 801 735 876 aliquando
758 802 834 866 nollo
857 803 917 860 lidei
940 803 1012 867 zelo.
1042 805 1089 860 sed
1116 804 1157 861 rel
1187 805 1249 862 odio
1271 805 1313 862 vel
1335 805 1435 862 invidia
1457 807 1490 862 ad
1513 806 1631 862 scriben-

344 888 407 945 dum
429 886 608 962 impellimur,
630 895 711 961 atque
732 897 764 945 ut
785 889 885 963 aliquid
908 889 1050 963 egregium
1072 890 1240 964 arduumque
1262 890 1399 948 videamur
1413 892 1556 965 aggressi,
1578 899 1647 946 sta-⁵

325 975 393 1030 ‚tim
411 973 444 1028 ,in
466 970 605 1030 eeclesiam
627 972 801 1036 rebroborum,
824 975 852 1029 iu
867 973 1035 1048 pontificem,
1058 975 1085 1030 in
1107 975 1244 1049 principes
1267 975 1363 1032 invecti
1389 983 1519 1050 tanquam
1543 976 1632 1031 mundi

344 1064 533 1132 correptores.
563 1073 643 1131 quem
665 1073 699 1114 ne
721 1057 845 1114 Christus
867 1059 976 1133 quidem
997 1060 1055 1134 ipse
1082 1060 1223 1133 corrigere
1249 1077 1281 1116 er
1309 1061 1439 1116 amussim
1466 1061 1576 1135 potuit.
1605 1071 1631 1116 et

345 1143 430 1199 simus
451 1151 480 1200 et
500 1140 675 1217 appellemur.
713 1161 729 1200 o
752 1159 886 1218 pauperes
908 1145 1046 1206 homines.
1070 1160 1087 1199 o
1110 1141 1255 1219 insipidum
1278 1145 1427 1202 animarum
1443 1161 1552 1220 genus,
1574 1163 1631 1220 qua

346 1227 475 1302 templum
496 1227 584 1284 biania
606 1227 729 1303 Ephesiae
751 1228 907 1290 incenditis.
937 1221 1085 1286 ut'lamam
1108 1226 1224 1302 aliquam
1247 1237 1293 1286 aut
1315 1229 1502 1286 rumusculum
1531 1231 1566 1286 de
1587 1247 1630 1286 vo·

344 1313 387 1370 bis
408 1312 593 1386 aucupeminil
614 1313 730 1368 desinite
752 1331 814 1370 eum
835 1312 908 1369 bono
930 1313 972 1370 vel
994 1314 1073 1370 etiam
1096 1331 1156 1370 curn
1179 1313 1293 1377 maximo
1316 1313 1386 1372 malo
1409 1323 1502 1371 restro
1519 1332 1630 1388 magam
1638 1329 1655 1365 ιι

343 1396 489 1456 crabrones
511 1396 658 1455 lacessere:
687 1398 709 1454 si
732 1394 816 1459 semel
838 1393 969 1471 quintum
991 1397 1078 1456 aculei
1100 1398 1216 1456 babeant
1237 1398 1425 1474 experiemini,
1447 1407 1520 1473 puto
1542 1401 1629 1456 rosio

275 1489 483 1558 respnsorem
504 1481 659 1538 huiusmodi
681 1490 844 1556 nugamenta
866 1483 975 1540 minime
997 1485 1157 1558 scripturos.
1191 1481 1291 1540 Perille
1314 1499 1401 1557 equus
1423 1500 1528 1540 aeneus
1551 1501 1627 1558 quem

343 1568 375 1624 ad
397 1566 566 1641 torquendos
588 1567 684 1624 noxios
705 1574 860 1641 paraverat,
882 1569 990 1630 nocuit:
1014 1569 1108 1626 nocuit
1130 1577 1158 1624 et
1178 1567 1285 1624 Bmdalo
1307 1575 1334 1624 et
1356 1568 1451 1642 nepoti
1473 1569 1626 1642 ingenium:

342 1652 489 1727 'lbamyras
510 1668 571 1708 eum
592 1650 720 1725 Apolline
739 1660 846 1710 certans
868 1654 1020 1710 excoriatus
1042 1662 1098 1718 est;
1120 1651 1205 1710 Niobe
1228 1670 1287 1728 qum
1301 1653 1391 1708 dicere
1407 1651 1517 1710 solebat
1540 1653 1629 1710 ‘ldeior

342 1754 402 1794 sum
424 1752 503 1811 quarn
526 1737 568 1794 cui
591 1736 680 1810 possit
701 1735 821 1794 Fortuna
842 1737 958 1801 nocere’,
985 1739 1086 1795 audens
1115 1755 1175 1794 eum
1198 1737 1299 1795 latone
1327 1738 1507 1800 contendere.
1537 1740 1564 1796 in
1587 1752 1652 1794 ιι-ιι

341 1837 404 1879 xum
427 1821 500 1896 quod
521 1820 607 1878 adbuc
628 1820 763 1878 lacrimari
784 1821 897 1884 dicitur.
920 1840 997 1880 versa
1017 1830 1068 1879 est.
1105 1839 1138 1880 an
1162 1822 1227 1896 quid
1242 1823 1379 1896 dnippmis
1402 1823 1469 1896 picis
1491 1823 1585 1880 Musas
1598 1823 1626 1878 ad

342 1915 480 1964 certamen
501 1905 712 1980 provocantibus
734 1906 896 1980 contigerit.
926 1907 1077 1981 ignoratis?
1105 1907 1187 1981 Atqui
1209 1907 1268 1964 baec
1290 1905 1388 1964 fabulae
1410 1915 1489 1964 sunt:
1517 1925 1570 1964 uos
1592 1908 1636 1984 di·¹

275 1991 402 2053 §.serina
424 1999 575 2049 sectamur:
597 1991 748 2066 disputatio
769 1999 811 2048 est
832 1992 865 2048 de
887 1991 1035 2066 religione.
1059 1991 1126 2048 nihil
1141 2008 1282 2066 perperam
1296 2001 1444 2066 patramus.
1479 1992 1522 2048 Ilii
1539 1992 1626 2066 superi

228 2113 229 2116 =
342 2077 564 2150 medioximique,
586 2093 682 2150 parum
705 2075 782 2133 abest
803 2075 869 2150 quin
883 2077 970 2134 dicam
993 2077 1080 2134 ‘interi
1096 2077 1223 2150 quoque',
1246 2077 1298 2133 hcc
1312 2075 1410 2139 velint.
1432 2093 1467 2133 ne
1483 2085 1541 2134 tam
1556 2094 1626 2134 scru-

342 2161 439 2236 pulosa
461 2159 601 2234 religionis
623 2177 688 2218 eura
711 2160 787 2218 robis
809 2171 906 2218 noceat
927 2162 1030 2236 puriter
1050 2169 1079 2218 et
1100 2161 1194 2218 uobis:
1216 2177 1278 2218 nam
1294 2160 1479 2218 inscribendo
1496 2171 1652 2236 quantumst

341 2246 451 2321 glorie,
474 2255 579 2303 tantum
601 2249 681 2304 etiam
704 2245 789 2302 eculei
811 2255 839 2302 et
861 2246 1020 2321 compedum
1042 2246 1119 2303 robis
1147 2247 1263 2320 paratis;
1292 2263 1341 2302 nos
1370 2263 1432 2302 vero
1461 2247 1500 2303 ita
1531 2248 1625 2302 restris

342 2347 418 2388 norm
441 2332 578 2389 cuiusdam
600 2329 661 2387 iidei
684 2330 830 2387 involucris
852 2332 1048 2405 horrendisque
1073 2330 1227 2404 Theclugiae
1256 2331 1344 2388 sensis
1375 2330 1495 2390 obstrusi
1525 2331 1626 2388 detine·

342 2433 419 2480 mur,
447 2424 478 2473 ut
499 2415 641 2490 superisne
663 2433 696 2472 an
718 2415 813 2474 inferis
834 2417 997 2473 credendum
1019 2415 1112 2490 potius
1140 2417 1193 2478 sit,
1222 2413 1368 2489 aliquando
1394 2415 1563 2474 dubitemus.
1599 2425 1625 2472 nt

341 2517 408 2576 erqo
429 2501 468 2557 dii
489 2499 566 2557 robis
588 2500 699 2575 propitii
722 2501 790 2564 siut,
819 2501 934 2558 desinite
956 2502 1024 2558 iam:
1054 2498 1116 2575 plus
1143 2501 1214 2558 enim
1240 2517 1300 2558 cum
1323 2499 1433 2558 silentio
1457 2503 1538 2558 tacita
1561 2502 1623 2558 recti

341 2585 517 2649 conscientia,
549 2601 628 2659 quarn
653 2585 801 2659 garrulitas
827 2585 1008 2660 iactantieque
1035 2585 1166 2644 doctrinae
1193 2586 1226 2642 ad
1247 2585 1436 2642 demerendam
1464 2586 1509 2646 uei
1532 2587 1650 2661 optioiu

342 2670 450 2728 maximi
471 2671 587 2744 gratiam
609 2669 687 2726 valet.
724 2669 785 2726 Sed*
798 2687 848 2728 suo
871 2671 1108 2745 quinquertium,
1130 2677 1162 2728 ut
1176 2669 1247 2733 vult.
1271 2670 1386 2735 iudicio;
1407 2687 1461 2744 ego
1477 2671 1531 2728 boc
1546 2687 1623 2728 unam

287 2756 449 2818 .a.sentio.
477 2763 508 2810 ut
535 2755 664 2811 mundum
685 2756 808 2829 repperi.
836 2757 875 2813 ita
903 2773 1013 2830 quoque
1041 2754 1248 2829 relinquendum
1275 2771 1344 2812 esse.
1408 2754 1483 2811 llllll.
1500 2754 1624 2813 kalendas

342 2839 516 2914 Septembres
539 2839 624 2895 vorati
647 2839 784 2914 principes
806 2847 871 2898 sunt
892 2834 1043 2914 ablegati:
1072 2857 1134 2899 uem
1155 2840 1244 2898 Cesar
1260 2839 1395 2897 'oratores
1416 2837 1553 2902 Polouiae,
1583 2839 1622 2914 qni

342 2924 424 2999 paulo
446 2931 508 2981 aute
530 2931 670 2986 reuerent,
693 2925 835 2982 auditurus
857 2934 925 2983 erat.
952 2926 1017 2983 dum
1039 2925 1123 3000 legati
1145 2925 1270 2982 incuria
1290 2924 1501 2999 prestolantur,
1532 2941 1623 2982 rursus

341 3009 482 3066 altercatio
505 3014 619 3083 propter
640 3008 792 3082 legatorum
814 3011 986 3084 presentiam
1009 3010 1121 3067 suborta
1143 3018 1199 3067 est:
1222 3027 1320 3084 anceps
1342 3019 1489 3084 propterea
1511 3010 1650 3084 imperas

343 3103 400 3157 tor,
428 3094 455 3150 in
485 3109 516 3150 ca
545 3095 675 3168 temporis
703 3094 828 3168 angustia
856 3095 919 3170 quid
948 3103 1043 3170 ageret
1071 3092 1204 3171 (oratores
1234 3095 1305 3151 enim
1328 3095 1380 3152 iarn
1402 3095 1485 3154 curiae
1512 3094 1622 3170 pronai

331 3176 509 3254 *equitaband
531 3178 628 3252 quidve
650 3178 756 3236 consilii
778 3188 900 3255 captaret
921 3175 1033 3244 dulles,
1056 3180 1217 3254 Episcopum
1233 3180 1422 3254 tergestinum
1444 3179 1565 3255 propere
1579 3179 1623 3236 rni-
1696 3171 1697 3238 l

341 3265 390 3327 sit.
422 3265 467 3338 qui
490 3263 646 3321 oratoribus
667 3261 783 3337 aliquam
807 3265 989 3339 impedimenti
1017 3281 1124 3322 causam
1151 3263 1338 3326 substrueret.
1366 3273 1394 3321 ct
1422 3273 1571 3343 propterea
1595 3270 1623 3319 ut
1696 3239 1697 3330 l

341 3351 450 3408 domum
471 3348 687 3412 reverterentur,
707 3348 790 3423 idque
806 3365 885 3423 mque
901 3347 989 3406 animo
1005 3350 1119 3406 terrent.
1154 3350 1225 3407 idem
1247 3348 1325 3406 alteri
1340 3348 1495 3424 legatorum
1510 3350 1622 3407 dictum:

342 3451 404 3492 uum
426 3433 572 3490 Guroensis
592 3435 663 3491 intra
684 3433 839 3491 cubiculum
860 3433 972 3492 Cmsaris
1000 3435 1142 3508 proiectus
1167 3442 1217 3492 est.
1261 3434 1300 3492 lta
1327 3433 1403 3490 illius
1430 3432 1487 3492 diei
1514 3433 1649 3508 negetura

273 3527 333 3578 §.tu
346 3527 459 3577 tractata
479 3515 553 3576 ’suut
596 3519 726 3593 Sequenti
747 3519 791 3576 die
812 3519 901 3576 Caesar
922 3520 1074 3594 principum
1097 3519 1212 3582 curiam,
1241 3519 1269 3575 iu
1297 3535 1350 3592 qua
1379 3535 1475 3576 omues
1495 3535 1621 3577 courme-

341 3613 417 3668 rant,
440 3604 580 3678 ingressus
603 3611 660 3666 est,
683 3603 730 3660 ubi
752 3603 785 3660 de
807 3604 923 3662 bonerto
945 3610 973 3660 et
995 3603 1056 3660 utili
1078 3605 1147 3662 satis
1166 3603 1327 3679 disputarit,
1350 3603 1481 3677 quodque
1495 3601 1621 3660 eiusmodi
1696 3663 1697 3670 χ

341 3683 515 3762 ffillffi‘ssff'ffll'
537 3681 544 3749 l
568 3687 804 3773 altercationibus,
835 3705 896 3762 qum
917 3690 1003 3762 magis
1025 3688 1060 3745 ab
1082 3689 1146 3746 odio
1169 3705 1250 3763 quam
1272 3687 1305 3744 ab
1332 3686 1507 3746 emulatione
1531 3689 1622 3762 glorie
1696 3707 1697 3754 l

340 3853 542 3864 -..ιιι-...ια-

407 3959 446 4020 55.
460 3954 580 4024 32.sqq.]
600 3957 667 4008 Hoee
678 3957 792 4008 liuttere
808 3959 939 4023 proripere
957 3957 1093 4023 displicere
1108 3963 1239 4022 poteram.
1259 3955 1301 4007 Oi.
1317 3954 1369 4007 rol.
1379 3954 1403 4006 1.
1416 3971 1441 4022 p.
1448 3955 1552 4022 msq.
1572 3957 1621 4004 ‘oc-
1696 3951 1697 4010 ι

340 4041 443 4092 coitum
460 4043 596 4107 quendem
613 4044 747 4093 morenrn’.
783 4043 864 4107 8que
879 4045 951 4093 1...3.
999 4040 1018 4074 ¹¹
1036 4041 1151 4096 crebrum
1168 4045 1193 4091 2.
1234 4040 1255 4074 ¹²
1272 4040 1374 4092 Perille
1392 4039 1492 4108 equus]
1509 4042 1571 4092 bost
1588 4039 1621 4090 ei.

343 4127 457 4178 Hntteni
474 4128 636 4180 Phalorism.
649 4127 719 4189 §.tt
767 4125 788 4160 ¹⁸
804 4123 933 4193 Daedalo]
954 4127 991 4176 cf.
1005 4127 1123 4192 interpp.
1138 4126 1171 4176 sd
1186 4125 1357 4191 Vergiltlin.
1371 4125 1417 4176 VI.
1429 4126 1469 4176 lt.
1514 4125 1534 4159 ¹⁴
1552 4125 1621 4175 rba-

341 4227 431 4276 myrss
448 4213 506 4264 edd.
526 4215 568 4264 De
586 4212 717 4277 Tbsmpri
735 4227 752 4262 ιι
769 4211 855 4262 Musis
874 4215 1015 4262 exemesto
1038 4212 1074 4262 ei.
1086 4211 1211 4276 Apollod.
1225 4209 1305 4272 1.3,s.
1329 4210 1432 4276 Hygia.
1446 4217 1547 4262 astrom
1560 4207 1585 4260 b.
1598 4224 1620 4258 c.

341 4297 458 4363 interpp.
492 4293 591 4362 Niobe]
605 4294 851 4363 cenygtnfabt.
866 4296 1015 4361 minterpp.
1050 4287 1215 4361 ”lectqttbri
1228 4299 1253 4346 2.
1287 4294 1399 4360 aubrie
1411 4299 1436 4346 2.
1472 4289 1621 4360 Anippseir]

341 4381 430 4433 voluit
443 4381 504 4432 sine
521 4381 604 4432 dnbio
621 4381 681 4432 sire
698 4380 771 4432 velle
789 4381 909 4432 debebat
926 4379 1099 4445 doctiloquus
1117 4385 1209 4432 orator
1225 4379 1367 4445 Euippoer's.
1385 4378 1509 4432 cdorid
1515 4375 1620 4430 new.
1696 4423 1697 4440 q

341 4464 400 4518 tut.
412 4479 470 4531 sqq.
527 4463 549 4498 2'
565 4461 624 4532 nos]
643 4465 749 4517 debebat
766 4463 863 4518 addere
879 4478 1014 4532 pauperes
1031 4465 1138 4530 spiritu.
1174 4463 1195 4497 ¹⁸
1211 4465 1259 4514 Dii
1275 4461 1337 4530 etc]
1355 4463 1492 4516 Plautino.
1529 4459 1553 4496 ²⁴
1570 4475 1623 4526 pas·

340 4551 398 4616 ptrit
410 4554 437 4602 2.
493 4547 697 4604 ²‘ttttrrrtttbettt
715 4553 754 4602 2.·
791 4549 813 4584 ²²
832 4551 850 4601 i.
864 4567 889 4603 e.
902 4551 1092 4602 nudum.non
1106 4554 1138 4598 ot
1154 4545 1240 4600 behet
1256 4565 1299 4600 er.
1313 4563 1370 4599 eac.
1387 4549 1482 4600 loson.
1493 4541 1620 4596 XVMB.
1696 4577 1697 4600 i

285 4663 289 4670 =
340 4635 363 4670 ⁸⁰
380 4633 520 4701 plentiel.
538 4635 692 4700 perfectio&
711 4637 897 4700 praesentiatff
939 4633 959 4667 ⁸⁸
979 4627 1188 4690 rrlrrtrruttttrt'.
1225 4631 1246 4664 ³³
1266 4627 1319 4700 ito]
1338 4635 1412 4698 dique
1430 4631 1620 4694 rtcduerr'ptae.

341 4722 491 4789 negotiare.
527 4721 549 4753 ³⁸
566 4723 726 4775 trrttrtttet.
1078 4743 1083 4752 ·
