<?xml version="1.0" encoding="UTF-8"?>
<!DOCTYPE html PUBLIC "-//W3C//DTD XHTML 1.0 Transitional//EN"
    "http://www.w3.org/TR/xhtml1/DTD/xhtml1-transitional.dtd">
<html xmlns="http://www.w3.org/1999/xhtml" xml:lang="en" lang="en">
 <head>
  <title>
</title>
<meta http-equiv="Content-Type" content="text/html;charset=utf-8" />
  <meta name='ocr-system' content='tesseract 3.04.00' />
  <meta name='ocr-capabilities' content='ocr_page ocr_carea ocr_par ocr_line ocrx_word'/>
</head>
<body>
  <div class='ocr_page' id='page_1' title='image "./ulrichihuttenie12huttgoog_0155.png"; bbox 0 0 3410 5524; ppageno 0'>
   <div class='ocr_carea' id='block_1_1' title="bbox 830 672 1121 736">
    <p class='ocr_par' dir='ltr' id='par_1_1' title="bbox 830 672 1121 736">
     <span class='ocr_line' id='line_1_1' title="bbox 830 672 1121 736; baseline -0.003 0"><span class='ocrx_word' id='word_1_1' title='bbox 830 672 1121 736; x_wconf 84' lang='lat' dir='ltr'>Praeinlio.</span> 
     </span>
    </p>
   </div>
   <div class='ocr_carea' id='block_1_2' title="bbox 336 805 1606 1082">
    <p class='ocr_par' dir='ltr' id='par_1_2' title="bbox 336 805 1606 1082">
     <span class='ocr_line' id='line_1_2' title="bbox 403 805 1605 912; baseline 0.003 -18"><span class='ocrx_word' id='word_1_2' title='bbox 403 843 470 894; x_wconf 89' lang='lat' dir='ltr'>Post</span> <span class='ocrx_word' id='word_1_3' title='bbox 487 858 568 909; x_wconf 89' lang='lat' dir='ltr'>quum</span> <span class='ocrx_word' id='word_1_4' title='bbox 585 843 707 910; x_wconf 82' lang='lat' dir='ltr'>proxime</span> <span class='ocrx_word' id='word_1_5' title='bbox 725 844 861 910; x_wconf 77' lang='lat' dir='ltr'>superiori</span> <span class='ocrx_word' id='word_1_6' title='bbox 878 843 980 910; x_wconf 71' lang='lat' dir='ltr'>pagins.</span> <span class='ocrx_word' id='word_1_7' title='bbox 992 844 1110 895; x_wconf 77' lang='lat' dir='ltr'>indicati</span> <span class='ocrx_word' id='word_1_8' title='bbox 1122 843 1224 909; x_wconf 79' lang='lat' dir='ltr'>libelli,</span> <span class='ocrx_word' id='word_1_9' title='bbox 1244 805 1384 912; x_wconf 79' lang='lat' dir='ltr'>epistulre,</span> <span class='ocrx_word' id='word_1_10' title='bbox 1402 825 1605 912; x_wconf 72' lang='lat' dir='ltr'>programmate,</span> 
     </span>
     <span class='ocr_line' id='line_1_3' title="bbox 336 927 1606 1001; baseline 0.003 -23"><span class='ocrx_word' id='word_1_11' title='bbox 336 929 489 1001; x_wconf 76' lang='lat' dir='ltr'>cretiones,</span> <span class='ocrx_word' id='word_1_12' title='bbox 514 929 620 992; x_wconf 78' lang='lat' dir='ltr'>edicte,</span> <span class='ocrx_word' id='word_1_13' title='bbox 645 927 875 992; x_wconf 74' lang='lat' dir='ltr'>consultationes,</span> <span class='ocrx_word' id='word_1_14' title='bbox 900 930 1113 995; x_wconf 75' lang='lat' dir='ltr'>propositiones,</span> <span class='ocrx_word' id='word_1_15' title='bbox 1138 947 1278 994; x_wconf 79' lang='lat' dir='ltr'>recessus,</span> <span class='ocrx_word' id='word_1_16' title='bbox 1302 946 1369 998; x_wconf 88' lang='lat' dir='ltr'>quos</span> <span class='ocrx_word' id='word_1_17' title='bbox 1391 931 1548 998; x_wconf 80' lang='lat' dir='ltr'>conlegcrc,</span> <span class='ocrx_word' id='word_1_18' title='bbox 1570 949 1606 982; x_wconf 90' lang='lat' dir='ltr'>re-</span> 
     </span>
     <span class='ocr_line' id='line_1_4' title="bbox 337 1013 1606 1082; baseline 0.001 -16"><span class='ocrx_word' id='word_1_19' title='bbox 337 1029 468 1077; x_wconf 86' lang='lat' dir='ltr'>censere,</span> <span class='ocrx_word' id='word_1_20' title='bbox 488 1014 634 1078; x_wconf 82' lang='lat' dir='ltr'>ednotsre,</span> <span class='ocrx_word' id='word_1_21' title='bbox 655 1029 716 1064; x_wconf 88' lang='lat' dir='ltr'>cnm</span> <span class='ocrx_word' id='word_1_22' title='bbox 734 1013 769 1064; x_wconf 87' lang='lat' dir='ltr'>ed</span> <span class='ocrx_word' id='word_1_23' title='bbox 786 1015 904 1066; x_wconf 90' lang='lat' dir='ltr'>Hntteni</span> <span class='ocrx_word' id='word_1_24' title='bbox 922 1014 1028 1080; x_wconf 76' lang='lat' dir='ltr'>scripte</span> <span class='ocrx_word' id='word_1_25' title='bbox 1040 1021 1117 1066; x_wconf 87' lang='lat' dir='ltr'>recte</span> <span class='ocrx_word' id='word_1_26' title='bbox 1130 1015 1319 1082; x_wconf 81' lang='lat' dir='ltr'>intellegendo.</span> <span class='ocrx_word' id='word_1_27' title='bbox 1330 1016 1531 1082; x_wconf 80' lang='lat' dir='ltr'>indicendsque</span> <span class='ocrx_word' id='word_1_28' title='bbox 1542 1031 1606 1067; x_wconf 78' lang='lat' dir='ltr'>snm</span> 
     </span>
    </p>
   </div>
   <div class='ocr_carea' id='block_1_3' title="bbox 336 1086 1699 1167">
    <p class='ocr_par' dir='ltr' id='par_1_3' title="bbox 336 1086 1699 1167">
     <span class='ocr_line' id='line_1_5' title="bbox 336 1086 1699 1167; baseline 0.001 -19"><span class='ocrx_word' id='word_1_29' title='bbox 336 1103 445 1165; x_wconf 83' lang='lat' dir='ltr'>mopere</span> <span class='ocrx_word' id='word_1_30' title='bbox 463 1099 584 1162; x_wconf 78' lang='lat' dir='ltr'>socient,</span> <span class='ocrx_word' id='word_1_31' title='bbox 603 1104 708 1166; x_wconf 79' lang='lat' dir='ltr'>spertae</span> <span class='ocrx_word' id='word_1_32' title='bbox 725 1099 856 1151; x_wconf 75' lang='lat' dir='ltr'>utilitatis</span> <span class='ocrx_word' id='word_1_33' title='bbox 875 1115 936 1150; x_wconf 87' lang='lat' dir='ltr'>esse</span> <span class='ocrx_word' id='word_1_34' title='bbox 954 1100 1041 1150; x_wconf 83' lang='lat' dir='ltr'>visum</span> <span class='ocrx_word' id='word_1_35' title='bbox 1055 1104 1110 1162; x_wconf 87' lang='lat' dir='ltr'>est,</span> <span class='ocrx_word' id='word_1_36' title='bbox 1130 1115 1223 1150; x_wconf 89' lang='lat' dir='ltr'>omnes</span> <span class='ocrx_word' id='word_1_37' title='bbox 1236 1101 1309 1167; x_wconf 86' lang='lat' dir='ltr'>typis</span> <span class='ocrx_word' id='word_1_38' title='bbox 1321 1101 1377 1151; x_wconf 83' lang='lat' dir='ltr'>ism</span> <span class='ocrx_word' id='word_1_39' title='bbox 1388 1101 1522 1166; x_wconf 79' lang='lat' dir='ltr'>descripti</span> <span class='ocrx_word' id='word_1_40' title='bbox 1539 1106 1604 1162; x_wconf 90' lang='lat' dir='ltr'>sunt,</span> <span class='ocrx_word' id='word_1_41' title='bbox 1696 1086 1699 1099; x_wconf 67' lang='lat'><strong>¹</strong></span> 
     </span>
    </p>
   </div>
   <div class='ocr_carea' id='block_1_4' title="bbox 336 1183 1604 1253">
    <p class='ocr_par' dir='ltr' id='par_1_4' title="bbox 336 1183 1604 1253">
     <span class='ocr_line' id='line_1_6' title="bbox 336 1183 1604 1253; baseline 0 -17"><span class='ocrx_word' id='word_1_42' title='bbox 336 1187 540 1252; x_wconf 74' lang='lat' dir='ltr'>opportunitate</span> <span class='ocrx_word' id='word_1_43' title='bbox 558 1184 653 1236; x_wconf 77' lang='lat' dir='ltr'>oblate</span> <span class='ocrx_word' id='word_1_44' title='bbox 669 1184 749 1235; x_wconf 88' lang='lat' dir='ltr'>buius</span> <span class='ocrx_word' id='word_1_45' title='bbox 767 1183 899 1253; x_wconf 77' lang='lat' dir='ltr'>pinguius,</span> <span class='ocrx_word' id='word_1_46' title='bbox 918 1185 1018 1250; x_wconf 86' lang='lat' dir='ltr'>quippe</span> <span class='ocrx_word' id='word_1_47' title='bbox 1037 1198 1097 1251; x_wconf 78' lang='lat' dir='ltr'>queo</span> <span class='ocrx_word' id='word_1_48' title='bbox 1115 1184 1233 1237; x_wconf 87' lang='lat' dir='ltr'>nondum</span> <span class='ocrx_word' id='word_1_49' title='bbox 1250 1185 1356 1251; x_wconf 88' lang='lat' dir='ltr'>prelum</span> <span class='ocrx_word' id='word_1_50' title='bbox 1367 1199 1451 1252; x_wconf 82' lang='lat' dir='ltr'>pesse</span> <span class='ocrx_word' id='word_1_51' title='bbox 1464 1191 1520 1250; x_wconf 84' lang='lat' dir='ltr'>est,</span> <span class='ocrx_word' id='word_1_52' title='bbox 1537 1186 1604 1252; x_wconf 82' lang='lat' dir='ltr'>psol·</span> 
     </span>
    </p>
   </div>
   <div class='ocr_carea' id='block_1_5' title="bbox 335 1268 1700 1592">
    <p class='ocr_par' dir='ltr' id='par_1_5' title="bbox 335 1268 1700 1592">
     <span class='ocr_line' id='line_1_7' title="bbox 335 1268 1699 1347; baseline 0 -25"><span class='ocrx_word' id='word_1_53' title='bbox 335 1271 419 1322; x_wconf 85' lang='lat' dir='ltr'>lnlnm</span> <span class='ocrx_word' id='word_1_54' title='bbox 437 1269 617 1322; x_wconf 70' lang='lat' dir='ltr'>reformandos</span> <span class='ocrx_word' id='word_1_55' title='bbox 635 1285 689 1320; x_wconf 90' lang='lat' dir='ltr'>non</span> <span class='ocrx_word' id='word_1_56' title='bbox 707 1268 835 1335; x_wconf 82' lang='lat' dir='ltr'>nulleque</span> <span class='ocrx_word' id='word_1_57' title='bbox 854 1269 899 1320; x_wconf 90' lang='lat' dir='ltr'>bic</span> <span class='ocrx_word' id='word_1_58' title='bbox 917 1269 1103 1335; x_wconf 81' lang='lat' dir='ltr'>prrernonendi</span> <span class='ocrx_word' id='word_1_59' title='bbox 1121 1268 1242 1320; x_wconf 89' lang='lat' dir='ltr'>libenter</span> <span class='ocrx_word' id='word_1_60' title='bbox 1260 1273 1331 1328; x_wconf 79' lang='lat' dir='ltr'>nter.</span> <span class='ocrx_word' id='word_1_61' title='bbox 1365 1271 1402 1320; x_wconf 81' lang='lat' dir='ltr'>Et</span> <span class='ocrx_word' id='word_1_62' title='bbox 1424 1271 1539 1338; x_wconf 85' lang='lat' dir='ltr'>primum</span> <span class='ocrx_word' id='word_1_63' title='bbox 1556 1273 1606 1338; x_wconf 88' lang='lat' dir='ltr'>qui·</span> <span class='ocrx_word' id='word_1_64' title='bbox 1694 1320 1699 1347; x_wconf 58' lang='grc' dir='ltr'>Ι</span> 
     </span>
     <span class='ocr_line' id='line_1_8' title="bbox 336 1347 1699 1428; baseline -0.001 -21"><span class='ocrx_word' id='word_1_65' title='bbox 336 1353 397 1407; x_wconf 89' lang='lat' dir='ltr'>dem</span> <span class='ocrx_word' id='word_1_66' title='bbox 415 1355 571 1406; x_wconf 86' lang='lat' dir='ltr'>in-delectu</span> <span class='ocrx_word' id='word_1_67' title='bbox 589 1353 772 1404; x_wconf 67' lang='lat' dir='ltr'>reddendorum</span> <span class='ocrx_word' id='word_1_68' title='bbox 791 1354 825 1404; x_wconf 85' lang='lat' dir='ltr'>ed</span> <span class='ocrx_word' id='word_1_69' title='bbox 838 1355 1037 1406; x_wconf 86' lang='lat' dir='ltr'>Huttcnienem</span> <span class='ocrx_word' id='word_1_70' title='bbox 1055 1354 1206 1404; x_wconf 80' lang='lat' dir='ltr'>orationem</span> <span class='ocrx_word' id='word_1_71' title='bbox 1218 1347 1381 1422; x_wconf 79' lang='lat' dir='ltr'>sciiptornm</span> <span class='ocrx_word' id='word_1_72' title='bbox 1392 1353 1520 1428; x_wconf 29' lang='lat' dir='ltr'>hese-trie</span> <span class='ocrx_word' id='word_1_73' title='bbox 1532 1371 1606 1421; x_wconf 80' lang='lat' dir='ltr'>quen·</span> <span class='ocrx_word' id='word_1_74' title='bbox 1696 1360 1699 1369; x_wconf 94' lang='lat'>&#39;</span> 
     </span>
     <span class='ocr_line' id='line_1_9' title="bbox 336 1438 1700 1515; baseline -0.002 -22"><span class='ocrx_word' id='word_1_75' title='bbox 336 1447 392 1493; x_wconf 90' lang='lat' dir='ltr'>tnm</span> <span class='ocrx_word' id='word_1_76' title='bbox 409 1441 485 1508; x_wconf 90' lang='lat' dir='ltr'>potui</span> <span class='ocrx_word' id='word_1_77' title='bbox 502 1438 582 1490; x_wconf 89' lang='lat' dir='ltr'>simul</span> <span class='ocrx_word' id='word_1_78' title='bbox 600 1439 739 1505; x_wconf 73' lang='lat' dir='ltr'>speciosi,</span> <span class='ocrx_word' id='word_1_79' title='bbox 758 1443 788 1490; x_wconf 87' lang='lat' dir='ltr'>nt</span> <span class='ocrx_word' id='word_1_80' title='bbox 806 1439 1108 1505; x_wconf 75' lang='lat' dir='ltr'>ssd-interpretetionem</span> <span class='ocrx_word' id='word_1_81' title='bbox 1121 1439 1333 1506; x_wconf 87' lang='lat' dir='ltr'>interioremque</span> <span class='ocrx_word' id='word_1_82' title='bbox 1345 1439 1421 1491; x_wconf 86' lang='lat' dir='ltr'>illins</span> <span class='ocrx_word' id='word_1_83' title='bbox 1433 1441 1607 1507; x_wconf 78' lang='lat' dir='ltr'>cognitionem</span> <span class='ocrx_word' id='word_1_84' title='bbox 1695 1449 1700 1515; x_wconf 53' lang='grc' dir='ltr'>ᾗ</span> 
     </span>
     <span class='ocr_line' id='line_1_10' title="bbox 336 1511 1699 1592; baseline -0.003 -14"><span class='ocrx_word' id='word_1_85' title='bbox 336 1527 499 1578; x_wconf 75' lang='lat' dir='ltr'>necessaris</span> <span class='ocrx_word' id='word_1_86' title='bbox 518 1511 566 1574; x_wconf 81' lang='lat' dir='ltr'>out</span> <span class='ocrx_word' id='word_1_87' title='bbox 584 1529 658 1575; x_wconf 86' lang='lat' dir='ltr'>certe</span> <span class='ocrx_word' id='word_1_88' title='bbox 676 1523 821 1588; x_wconf 80' lang='lat' dir='ltr'>utilis,‘nt</span> <span class='ocrx_word' id='word_1_89' title='bbox 838 1524 971 1590; x_wconf 83' lang='lat' dir='ltr'>aeqnnlie,</span> <span class='ocrx_word' id='word_1_90' title='bbox 989 1524 1024 1574; x_wconf 88' lang='lat' dir='ltr'>nt’</span> <span class='ocrx_word' id='word_1_91' title='bbox 1037 1523 1255 1590; x_wconf 80' lang='lat' dir='ltr'>infrequentiore</span> <span class='ocrx_word' id='word_1_92' title='bbox 1273 1530 1320 1576; x_wconf 84' lang='lat' dir='ltr'>sut</span> <span class='ocrx_word' id='word_1_93' title='bbox 1332 1524 1503 1592; x_wconf 74' lang='lat' dir='ltr'>neglectiore</span> <span class='ocrx_word' id='word_1_94' title='bbox 1515 1531 1606 1578; x_wconf 79' lang='lat' dir='ltr'>essent</span> <span class='ocrx_word' id='word_1_95' title='bbox 1695 1548 1699 1557; x_wconf 95' lang='lat'>·</span> 
     </span>
    </p>
   </div>
   <div class='ocr_carea' id='block_1_6' title="bbox 336 1602 1607 1852">
    <p class='ocr_par' dir='ltr' id='par_1_6' title="bbox 336 1602 1607 1852">
     <span class='ocr_line' id='line_1_11' title="bbox 338 1602 1607 1678; baseline -0.002 -15"><span class='ocrx_word' id='word_1_96' title='bbox 338 1627 391 1678; x_wconf 87' lang='lat' dir='ltr'>quo</span> <span class='ocrx_word' id='word_1_97' title='bbox 409 1612 442 1663; x_wconf 94' lang='lat' dir='ltr'>de</span> <span class='ocrx_word' id='word_1_98' title='bbox 461 1625 546 1662; x_wconf 81' lang='lat' dir='ltr'>censo</span> <span class='ocrx_word' id='word_1_99' title='bbox 562 1609 642 1676; x_wconf 84' lang='lat' dir='ltr'>pluro</span> <span class='ocrx_word' id='word_1_100' title='bbox 660 1624 720 1676; x_wconf 81' lang='lat' dir='ltr'>qnae</span> <span class='ocrx_word' id='word_1_101' title='bbox 739 1607 772 1660; x_wconf 88' lang='lat' dir='ltr'>de</span> <span class='ocrx_word' id='word_1_102' title='bbox 790 1607 863 1660; x_wconf 90' lang='lat' dir='ltr'>bello</span> <span class='ocrx_word' id='word_1_103' title='bbox 880 1609 979 1660; x_wconf 88' lang='lat' dir='ltr'>Turcis</span> <span class='ocrx_word' id='word_1_104' title='bbox 997 1607 1138 1660; x_wconf 80' lang='lat' dir='ltr'>inferendo</span> <span class='ocrx_word' id='word_1_105' title='bbox 1157 1611 1229 1662; x_wconf 88' lang='lat' dir='ltr'>inter</span> <span class='ocrx_word' id='word_1_106' title='bbox 1247 1602 1330 1672; x_wconf 84' lang='lat' dir='ltr'>ulios,</span> <span class='ocrx_word' id='word_1_107' title='bbox 1354 1609 1527 1676; x_wconf 87' lang='lat' dir='ltr'>pontificem,</span> <span class='ocrx_word' id='word_1_108' title='bbox 1551 1610 1607 1660; x_wconf 79' lang='lat' dir='ltr'>Gel-</span> 
     </span>
     <span class='ocr_line' id='line_1_12' title="bbox 336 1694 1607 1762; baseline -0.001 -15"><span class='ocrx_word' id='word_1_109' title='bbox 336 1697 398 1761; x_wconf 81' lang='lat' dir='ltr'>liae,</span> <span class='ocrx_word' id='word_1_110' title='bbox 415 1695 533 1762; x_wconf 77' lang='lat' dir='ltr'>Anglire,</span> <span class='ocrx_word' id='word_1_111' title='bbox 552 1695 696 1761; x_wconf 81' lang='lat' dir='ltr'>Hisponise</span> <span class='ocrx_word' id='word_1_112' title='bbox 714 1703 742 1744; x_wconf 82' lang='lat' dir='ltr'>re</span> <span class='ocrx_word' id='word_1_113' title='bbox 765 1709 794 1744; x_wconf 91' lang='lat' dir='ltr'>es</span> <span class='ocrx_word' id='word_1_114' title='bbox 812 1697 935 1744; x_wconf 81' lang='lat' dir='ltr'>trectsto</span> <span class='ocrx_word' id='word_1_115' title='bbox 952 1699 1028 1758; x_wconf 88' lang='lat' dir='ltr'>sunt,</span> <span class='ocrx_word' id='word_1_116' title='bbox 1054 1697 1179 1760; x_wconf 84' lang='lat' dir='ltr'>quemvis</span> <span class='ocrx_word' id='word_1_117' title='bbox 1202 1695 1238 1746; x_wconf 85' lang='lat' dir='ltr'>sd</span> <span class='ocrx_word' id='word_1_118' title='bbox 1259 1695 1404 1746; x_wconf 73' lang='lat' dir='ltr'>historiam</span> <span class='ocrx_word' id='word_1_119' title='bbox 1421 1694 1502 1762; x_wconf 17' lang='lat' dir='ltr'>illine,</span> <span class='ocrx_word' id='word_1_120' title='bbox 1514 1703 1607 1762; x_wconf 72' lang='lat' dir='ltr'>tempo</span> 
     </span>
     <span class='ocr_line' id='line_1_13' title="bbox 337 1711 1607 1852; baseline -0.002 -20"><span class='ocrx_word' id='word_1_121' title='bbox 337 1783 375 1832; x_wconf 89' lang='lat' dir='ltr'>ris</span> <span class='ocrx_word' id='word_1_122' title='bbox 393 1781 505 1847; x_wconf 76' lang='lat' dir='ltr'>egregie</span> <span class='ocrx_word' id='word_1_123' title='bbox 528 1779 637 1852; x_wconf 70' lang='lat' dir='ltr'>socient</span> <span class='ocrx_word' id='word_1_124' title='bbox 655 1711 862 1844; x_wconf 62' lang='lat' dir='ltr'>cornmiemque</span> <span class='ocrx_word' id='word_1_125' title='bbox 885 1779 1021 1831; x_wconf 87' lang='lat' dir='ltr'>editiones</span> <span class='ocrx_word' id='word_1_126' title='bbox 1042 1779 1221 1830; x_wconf 87' lang='lat' dir='ltr'>subsidiorum</span> <span class='ocrx_word' id='word_1_127' title='bbox 1250 1795 1370 1832; x_wconf 88' lang='lat' dir='ltr'>meorum</span> <span class='ocrx_word' id='word_1_128' title='bbox 1393 1795 1444 1846; x_wconf 91' lang='lat' dir='ltr'>ope</span> <span class='ocrx_word' id='word_1_129' title='bbox 1468 1779 1607 1830; x_wconf 89' lang='lat' dir='ltr'>hincinde</span> 
     </span>
    </p>
   </div>
   <div class='ocr_carea' id='block_1_7' title="bbox 338 1853 1701 1936">
    <p class='ocr_par' dir='ltr' id='par_1_7' title="bbox 338 1853 1701 1936">
     <span class='ocr_line' id='line_1_14' title="bbox 338 1853 1701 1936; baseline -0.001 -20"><span class='ocrx_word' id='word_1_130' title='bbox 338 1865 484 1917; x_wconf 75' lang='lat' dir='ltr'>emendare</span> <span class='ocrx_word' id='word_1_131' title='bbox 501 1865 612 1930; x_wconf 88' lang='lat' dir='ltr'>possim,</span> <span class='ocrx_word' id='word_1_132' title='bbox 632 1865 667 1916; x_wconf 84' lang='lat' dir='ltr'>sb</span> <span class='ocrx_word' id='word_1_133' title='bbox 683 1865 736 1916; x_wconf 91' lang='lat' dir='ltr'>hoc</span> <span class='ocrx_word' id='word_1_134' title='bbox 753 1862 891 1915; x_wconf 82' lang='lat' dir='ltr'>volumine</span> <span class='ocrx_word' id='word_1_135' title='bbox 910 1863 1016 1930; x_wconf 74' lang='lat' dir='ltr'>abesse,</span> <span class='ocrx_word' id='word_1_136' title='bbox 1041 1880 1102 1916; x_wconf 88' lang='lat' dir='ltr'>cnm</span> <span class='ocrx_word' id='word_1_137' title='bbox 1119 1880 1174 1915; x_wconf 92' lang='lat' dir='ltr'>non</span> <span class='ocrx_word' id='word_1_138' title='bbox 1192 1865 1329 1936; x_wconf 79' lang='lat' dir='ltr'>deessent,</span> <span class='ocrx_word' id='word_1_139' title='bbox 1347 1864 1431 1916; x_wconf 81' lang='lat' dir='ltr'>volni.</span> <span class='ocrx_word' id='word_1_140' title='bbox 1467 1853 1560 1916; x_wconf 78' lang='lat' dir='ltr'>eedem</span> <span class='ocrx_word' id='word_1_141' title='bbox 1570 1879 1608 1914; x_wconf 81' lang='lat' dir='ltr'>rs·</span> <span class='ocrx_word' id='word_1_142' title='bbox 1699 1861 1701 1866; x_wconf 76' lang='grc'>’</span> 
     </span>
    </p>
   </div>
   <div class='ocr_carea' id='block_1_8' title="bbox 305 1948 1620 3551">
    <p class='ocr_par' dir='ltr' id='par_1_8' title="bbox 305 1948 1620 3551">
     <span class='ocr_line' id='line_1_15' title="bbox 337 1948 1608 2016; baseline -0.002 -15"><span class='ocrx_word' id='word_1_143' title='bbox 337 1951 412 2002; x_wconf 89' lang='lat' dir='ltr'>tione</span> <span class='ocrx_word' id='word_1_144' title='bbox 422 1965 476 2000; x_wconf 93' lang='lat' dir='ltr'>non</span> <span class='ocrx_word' id='word_1_145' title='bbox 488 1949 564 2000; x_wconf 82' lang='lat' dir='ltr'>nulle</span> <span class='ocrx_word' id='word_1_146' title='bbox 576 1965 635 2015; x_wconf 74' lang='lat' dir='ltr'>qum</span> <span class='ocrx_word' id='word_1_147' title='bbox 649 1949 684 2000; x_wconf 83' lang='lat' dir='ltr'>ed</span> <span class='ocrx_word' id='word_1_148' title='bbox 696 1963 792 2000; x_wconf 80' lang='lat' dir='ltr'>monus</span> <span class='ocrx_word' id='word_1_149' title='bbox 805 1948 914 2000; x_wconf 80' lang='lat' dir='ltr'>luerunt</span> <span class='ocrx_word' id='word_1_150' title='bbox 927 1949 1045 2014; x_wconf 80' lang='lat' dir='ltr'>mqnulie</span> <span class='ocrx_word' id='word_1_151' title='bbox 1057 1952 1161 2016; x_wconf 79' lang='lat' dir='ltr'>scripte</span> <span class='ocrx_word' id='word_1_152' title='bbox 1175 1964 1236 2001; x_wconf 87' lang='lat' dir='ltr'>curn</span> <span class='ocrx_word' id='word_1_153' title='bbox 1248 1949 1284 2000; x_wconf 82' lang='lat' dir='ltr'>sd</span> <span class='ocrx_word' id='word_1_154' title='bbox 1296 1953 1461 2002; x_wconf 79' lang='lat' dir='ltr'>conventum</span> <span class='ocrx_word' id='word_1_155' title='bbox 1467 1951 1608 2016; x_wconf 77' lang='lat' dir='ltr'>Augusteu-</span> 
     </span>
     <span class='ocr_line' id='line_1_16' title="bbox 337 2033 1610 2102; baseline -0.003 -16"><span class='ocrx_word' id='word_1_156' title='bbox 337 2052 394 2086; x_wconf 89' lang='lat' dir='ltr'>sem</span> <span class='ocrx_word' id='word_1_157' title='bbox 411 2051 507 2102; x_wconf 81' lang='lat' dir='ltr'>perum</span> <span class='ocrx_word' id='word_1_158' title='bbox 524 2035 665 2102; x_wconf 88' lang='lat' dir='ltr'>pertinere</span> <span class='ocrx_word' id='word_1_159' title='bbox 683 2034 820 2095; x_wconf 84' lang='lat' dir='ltr'>vidissem,</span> <span class='ocrx_word' id='word_1_160' title='bbox 841 2034 876 2084; x_wconf 80' lang='lat' dir='ltr'>sb</span> <span class='ocrx_word' id='word_1_161' title='bbox 888 2033 941 2084; x_wconf 78' lang='lat' dir='ltr'>hnc</span> <span class='ocrx_word' id='word_1_162' title='bbox 955 2035 1119 2087; x_wconf 85' lang='lat' dir='ltr'>collectione</span> <span class='ocrx_word' id='word_1_163' title='bbox 1132 2035 1271 2102; x_wconf 72' lang='lat' dir='ltr'>ablegari.</span> <span class='ocrx_word' id='word_1_164' title='bbox 1299 2039 1395 2086; x_wconf 81' lang='lat' dir='ltr'>contre.</span> <span class='ocrx_word' id='word_1_165' title='bbox 1405 2049 1472 2086; x_wconf 82' lang='lat' dir='ltr'>rere</span> <span class='ocrx_word' id='word_1_166' title='bbox 1486 2049 1563 2101; x_wconf 84' lang='lat' dir='ltr'>quem</span> <span class='ocrx_word' id='word_1_167' title='bbox 1574 2049 1610 2083; x_wconf 91' lang='lat' dir='ltr'>re-</span> 
     </span>
     <span class='ocr_line' id='line_1_17' title="bbox 336 2117 1612 2188; baseline -0.002 -16"><span class='ocrx_word' id='word_1_168' title='bbox 336 2122 428 2188; x_wconf 85' lang='lat' dir='ltr'>cipere</span> <span class='ocrx_word' id='word_1_169' title='bbox 447 2119 521 2172; x_wconf 87' lang='lat' dir='ltr'>volni</span> <span class='ocrx_word' id='word_1_170' title='bbox 538 2117 697 2170; x_wconf 69' lang='lat' dir='ltr'>schedulam</span> <span class='ocrx_word' id='word_1_171' title='bbox 715 2119 867 2188; x_wconf 83' lang='lat' dir='ltr'>principum</span> <span class='ocrx_word' id='word_1_172' title='bbox 879 2119 1070 2172; x_wconf 83' lang='lat' dir='ltr'>ideximilieno</span> <span class='ocrx_word' id='word_1_173' title='bbox 1089 2120 1248 2184; x_wconf 75' lang='lat' dir='ltr'>exhibitam,</span> <span class='ocrx_word' id='word_1_174' title='bbox 1267 2119 1303 2170; x_wconf 79' lang='lat' dir='ltr'>sd</span> <span class='ocrx_word' id='word_1_175' title='bbox 1320 2119 1401 2185; x_wconf 82' lang='lat' dir='ltr'>quom</span> <span class='ocrx_word' id='word_1_176' title='bbox 1418 2121 1566 2187; x_wconf 76' lang='lat' dir='ltr'>imperetur</span> <span class='ocrx_word' id='word_1_177' title='bbox 1576 2133 1612 2168; x_wconf 86' lang='lat' dir='ltr'>re·</span> 
     </span>
     <span class='ocr_line' id='line_1_18' title="bbox 335 2202 1613 2273; baseline -0.002 -17"><span class='ocrx_word' id='word_1_178' title='bbox 335 2221 463 2273; x_wconf 87' lang='lat' dir='ltr'>sponsum</span> <span class='ocrx_word' id='word_1_179' title='bbox 481 2222 506 2272; x_wconf 95' lang='lat' dir='ltr'>p.</span> <span class='ocrx_word' id='word_1_180' title='bbox 514 2202 571 2256; x_wconf 78' lang='lat'>198.</span> <span class='ocrx_word' id='word_1_181' title='bbox 578 2219 635 2272; x_wconf 89' lang='lat' dir='ltr'>sqq.</span> <span class='ocrx_word' id='word_1_182' title='bbox 650 2203 799 2256; x_wconf 84' lang='lat' dir='ltr'>exhibitum</span> <span class='ocrx_word' id='word_1_183' title='bbox 817 2203 902 2268; x_wconf 87' lang='lat' dir='ltr'>dedit,</span> <span class='ocrx_word' id='word_1_184' title='bbox 921 2219 975 2256; x_wconf 92' lang='lat' dir='ltr'>non</span> <span class='ocrx_word' id='word_1_185' title='bbox 986 2207 1072 2271; x_wconf 88' lang='lat' dir='ltr'>potui,</span> <span class='ocrx_word' id='word_1_186' title='bbox 1091 2205 1155 2271; x_wconf 82' lang='lat' dir='ltr'>quie</span> <span class='ocrx_word' id='word_1_187' title='bbox 1171 2205 1245 2256; x_wconf 88' lang='lat' dir='ltr'>inter</span> <span class='ocrx_word' id='word_1_188' title='bbox 1262 2221 1337 2256; x_wconf 89' lang='lat' dir='ltr'>meos</span> <span class='ocrx_word' id='word_1_189' title='bbox 1355 2203 1526 2271; x_wconf 70' lang='lat' dir='ltr'>aliorumque</span> <span class='ocrx_word' id='word_1_190' title='bbox 1536 2203 1613 2254; x_wconf 88' lang='lat' dir='ltr'>libros</span> 
     </span>
     <span class='ocr_line' id='line_1_19' title="bbox 338 2287 1613 2356; baseline -0.005 -14"><span class='ocrx_word' id='word_1_191' title='bbox 338 2292 440 2343; x_wconf 72' lang='lat' dir='ltr'>trustra</span> <span class='ocrx_word' id='word_1_192' title='bbox 459 2289 583 2356; x_wconf 74' lang='lat' dir='ltr'>quaesivi.</span> <span class='ocrx_word' id='word_1_193' title='bbox 621 2289 759 2352; x_wconf 76' lang='lat' dir='ltr'>Quantum</span> <span class='ocrx_word' id='word_1_194' title='bbox 779 2293 807 2339; x_wconf 89' lang='lat' dir='ltr'>ct</span> <span class='ocrx_word' id='word_1_195' title='bbox 824 2289 952 2354; x_wconf 88' lang='lat' dir='ltr'>ponderis</span> <span class='ocrx_word' id='word_1_196' title='bbox 971 2294 999 2340; x_wconf 87' lang='lat' dir='ltr'>et</span> <span class='ocrx_word' id='word_1_197' title='bbox 1016 2289 1086 2341; x_wconf 89' lang='lat' dir='ltr'>lucis</span> <span class='ocrx_word' id='word_1_198' title='bbox 1104 2289 1221 2356; x_wconf 78' lang='lat' dir='ltr'>singulis</span> <span class='ocrx_word' id='word_1_199' title='bbox 1238 2290 1439 2342; x_wconf 86' lang='lat' dir='ltr'>huiuscemodi</span> <span class='ocrx_word' id='word_1_200' title='bbox 1456 2289 1576 2355; x_wconf 80' lang='lat' dir='ltr'>scriptis,</span> <span class='ocrx_word' id='word_1_201' title='bbox 1593 2287 1613 2336; x_wconf 91' lang='lat' dir='ltr'>si</span> 
     </span>
     <span class='ocr_line' id='line_1_20' title="bbox 338 2373 1614 2452; baseline -0.003 -25"><span class='ocrx_word' id='word_1_202' title='bbox 338 2375 481 2442; x_wconf 89' lang='lat' dir='ltr'>conposite</span> <span class='ocrx_word' id='word_1_203' title='bbox 501 2375 701 2426; x_wconf 89' lang='lat' dir='ltr'>concinnentur</span> <span class='ocrx_word' id='word_1_204' title='bbox 720 2373 846 2438; x_wconf 88' lang='lat' dir='ltr'>interque</span> <span class='ocrx_word' id='word_1_205' title='bbox 863 2387 893 2423; x_wconf 88' lang='lat' dir='ltr'>sc</span> <span class='ocrx_word' id='word_1_206' title='bbox 913 2375 1126 2452; x_wconf 62' lang='lat' dir='ltr'>conjungentur,</span> <span class='ocrx_word' id='word_1_207' title='bbox 1146 2380 1245 2447; x_wconf 89' lang='lat' dir='ltr'>sponte</span> <span class='ocrx_word' id='word_1_208' title='bbox 1264 2375 1393 2439; x_wconf 76' lang='lat' dir='ltr'>secedet,</span> <span class='ocrx_word' id='word_1_209' title='bbox 1412 2379 1443 2424; x_wconf 88' lang='lat' dir='ltr'>nt</span> <span class='ocrx_word' id='word_1_210' title='bbox 1460 2374 1532 2424; x_wconf 76' lang='lat' dir='ltr'>elios</span> <span class='ocrx_word' id='word_1_211' title='bbox 1547 2389 1614 2438; x_wconf 65' lang='lat' dir='ltr'>sepe</span> 
     </span>
     <span class='ocr_line' id='line_1_21' title="bbox 336 2457 1614 2526; baseline -0.002 -16"><span class='ocrx_word' id='word_1_212' title='bbox 336 2461 377 2512; x_wconf 83' lang='lat' dir='ltr'>ite</span> <span class='ocrx_word' id='word_1_213' title='bbox 396 2465 424 2511; x_wconf 88' lang='lat' dir='ltr'>et</span> <span class='ocrx_word' id='word_1_214' title='bbox 441 2459 494 2510; x_wconf 85' lang='lat' dir='ltr'>bec</span> <span class='ocrx_word' id='word_1_215' title='bbox 512 2475 596 2526; x_wconf 80' lang='lat' dir='ltr'>opere.</span> <span class='ocrx_word' id='word_1_216' title='bbox 614 2463 744 2525; x_wconf 87' lang='lat' dir='ltr'>expertus</span> <span class='ocrx_word' id='word_1_217' title='bbox 762 2471 834 2521; x_wconf 86' lang='lat' dir='ltr'>snm;</span> <span class='ocrx_word' id='word_1_218' title='bbox 854 2459 934 2510; x_wconf 90' lang='lat' dir='ltr'>immo</span> <span class='ocrx_word' id='word_1_219' title='bbox 953 2457 1039 2510; x_wconf 84' lang='lat' dir='ltr'>multe</span> <span class='ocrx_word' id='word_1_220' title='bbox 1057 2460 1082 2510; x_wconf 90' lang='lat' dir='ltr'>si</span> <span class='ocrx_word' id='word_1_221' title='bbox 1099 2475 1148 2526; x_wconf 88' lang='lat' dir='ltr'>per</span> <span class='ocrx_word' id='word_1_222' title='bbox 1165 2475 1195 2509; x_wconf 89' lang='lat' dir='ltr'>se</span> <span class='ocrx_word' id='word_1_223' title='bbox 1214 2458 1300 2510; x_wconf 88' lang='lat' dir='ltr'>solum</span> <span class='ocrx_word' id='word_1_224' title='bbox 1322 2463 1444 2524; x_wconf 86' lang='lat' dir='ltr'>spectes,</span> <span class='ocrx_word' id='word_1_225' title='bbox 1469 2474 1524 2509; x_wconf 93' lang='lat' dir='ltr'>non</span> <span class='ocrx_word' id='word_1_226' title='bbox 1546 2463 1614 2508; x_wconf 87' lang='lat' dir='ltr'>recte</span> 
     </span>
     <span class='ocr_line' id='line_1_22' title="bbox 337 2541 1614 2610; baseline -0.004 -14"><span class='ocrx_word' id='word_1_227' title='bbox 337 2545 385 2596; x_wconf 91' lang='lat' dir='ltr'>sed</span> <span class='ocrx_word' id='word_1_228' title='bbox 402 2543 474 2596; x_wconf 81' lang='lat' dir='ltr'>mole</span> <span class='ocrx_word' id='word_1_229' title='bbox 493 2545 610 2595; x_wconf 84' lang='lat' dir='ltr'>distorte</span> <span class='ocrx_word' id='word_1_230' title='bbox 628 2543 792 2609; x_wconf 81' lang='lat' dir='ltr'>conspicies.</span> <span class='ocrx_word' id='word_1_231' title='bbox 824 2544 884 2608; x_wconf 90' lang='lat' dir='ltr'>quie</span> <span class='ocrx_word' id='word_1_232' title='bbox 902 2543 1028 2608; x_wconf 83' lang='lat' dir='ltr'>tnndsm&#39;,</span> <span class='ocrx_word' id='word_1_233' title='bbox 1047 2549 1077 2594; x_wconf 87' lang='lat' dir='ltr'>nt</span> <span class='ocrx_word' id='word_1_234' title='bbox 1096 2544 1216 2610; x_wconf 85' lang='lat' dir='ltr'>exemplo</span> <span class='ocrx_word' id='word_1_235' title='bbox 1235 2544 1385 2610; x_wconf 83' lang='lat' dir='ltr'>defungor,</span> <span class='ocrx_word' id='word_1_236' title='bbox 1409 2544 1434 2594; x_wconf 91' lang='lat' dir='ltr'>si</span> <span class='ocrx_word' id='word_1_237' title='bbox 1450 2543 1497 2594; x_wconf 84' lang='lat' dir='ltr'>vel</span> <span class='ocrx_word' id='word_1_238' title='bbox 1516 2541 1614 2594; x_wconf 88' lang='lat' dir='ltr'>consul-</span> 
     </span>
     <span class='ocr_line' id='line_1_23' title="bbox 336 2627 1616 2696; baseline -0.006 -14"><span class='ocrx_word' id='word_1_239' title='bbox 336 2631 457 2683; x_wconf 74' lang='lat' dir='ltr'>tationes</span> <span class='ocrx_word' id='word_1_240' title='bbox 474 2647 499 2696; x_wconf 94' lang='lat' dir='ltr'>p.</span> <span class='ocrx_word' id='word_1_241' title='bbox 510 2627 565 2680; x_wconf 82' lang='lat'>146.</span> <span class='ocrx_word' id='word_1_242' title='bbox 572 2643 630 2694; x_wconf 90' lang='lat' dir='ltr'>sqq.</span> <span class='ocrx_word' id='word_1_243' title='bbox 651 2627 707 2677; x_wconf 80' lang='lat'>186.</span> <span class='ocrx_word' id='word_1_244' title='bbox 716 2642 774 2692; x_wconf 90' lang='lat' dir='ltr'>sqq.</span> <span class='ocrx_word' id='word_1_245' title='bbox 788 2629 922 2694; x_wconf 86' lang='lat' dir='ltr'>repetitos</span> <span class='ocrx_word' id='word_1_246' title='bbox 941 2628 1125 2692; x_wconf 73' lang='lat' dir='ltr'>adhibuisset,</span> <span class='ocrx_word' id='word_1_247' title='bbox 1145 2629 1283 2696; x_wconf 70' lang='lat' dir='ltr'>suspicari</span> <span class='ocrx_word' id='word_1_248' title='bbox 1301 2629 1334 2678; x_wconf 91' lang='lat' dir='ltr'>de</span> <span class='ocrx_word' id='word_1_249' title='bbox 1347 2629 1470 2680; x_wconf 85' lang='lat' dir='ltr'>Huttene</span> <span class='ocrx_word' id='word_1_250' title='bbox 1488 2628 1616 2694; x_wconf 85' lang='lat' dir='ltr'>potuisset</span> 
     </span>
     <span class='ocr_line' id='line_1_24' title="bbox 337 2711 1616 2780; baseline -0.005 -14"><span class='ocrx_word' id='word_1_251' title='bbox 337 2731 399 2767; x_wconf 89' lang='lat' dir='ltr'>eum</span> <span class='ocrx_word' id='word_1_252' title='bbox 417 2715 556 2766; x_wconf 82' lang='lat' dir='ltr'>orationes</span> <span class='ocrx_word' id='word_1_253' title='bbox 574 2728 598 2777; x_wconf 91' lang='lat' dir='ltr'>q.</span> <span class='ocrx_word' id='word_1_254' title='bbox 611 2728 636 2763; x_wconf 89' lang='lat' dir='ltr'>v.</span> <span class='ocrx_word' id='word_1_255' title='bbox 655 2712 822 2763; x_wconf 79' lang='lat' dir='ltr'>decimarum</span> <span class='ocrx_word' id='word_1_256' title='bbox 846 2712 883 2778; x_wconf 94' lang='lat' dir='ltr'>(p.</span> <span class='ocrx_word' id='word_1_257' title='bbox 899 2711 954 2766; x_wconf 79' lang='lat' dir='ltr'>roe.</span> <span class='ocrx_word' id='word_1_258' title='bbox 968 2729 1026 2780; x_wconf 90' lang='lat' dir='ltr'>sqq.</span> <span class='ocrx_word' id='word_1_259' title='bbox 1041 2713 1083 2764; x_wconf 91' lang='lat' dir='ltr'>ed.</span> <span class='ocrx_word' id='word_1_260' title='bbox 1097 2715 1133 2777; x_wconf 88' lang='grc' dir='ltr'>ιι.)</span> <span class='ocrx_word' id='word_1_261' title='bbox 1159 2719 1207 2763; x_wconf 83' lang='lat' dir='ltr'>snt</span> <span class='ocrx_word' id='word_1_262' title='bbox 1228 2711 1370 2779; x_wconf 82' lang='lat' dir='ltr'>utrumqne</span> <span class='ocrx_word' id='word_1_263' title='bbox 1395 2719 1444 2764; x_wconf 78' lang='lat' dir='ltr'>snt</span> <span class='ocrx_word' id='word_1_264' title='bbox 1462 2713 1616 2764; x_wconf 70' lang='lat' dir='ltr'>alterutrum</span> 
     </span>
     <span class='ocr_line' id='line_1_25' title="bbox 305 2791 1616 2870; baseline -0.005 -18"><span class='ocrx_word' id='word_1_265' title='bbox 305 2857 309 2864; x_wconf 58' lang='grc'>,</span> <span class='ocrx_word' id='word_1_266' title='bbox 337 2799 533 2866; x_wconf 79' lang='lat' dir='ltr'>conposuisse?</span> <span class='ocrx_word' id='word_1_267' title='bbox 550 2811 584 2847; x_wconf 95' lang='lat' dir='ltr'>ne</span> <span class='ocrx_word' id='word_1_268' title='bbox 603 2797 630 2846; x_wconf 90' lang='lat' dir='ltr'>id</span> <span class='ocrx_word' id='word_1_269' title='bbox 649 2796 775 2862; x_wconf 89' lang='lat' dir='ltr'>quidem,</span> <span class='ocrx_word' id='word_1_270' title='bbox 796 2797 872 2870; x_wconf 62' lang='lat' dir='ltr'>quod¹</span> <span class='ocrx_word' id='word_1_271' title='bbox 884 2801 971 2865; x_wconf 83' lang='lat' dir='ltr'>nuper</span> <span class='ocrx_word' id='word_1_272' title='bbox 989 2798 1079 2850; x_wconf 90' lang='lat' dir='ltr'>denno</span> <span class='ocrx_word' id='word_1_273' title='bbox 1096 2799 1200 2849; x_wconf 84' lang='lat' dir='ltr'>fectum</span> <span class='ocrx_word' id='word_1_274' title='bbox 1219 2803 1275 2860; x_wconf 90' lang='lat' dir='ltr'>est,</span> <span class='ocrx_word' id='word_1_275' title='bbox 1300 2791 1421 2849; x_wconf 75' lang='lat' dir='ltr'>dubitari</span> <span class='ocrx_word' id='word_1_276' title='bbox 1440 2797 1559 2864; x_wconf 83' lang='lat' dir='ltr'>emplius</span> <span class='ocrx_word' id='word_1_277' title='bbox 1575 2812 1616 2862; x_wconf 91' lang='lat' dir='ltr'>pn·</span> 
     </span>
     <span class='ocr_line' id='line_1_26' title="bbox 337 2881 1617 2950; baseline -0.004 -15"><span class='ocrx_word' id='word_1_278' title='bbox 337 2889 406 2948; x_wconf 87' lang='lat' dir='ltr'>test,</span> <span class='ocrx_word' id='word_1_279' title='bbox 433 2883 499 2949; x_wconf 82' lang='lat' dir='ltr'>quin</span> <span class='ocrx_word' id='word_1_280' title='bbox 516 2882 590 2949; x_wconf 90' lang='lat' dir='ltr'>prior</span> <span class='ocrx_word' id='word_1_281' title='bbox 607 2884 697 2932; x_wconf 86' lang='lat' dir='ltr'>cretio</span> <span class='ocrx_word' id='word_1_282' title='bbox 716 2881 750 2931; x_wconf 86' lang='lat' dir='ltr'>eb</span> <span class='ocrx_word' id='word_1_283' title='bbox 770 2882 830 2948; x_wconf 92' lang='lat' dir='ltr'>ipso</span> <span class='ocrx_word' id='word_1_284' title='bbox 848 2883 941 2948; x_wconf 78' lang='lat' dir='ltr'>legetc</span> <span class='ocrx_word' id='word_1_285' title='bbox 965 2898 1044 2950; x_wconf 81' lang='lat' dir='ltr'>pepon</span> <span class='ocrx_word' id='word_1_286' title='bbox 1068 2883 1166 2933; x_wconf 82' lang='lat' dir='ltr'>bebite</span> <span class='ocrx_word' id='word_1_287' title='bbox 1187 2898 1242 2934; x_wconf 92' lang='lat' dir='ltr'>non</span> <span class='ocrx_word' id='word_1_288' title='bbox 1265 2887 1348 2936; x_wconf 83' lang='lat' dir='ltr'>esset.</span> <span class='ocrx_word' id='word_1_289' title='bbox 1384 2883 1429 2932; x_wconf 80' lang='lat' dir='ltr'>lto</span> <span class='ocrx_word' id='word_1_290' title='bbox 1453 2897 1487 2932; x_wconf 83' lang='lat' dir='ltr'>ex</span> <span class='ocrx_word' id='word_1_291' title='bbox 1509 2881 1617 2932; x_wconf 71' lang='lat' dir='ltr'>Bartho-</span> 
     </span>
     <span class='ocr_line' id='line_1_27' title="bbox 336 2965 1617 3032; baseline -0.005 -13"><span class='ocrx_word' id='word_1_292' title='bbox 336 2969 387 3019; x_wconf 89' lang='lat' dir='ltr'>lini</span> <span class='ocrx_word' id='word_1_293' title='bbox 411 2968 536 3019; x_wconf 84' lang='lat' dir='ltr'>cretione</span> <span class='ocrx_word' id='word_1_294' title='bbox 561 2965 646 3020; x_wconf 83' lang='lat' dir='ltr'>iscile</span> <span class='ocrx_word' id='word_1_295' title='bbox 668 2965 800 3017; x_wconf 72' lang='lat' dir='ltr'>‘discimus</span> <span class='ocrx_word' id='word_1_296' title='bbox 824 2966 888 3030; x_wconf 90' lang='lat' dir='ltr'>qnid</span> <span class='ocrx_word' id='word_1_297' title='bbox 911 2967 1062 3018; x_wconf 87' lang='lat' dir='ltr'>Huttennm</span> <span class='ocrx_word' id='word_1_298' title='bbox 1086 2969 1214 3032; x_wconf 85' lang='lat' dir='ltr'>moverit,</span> <span class='ocrx_word' id='word_1_299' title='bbox 1240 2971 1271 3018; x_wconf 87' lang='lat' dir='ltr'>nt</span> <span class='ocrx_word' id='word_1_300' title='bbox 1293 2967 1373 3018; x_wconf 87' lang='lat' dir='ltr'>istius</span> <span class='ocrx_word' id='word_1_301' title='bbox 1396 2965 1546 3032; x_wconf 70' lang='lat' dir='ltr'>ambigue,</span> <span class='ocrx_word' id='word_1_302' title='bbox 1560 2965 1617 3015; x_wconf 84' lang='lat' dir='ltr'>fidei</span> 
     </span>
     <span class='ocr_line' id='line_1_28' title="bbox 336 3049 1619 3118; baseline -0.005 -14"><span class='ocrx_word' id='word_1_303' title='bbox 336 3055 526 3116; x_wconf 85' lang='lat' dir='ltr'>succenseret,</span> <span class='ocrx_word' id='word_1_304' title='bbox 545 3051 574 3102; x_wconf 91' lang='lat' dir='ltr'>id</span> <span class='ocrx_word' id='word_1_305' title='bbox 591 3051 662 3116; x_wconf 89' lang='lat' dir='ltr'>qnod</span> <span class='ocrx_word' id='word_1_306' title='bbox 679 3051 738 3116; x_wconf 92' lang='lat' dir='ltr'>ipse</span> <span class='ocrx_word' id='word_1_307' title='bbox 758 3051 794 3100; x_wconf 87' lang='lat' dir='ltr'>ed</span> <span class='ocrx_word' id='word_1_308' title='bbox 811 3050 864 3102; x_wconf 83' lang='lat' dir='ltr'>vol.</span> <span class='ocrx_word' id='word_1_309' title='bbox 873 3049 897 3102; x_wconf 76' lang='lat'>1.</span> <span class='ocrx_word' id='word_1_310' title='bbox 912 3068 937 3117; x_wconf 94' lang='lat' dir='ltr'>p.</span> <span class='ocrx_word' id='word_1_311' title='bbox 947 3053 1004 3102; x_wconf 79' lang='lat'>224.</span> <span class='ocrx_word' id='word_1_312' title='bbox 1018 3051 1123 3116; x_wconf 53' lang='lat' dir='ltr'>§titi</span> <span class='ocrx_word' id='word_1_313' title='bbox 1137 3053 1259 3118; x_wconf 82' lang='lat' dir='ltr'>apertius</span> <span class='ocrx_word' id='word_1_314' title='bbox 1279 3052 1412 3103; x_wconf 82' lang='lat' dir='ltr'>ednotsrs</span> <span class='ocrx_word' id='word_1_315' title='bbox 1425 3051 1571 3103; x_wconf 80' lang='lat' dir='ltr'>debebun.</span> <span class='ocrx_word' id='word_1_316' title='bbox 1588 3051 1619 3098; x_wconf 82' lang='lat' dir='ltr'>Et</span> 
     </span>
     <span class='ocr_line' id='line_1_29' title="bbox 336 3127 1618 3206; baseline 0.002 -18"><span class='ocrx_word' id='word_1_317' title='bbox 336 3137 497 3188; x_wconf 80' lang='lat' dir='ltr'>Ziskeiseni</span> <span class='ocrx_word' id='word_1_318' title='bbox 516 3151 621 3202; x_wconf 88' lang='lat' dir='ltr'>quoque</span> <span class='ocrx_word' id='word_1_319' title='bbox 638 3135 749 3186; x_wconf 84' lang='lat' dir='ltr'>libellus</span> <span class='ocrx_word' id='word_1_320' title='bbox 768 3133 844 3201; x_wconf 77' lang='lat' dir='ltr'>(tntu</span> <span class='ocrx_word' id='word_1_321' title='bbox 858 3135 1039 3202; x_wconf 69' lang='lat' dir='ltr'>identidtillur</span> <span class='ocrx_word' id='word_1_322' title='bbox 1057 3127 1117 3191; x_wconf 79' lang='lat' dir='ltr'>ibet</span> <span class='ocrx_word' id='word_1_323' title='bbox 1135 3137 1173 3191; x_wconf 84' lang='lat' dir='ltr'>bie</span> <span class='ocrx_word' id='word_1_324' title='bbox 1191 3134 1358 3200; x_wconf 80' lang='lat' dir='ltr'>orientoliitbr</span> <span class='ocrx_word' id='word_1_325' title='bbox 1378 3135 1461 3206; x_wconf 54' lang='lat' dir='ltr'>&amp;repo</span> <span class='ocrx_word' id='word_1_326' title='bbox 1475 3147 1528 3190; x_wconf 85' lang='lat' dir='ltr'>nen</span> <span class='ocrx_word' id='word_1_327' title='bbox 1548 3133 1618 3200; x_wconf 67' lang='lat' dir='ltr'>lintri</span> 
     </span>
     <span class='ocr_line' id='line_1_30' title="bbox 336 3219 1618 3292; baseline -0.008 -12"><span class='ocrx_word' id='word_1_328' title='bbox 336 3222 381 3280; x_wconf 78' lang='lat' dir='ltr'>ileo</span> <span class='ocrx_word' id='word_1_329' title='bbox 394 3224 439 3285; x_wconf 72' lang='lat' dir='ltr'>X,</span> <span class='ocrx_word' id='word_1_330' title='bbox 455 3219 540 3291; x_wconf 59' lang='lat' dir='ltr'>tiniq</span> <span class='ocrx_word' id='word_1_331' title='bbox 553 3219 633 3288; x_wconf 56' lang='lat' dir='ltr'>irene</span> <span class='ocrx_word' id='word_1_332' title='bbox 645 3221 668 3270; x_wconf 90' lang='lat'>1.</span> <span class='ocrx_word' id='word_1_333' title='bbox 686 3219 891 3288; x_wconf 58' lang='lat' dir='ltr'>congesticius</span> <span class='ocrx_word' id='word_1_334' title='bbox 910 3222 961 3276; x_wconf 83' lang='lat' dir='ltr'>unt</span> <span class='ocrx_word' id='word_1_335' title='bbox 981 3221 1069 3288; x_wconf 69' lang='lat' dir='ltr'>licitu</span> <span class='ocrx_word' id='word_1_336' title='bbox 1082 3219 1255 3280; x_wconf 78' lang='lat' dir='ltr'>iiiorimiiiou</span> <span class='ocrx_word' id='word_1_337' title='bbox 1268 3221 1290 3271; x_wconf 90' lang='lat' dir='ltr'>l.</span> <span class='ocrx_word' id='word_1_338' title='bbox 1309 3224 1359 3276; x_wconf 72' lang='lat' dir='ltr'>cui</span> <span class='ocrx_word' id='word_1_339' title='bbox 1377 3221 1431 3274; x_wconf 84' lang='lat' dir='ltr'>bern</span> <span class='ocrx_word' id='word_1_340' title='bbox 1448 3219 1533 3292; x_wconf 65' lang='lat' dir='ltr'>guise</span> <span class='ocrx_word' id='word_1_341' title='bbox 1553 3219 1618 3270; x_wconf 81' lang='lat'>1517.</span> 
     </span>
     <span class='ocr_line' id='line_1_31' title="bbox 336 3303 1619 3377; baseline -0.007 -15"><span class='ocrx_word' id='word_1_342' title='bbox 336 3307 402 3372; x_wconf 74' lang='lat' dir='ltr'>ilud</span> <span class='ocrx_word' id='word_1_343' title='bbox 415 3308 470 3362; x_wconf 75' lang='lat' dir='ltr'>iem</span> <span class='ocrx_word' id='word_1_344' title='bbox 482 3303 638 3376; x_wconf 75' lang='lat' dir='ltr'>beiqeliqten</span> <span class='ocrx_word' id='word_1_345' title='bbox 650 3303 823 3377; x_wconf 68' lang='lat' dir='ltr'>Dtiqincitert</span> <span class='ocrx_word' id='word_1_346' title='bbox 833 3320 891 3372; x_wconf 63' lang='lat' dir='ltr'>qum</span> <span class='ocrx_word' id='word_1_347' title='bbox 906 3305 1068 3370; x_wconf 70' lang='lat' dir='ltr'>scientiole</span> <span class='ocrx_word' id='word_1_348' title='bbox 1086 3305 1197 3373; x_wconf 73' lang='lat' dir='ltr'>ibrtlept</span> <span class='ocrx_word' id='word_1_349' title='bbox 1216 3307 1268 3360; x_wconf 85' lang='lat' dir='ltr'>unt</span> <span class='ocrx_word' id='word_1_350' title='bbox 1281 3303 1413 3360; x_wconf 78' lang='lat' dir='ltr'>&#39;criiutctt</span> <span class='ocrx_word' id='word_1_351' title='bbox 1443 3303 1535 3372; x_wconf 68' lang='lat' dir='ltr'>dicitu</span> <span class='ocrx_word' id='word_1_352' title='bbox 1553 3303 1619 3354; x_wconf 70' lang='lat' dir='ltr'>ltlr&#39;rt</span> 
     </span>
     <span class='ocr_line' id='line_1_32' title="bbox 335 3389 1619 3458; baseline -0.004 -14"><span class='ocrx_word' id='word_1_353' title='bbox 335 3391 393 3458; x_wconf 84' lang='lat'>8⁰.),</span> <span class='ocrx_word' id='word_1_354' title='bbox 413 3393 437 3444; x_wconf 91' lang='lat' dir='ltr'>si</span> <span class='ocrx_word' id='word_1_355' title='bbox 456 3389 538 3458; x_wconf 90' lang='lat' dir='ltr'>(quod</span> <span class='ocrx_word' id='word_1_356' title='bbox 555 3393 677 3456; x_wconf 83' lang='lat' dir='ltr'>poteret,</span> <span class='ocrx_word' id='word_1_357' title='bbox 697 3397 725 3440; x_wconf 89' lang='lat' dir='ltr'>et</span> <span class='ocrx_word' id='word_1_358' title='bbox 743 3391 813 3455; x_wconf 88' lang='lat' dir='ltr'>quod</span> <span class='ocrx_word' id='word_1_359' title='bbox 833 3389 867 3439; x_wconf 87' lang='lat' dir='ltr'>nd</span> <span class='ocrx_word' id='word_1_360' title='bbox 885 3390 1102 3442; x_wconf 83' lang='lat' dir='ltr'>Reuenerienem</span> <span class='ocrx_word' id='word_1_361' title='bbox 1121 3391 1290 3456; x_wconf 79' lang='lat' dir='ltr'>farraginem</span> <span class='ocrx_word' id='word_1_362' title='bbox 1309 3391 1424 3454; x_wconf 71' lang='lat' dir='ltr'>attinet,</span> <span class='ocrx_word' id='word_1_363' title='bbox 1444 3405 1507 3440; x_wconf 88' lang='lat' dir='ltr'>cnm</span> <span class='ocrx_word' id='word_1_364' title='bbox 1523 3390 1559 3440; x_wconf 80' lang='lat' dir='ltr'>sd</span> <span class='ocrx_word' id='word_1_365' title='bbox 1569 3404 1619 3440; x_wconf 88' lang='grc' dir='ltr'>ιιιι-</span> 
     </span>
     <span class='ocr_line' id='line_1_33' title="bbox 336 3473 1620 3551; baseline -0.005 -21"><span class='ocrx_word' id='word_1_366' title='bbox 336 3493 386 3530; x_wconf 85' lang='lat' dir='ltr'>nus</span> <span class='ocrx_word' id='word_1_367' title='bbox 403 3478 458 3529; x_wconf 88' lang='lat' dir='ltr'>sibi</span> <span class='ocrx_word' id='word_1_368' title='bbox 476 3476 572 3538; x_wconf 85' lang='lat' dir='ltr'>inerit,</span> <span class='ocrx_word' id='word_1_369' title='bbox 593 3477 677 3528; x_wconf 83' lang='lat' dir='ltr'>etiem</span> <span class='ocrx_word' id='word_1_370' title='bbox 696 3473 823 3538; x_wconf 79' lang='lat' dir='ltr'>debebat)</span> <span class='ocrx_word' id='word_1_371' title='bbox 843 3490 890 3526; x_wconf 89' lang='lat' dir='ltr'>cos</span> <span class='ocrx_word' id='word_1_372' title='bbox 903 3475 994 3526; x_wconf 84' lang='lat' dir='ltr'>fontes</span> <span class='ocrx_word' id='word_1_373' title='bbox 1008 3491 1041 3551; x_wconf 83' lang='lat' dir='ltr'>ex</span> <span class='ocrx_word' id='word_1_374' title='bbox 1054 3476 1151 3540; x_wconf 89' lang='lat' dir='ltr'>quibus</span> <span class='ocrx_word' id='word_1_375' title='bbox 1162 3479 1223 3541; x_wconf 88' lang='lat' dir='ltr'>ipse</span> <span class='ocrx_word' id='word_1_376' title='bbox 1235 3475 1328 3539; x_wconf 77' lang='lat' dir='ltr'>hausi,</span> <span class='ocrx_word' id='word_1_377' title='bbox 1348 3479 1414 3525; x_wconf 87' lang='lat' dir='ltr'>ente</span> <span class='ocrx_word' id='word_1_378' title='bbox 1427 3475 1537 3526; x_wconf 81' lang='lat' dir='ltr'>edisset</span> <span class='ocrx_word' id='word_1_379' title='bbox 1548 3489 1620 3540; x_wconf 83' lang='lat' dir='ltr'>quen</span> 
     </span>
    </p>
   </div>
   <div class='ocr_carea' id='block_1_9' title="bbox 337 3553 1692 3628">
    <p class='ocr_par' dir='ltr' id='par_1_9' title="bbox 337 3553 1692 3628">
     <span class='ocr_line' id='line_1_34' title="bbox 337 3553 1692 3628; baseline -0.007 -13"><span class='ocrx_word' id='word_1_380' title='bbox 337 3563 433 3616; x_wconf 86' lang='lat' dir='ltr'>ederet</span> <span class='ocrx_word' id='word_1_381' title='bbox 449 3564 578 3628; x_wconf 89' lang='lat' dir='ltr'>scriptor,</span> <span class='ocrx_word' id='word_1_382' title='bbox 598 3560 672 3611; x_wconf 84' lang='lat' dir='ltr'>bend</span> <span class='ocrx_word' id='word_1_383' title='bbox 689 3575 785 3628; x_wconf 87' lang='lat' dir='ltr'>perum</span> <span class='ocrx_word' id='word_1_384' title='bbox 802 3560 978 3628; x_wconf 83' lang='lat' dir='ltr'>profecisset.</span> <span class='ocrx_word' id='word_1_385' title='bbox 1013 3575 1068 3611; x_wconf 92' lang='lat' dir='ltr'>non</span> <span class='ocrx_word' id='word_1_386' title='bbox 1092 3560 1155 3611; x_wconf 89' lang='lat' dir='ltr'>ideo</span> <span class='ocrx_word' id='word_1_387' title='bbox 1178 3565 1273 3610; x_wconf 81' lang='lat' dir='ltr'>temen</span> <span class='ocrx_word' id='word_1_388' title='bbox 1295 3560 1347 3611; x_wconf 88' lang='lat' dir='ltr'>boc</span> <span class='ocrx_word' id='word_1_389' title='bbox 1370 3560 1475 3610; x_wconf 90' lang='lat' dir='ltr'>dictum</span> <span class='ocrx_word' id='word_1_390' title='bbox 1493 3560 1573 3622; x_wconf 79' lang='lat' dir='ltr'>volo,</span> <span class='ocrx_word' id='word_1_391' title='bbox 1595 3563 1621 3608; x_wconf 89' lang='lat' dir='ltr'>nt</span> <span class='ocrx_word' id='word_1_392' title='bbox 1686 3553 1692 3578; x_wconf 80' lang='lat'>⁸</span> 
     </span>
    </p>
   </div>
   <div class='ocr_carea' id='block_1_10' title="bbox 334 3644 1622 4560">
    <p class='ocr_par' dir='ltr' id='par_1_10' title="bbox 334 3644 1622 4560">
     <span class='ocr_line' id='line_1_35' title="bbox 336 3644 1621 3715; baseline -0.005 -15"><span class='ocrx_word' id='word_1_393' title='bbox 336 3653 468 3715; x_wconf 81' lang='lat' dir='ltr'>quonium</span> <span class='ocrx_word' id='word_1_394' title='bbox 485 3647 527 3698; x_wconf 90' lang='lat' dir='ltr'>illi</span> <span class='ocrx_word' id='word_1_395' title='bbox 544 3645 633 3698; x_wconf 86' lang='lat' dir='ltr'>lendis</span> <span class='ocrx_word' id='word_1_396' title='bbox 651 3645 770 3699; x_wconf 82' lang='lat' dir='ltr'>decedet</span> <span class='ocrx_word' id='word_1_397' title='bbox 788 3647 906 3697; x_wconf 82' lang='lat' dir='ltr'>secedet</span> <span class='ocrx_word' id='word_1_398' title='bbox 924 3645 1002 3695; x_wconf 88' lang='lat' dir='ltr'>mibi:</span> <span class='ocrx_word' id='word_1_399' title='bbox 1026 3659 1091 3695; x_wconf 83' lang='lat' dir='ltr'>uem</span> <span class='ocrx_word' id='word_1_400' title='bbox 1113 3645 1172 3710; x_wconf 91' lang='lat' dir='ltr'>ipse</span> <span class='ocrx_word' id='word_1_401' title='bbox 1196 3645 1296 3695; x_wconf 88' lang='lat' dir='ltr'>librum</span> <span class='ocrx_word' id='word_1_402' title='bbox 1317 3644 1395 3694; x_wconf 86' lang='lat' dir='ltr'>illurn</span> <span class='ocrx_word' id='word_1_403' title='bbox 1419 3645 1549 3710; x_wconf 79' lang='lat' dir='ltr'>quemvis</span> <span class='ocrx_word' id='word_1_404' title='bbox 1571 3645 1621 3694; x_wconf 85' lang='lat' dir='ltr'>ism</span> 
     </span>
     <span class='ocr_line' id='line_1_36' title="bbox 336 3715 1621 3804; baseline -0.007 -17"><span class='ocrx_word' id='word_1_405' title='bbox 336 3734 384 3787; x_wconf 83' lang='lat' dir='ltr'>din</span> <span class='ocrx_word' id='word_1_406' title='bbox 400 3732 570 3799; x_wconf 79' lang='lat' dir='ltr'>publicatum</span> <span class='ocrx_word' id='word_1_407' title='bbox 588 3731 631 3782; x_wconf 85' lang='lat' dir='ltr'>lris</span> <span class='ocrx_word' id='word_1_408' title='bbox 650 3733 717 3798; x_wconf 89' lang='lat' dir='ltr'>ipsis</span> <span class='ocrx_word' id='word_1_409' title='bbox 736 3729 973 3804; x_wconf 66' lang='lat' dir='ltr'>demumdiebus,</span> <span class='ocrx_word' id='word_1_410' title='bbox 998 3733 1142 3798; x_wconf 85' lang='lat' dir='ltr'>postquem</span> <span class='ocrx_word' id='word_1_411' title='bbox 1164 3735 1260 3796; x_wconf 81' lang='lat' dir='ltr'>portes</span> <span class='ocrx_word' id='word_1_412' title='bbox 1278 3729 1376 3796; x_wconf 89' lang='lat' dir='ltr'>quibus</span> <span class='ocrx_word' id='word_1_413' title='bbox 1393 3715 1621 3796; x_wconf 40' lang='lat' dir='ltr'>hoo&#39;prooeminm</span> 
     </span>
     <span class='ocr_line' id='line_1_37' title="bbox 336 3813 1620 3883; baseline -0.006 -14"><span class='ocrx_word' id='word_1_414' title='bbox 336 3815 440 3875; x_wconf 84' lang='lat' dir='ltr'>edicio.</span> <span class='ocrx_word' id='word_1_415' title='bbox 459 3817 545 3882; x_wconf 81' lang='lat' dir='ltr'>typis,</span> <span class='ocrx_word' id='word_1_416' title='bbox 565 3821 595 3868; x_wconf 89' lang='lat' dir='ltr'>ut</span> <span class='ocrx_word' id='word_1_417' title='bbox 612 3832 694 3883; x_wconf 80' lang='lat' dir='ltr'>supro</span> <span class='ocrx_word' id='word_1_418' title='bbox 711 3817 785 3880; x_wconf 85' lang='lat' dir='ltr'>dixi,</span> <span class='ocrx_word' id='word_1_419' title='bbox 805 3817 860 3867; x_wconf 87' lang='lat' dir='ltr'>iem</span> <span class='ocrx_word' id='word_1_420' title='bbox 878 3816 1025 3882; x_wconf 70' lang='lat' dir='ltr'>descripte</span> <span class='ocrx_word' id='word_1_421' title='bbox 1044 3819 1136 3878; x_wconf 79' lang='lat' dir='ltr'>erunt,</span> <span class='ocrx_word' id='word_1_422' title='bbox 1156 3815 1196 3865; x_wconf 83' lang='lat' dir='ltr'>ite</span> <span class='ocrx_word' id='word_1_423' title='bbox 1214 3819 1244 3864; x_wconf 89' lang='lat' dir='ltr'>nt</span> <span class='ocrx_word' id='word_1_424' title='bbox 1263 3815 1297 3864; x_wconf 85' lang='lat' dir='ltr'>ed</span> <span class='ocrx_word' id='word_1_425' title='bbox 1315 3829 1369 3880; x_wconf 70' lang='lat' dir='ltr'>ees</span> <span class='ocrx_word' id='word_1_426' title='bbox 1376 3815 1566 3866; x_wconf 71' lang='lat' dir='ltr'>recensendos</span> <span class='ocrx_word' id='word_1_427' title='bbox 1579 3813 1620 3862; x_wconf 82' lang='lat' dir='ltr'>sd-</span> 
     </span>
     <span class='ocr_line' id='line_1_38' title="bbox 334 3899 1621 3966; baseline -0.003 -15"><span class='ocrx_word' id='word_1_428' title='bbox 334 3902 429 3962; x_wconf 86' lang='lat' dir='ltr'>hibere</span> <span class='ocrx_word' id='word_1_429' title='bbox 448 3917 502 3952; x_wconf 92' lang='lat' dir='ltr'>non</span> <span class='ocrx_word' id='word_1_430' title='bbox 519 3902 667 3966; x_wconf 88' lang='lat' dir='ltr'>potuerim,</span> <span class='ocrx_word' id='word_1_431' title='bbox 687 3902 816 3954; x_wconf 87' lang='lat' dir='ltr'>utendum</span> <span class='ocrx_word' id='word_1_432' title='bbox 835 3901 940 3966; x_wconf 77' lang='lat' dir='ltr'>occepi.</span> <span class='ocrx_word' id='word_1_433' title='bbox 978 3905 1098 3952; x_wconf 85' lang='lat' dir='ltr'>ceterum</span> <span class='ocrx_word' id='word_1_434' title='bbox 1115 3899 1176 3951; x_wconf 83' lang='lat' dir='ltr'>lreec</span> <span class='ocrx_word' id='word_1_435' title='bbox 1193 3911 1257 3951; x_wconf 80' lang='lat' dir='ltr'>rnen</span> <span class='ocrx_word' id='word_1_436' title='bbox 1279 3899 1473 3966; x_wconf 74' lang='lat' dir='ltr'>neglegentis,</span> <span class='ocrx_word' id='word_1_437' title='bbox 1499 3899 1621 3960; x_wconf 78' lang='lat' dir='ltr'>sivecs·</span> 
     </span>
     <span class='ocr_line' id='line_1_39' title="bbox 334 3983 1621 4056; baseline -0.004 -19"><span class='ocrx_word' id='word_1_438' title='bbox 334 3999 381 4037; x_wconf 85' lang='lat' dir='ltr'>eus</span> <span class='ocrx_word' id='word_1_439' title='bbox 400 3990 452 4047; x_wconf 87' lang='lat' dir='ltr'>est,</span> <span class='ocrx_word' id='word_1_440' title='bbox 473 3985 544 4056; x_wconf 74' lang='lat' dir='ltr'>libro</span> <span class='ocrx_word' id='word_1_441' title='bbox 562 4001 622 4036; x_wconf 90' lang='lat' dir='ltr'>meo</span> <span class='ocrx_word' id='word_1_442' title='bbox 640 4001 693 4036; x_wconf 92' lang='lat' dir='ltr'>non</span> <span class='ocrx_word' id='word_1_443' title='bbox 709 3987 818 4051; x_wconf 90' lang='lat' dir='ltr'>nocuit,</span> <span class='ocrx_word' id='word_1_444' title='bbox 839 4001 900 4037; x_wconf 88' lang='lat' dir='ltr'>cum</span> <span class='ocrx_word' id='word_1_445' title='bbox 917 3985 1029 4036; x_wconf 76' lang='lat' dir='ltr'>nimium</span> <span class='ocrx_word' id='word_1_446' title='bbox 1042 3984 1217 4038; x_wconf 77' lang='lat' dir='ltr'>Carrerients</span> <span class='ocrx_word' id='word_1_447' title='bbox 1230 3984 1374 4051; x_wconf 76' lang='lat' dir='ltr'>exemplis,</span> <span class='ocrx_word' id='word_1_448' title='bbox 1393 3989 1451 4034; x_wconf 88' lang='lat' dir='ltr'>tum</span> <span class='ocrx_word' id='word_1_449' title='bbox 1462 3983 1540 4036; x_wconf 72' lang='lat' dir='ltr'>mele</span> <span class='ocrx_word' id='word_1_450' title='bbox 1553 3989 1621 4034; x_wconf 76' lang='lat' dir='ltr'>tren·</span> 
     </span>
     <span class='ocr_line' id='line_1_40' title="bbox 335 4061 1621 4137; baseline -0.002 -15"><span class='ocrx_word' id='word_1_451' title='bbox 335 4070 446 4137; x_wconf 89' lang='lat' dir='ltr'>scriptis</span> <span class='ocrx_word' id='word_1_452' title='bbox 463 4075 520 4120; x_wconf 85' lang='lat' dir='ltr'>tum</span> <span class='ocrx_word' id='word_1_453' title='bbox 538 4065 634 4136; x_wconf 73' lang='lat' dir='ltr'>pirrum</span> <span class='ocrx_word' id='word_1_454' title='bbox 651 4061 722 4122; x_wconf 81' lang='lat' dir='ltr'>bene</span> <span class='ocrx_word' id='word_1_455' title='bbox 742 4067 786 4136; x_wconf 89' lang='lat' dir='ltr'>(ut</span> <span class='ocrx_word' id='word_1_456' title='bbox 803 4070 921 4134; x_wconf 84' lang='lat' dir='ltr'>videtur)</span> <span class='ocrx_word' id='word_1_457' title='bbox 941 4071 1035 4133; x_wconf 85' lang='lat' dir='ltr'>editis,</span> <span class='ocrx_word' id='word_1_458' title='bbox 1056 4070 1153 4136; x_wconf 83' lang='lat' dir='ltr'>quibus</span> <span class='ocrx_word' id='word_1_459' title='bbox 1171 4072 1340 4136; x_wconf 86' lang='lat' dir='ltr'>intempore</span> <span class='ocrx_word' id='word_1_460' title='bbox 1358 4083 1423 4120; x_wconf 90' lang='lat' dir='ltr'>usus</span> <span class='ocrx_word' id='word_1_461' title='bbox 1435 4083 1511 4133; x_wconf 89' lang='lat' dir='ltr'>snrn,</span> <span class='ocrx_word' id='word_1_462' title='bbox 1533 4073 1621 4120; x_wconf 75' lang='lat' dir='ltr'>sucto-</span> 
     </span>
     <span class='ocr_line' id='line_1_41' title="bbox 335 4151 1622 4217; baseline -0.002 -11"><span class='ocrx_word' id='word_1_463' title='bbox 335 4155 447 4206; x_wconf 72' lang='lat' dir='ltr'>ritatem</span> <span class='ocrx_word' id='word_1_464' title='bbox 464 4154 647 4206; x_wconf 77' lang='lat' dir='ltr'>ZinlrcIsenns</span> <span class='ocrx_word' id='word_1_465' title='bbox 669 4155 805 4206; x_wconf 84' lang='lat' dir='ltr'>tribuerit</span> <span class='ocrx_word' id='word_1_466' title='bbox 841 4157 903 4207; x_wconf 89' lang='lat' dir='ltr'>Hoc</span> <span class='ocrx_word' id='word_1_467' title='bbox 921 4171 1002 4206; x_wconf 89' lang='lat' dir='ltr'>nuum</span> <span class='ocrx_word' id='word_1_468' title='bbox 1019 4155 1131 4206; x_wconf 71' lang='lat' dir='ltr'>tandem</span> <span class='ocrx_word' id='word_1_469' title='bbox 1149 4155 1234 4217; x_wconf 88' lang='lat' dir='ltr'>eddo,</span> <span class='ocrx_word' id='word_1_470' title='bbox 1254 4154 1461 4205; x_wconf 74' lang='lat' dir='ltr'>adnotationem</span> <span class='ocrx_word' id='word_1_471' title='bbox 1481 4170 1573 4206; x_wconf 72' lang='lat' dir='ltr'>mecm</span> <span class='ocrx_word' id='word_1_472' title='bbox 1591 4151 1622 4203; x_wconf 80' lang='lat' dir='ltr'>sd</span> 
     </span>
     <span class='ocr_line' id='line_1_42' title="bbox 335 4233 1621 4306; baseline -0.002 -16"><span class='ocrx_word' id='word_1_473' title='bbox 335 4237 569 4305; x_wconf 73' lang='lat' dir='ltr'>singulesportes</span> <span class='ocrx_word' id='word_1_474' title='bbox 587 4255 643 4300; x_wconf 88' lang='lat' dir='ltr'>non</span> <span class='ocrx_word' id='word_1_475' title='bbox 660 4254 694 4290; x_wconf 87' lang='lat' dir='ltr'>eo</span> <span class='ocrx_word' id='word_1_476' title='bbox 713 4253 792 4304; x_wconf 89' lang='lat' dir='ltr'>quem</span> <span class='ocrx_word' id='word_1_477' title='bbox 809 4233 838 4292; x_wconf 90' lang='lat' dir='ltr'>iu</span> <span class='ocrx_word' id='word_1_478' title='bbox 856 4241 971 4292; x_wconf 88' lang='lat' dir='ltr'>edendis</span> <span class='ocrx_word' id='word_1_479' title='bbox 988 4245 1100 4291; x_wconf 89' lang='lat' dir='ltr'>secutus</span> <span class='ocrx_word' id='word_1_480' title='bbox 1115 4253 1176 4292; x_wconf 90' lang='lat' dir='ltr'>sum</span> <span class='ocrx_word' id='word_1_481' title='bbox 1195 4239 1289 4291; x_wconf 89' lang='lat' dir='ltr'>ordine</span> <span class='ocrx_word' id='word_1_482' title='bbox 1308 4241 1439 4306; x_wconf 75' lang='lat' dir='ltr'>scriptum</span> <span class='ocrx_word' id='word_1_483' title='bbox 1458 4253 1539 4290; x_wconf 87' lang='lat' dir='ltr'>esse:</span> <span class='ocrx_word' id='word_1_484' title='bbox 1563 4237 1621 4290; x_wconf 83' lang='lat' dir='ltr'>snb-</span> 
     </span>
     <span class='ocr_line' id='line_1_43' title="bbox 336 4323 1622 4390; baseline -0.002 -16"><span class='ocrx_word' id='word_1_485' title='bbox 336 4324 404 4375; x_wconf 89' lang='lat' dir='ltr'>sidio</span> <span class='ocrx_word' id='word_1_486' title='bbox 421 4339 512 4390; x_wconf 71' lang='lat' dir='ltr'>operte</span> <span class='ocrx_word' id='word_1_487' title='bbox 530 4325 592 4390; x_wconf 83' lang='lat' dir='ltr'>ipen</span> <span class='ocrx_word' id='word_1_488' title='bbox 609 4323 754 4390; x_wconf 75' lang='lat' dir='ltr'>peulletirn</span> <span class='ocrx_word' id='word_1_489' title='bbox 772 4326 959 4390; x_wconf 75' lang='lat' dir='ltr'>conquirenda</span> <span class='ocrx_word' id='word_1_490' title='bbox 977 4326 1088 4375; x_wconf 85' lang='lat' dir='ltr'>luerunt</span> <span class='ocrx_word' id='word_1_491' title='bbox 1106 4325 1147 4375; x_wconf 85' lang='lat' dir='ltr'>ito</span> <span class='ocrx_word' id='word_1_492' title='bbox 1164 4329 1195 4376; x_wconf 91' lang='lat' dir='ltr'>nt</span> <span class='ocrx_word' id='word_1_493' title='bbox 1217 4340 1272 4374; x_wconf 92' lang='lat' dir='ltr'>non</span> <span class='ocrx_word' id='word_1_494' title='bbox 1295 4323 1383 4376; x_wconf 88' lang='lat' dir='ltr'>solum</span> <span class='ocrx_word' id='word_1_495' title='bbox 1404 4324 1480 4376; x_wconf 77' lang='lat' dir='ltr'>viem</span> <span class='ocrx_word' id='word_1_496' title='bbox 1506 4339 1563 4388; x_wconf 82' lang='lat' dir='ltr'>qus</span> <span class='ocrx_word' id='word_1_497' title='bbox 1585 4325 1622 4372; x_wconf 89' lang='lat' dir='ltr'>in·</span> 
     </span>
     <span class='ocr_line' id='line_1_44' title="bbox 337 4393 1622 4474; baseline -0.001 -16"><span class='ocrx_word' id='word_1_498' title='bbox 337 4407 463 4458; x_wconf 87' lang='lat' dir='ltr'>cederem</span> <span class='ocrx_word' id='word_1_499' title='bbox 479 4409 540 4474; x_wconf 76' lang='lat' dir='ltr'>ipse</span> <span class='ocrx_word' id='word_1_500' title='bbox 558 4408 626 4460; x_wconf 89' lang='lat' dir='ltr'>rnibi</span> <span class='ocrx_word' id='word_1_501' title='bbox 643 4413 765 4460; x_wconf 83' lang='lat' dir='ltr'>sternere</span> <span class='ocrx_word' id='word_1_502' title='bbox 783 4411 832 4461; x_wconf 86' lang='lat' dir='ltr'>sed</span> <span class='ocrx_word' id='word_1_503' title='bbox 851 4409 886 4462; x_wconf 84' lang='lat' dir='ltr'>nd</span> <span class='ocrx_word' id='word_1_504' title='bbox 904 4408 1078 4462; x_wconf 81' lang='lat' dir='ltr'>sternendum</span> <span class='ocrx_word' id='word_1_505' title='bbox 1096 4425 1151 4460; x_wconf 91' lang='lat' dir='ltr'>non</span> <span class='ocrx_word' id='word_1_506' title='bbox 1162 4393 1231 4470; x_wconf 67' lang='lat' dir='ltr'>roro</span> <span class='ocrx_word' id='word_1_507' title='bbox 1253 4397 1435 4460; x_wconf 72' lang='lat' dir='ltr'>instrumente</span> <span class='ocrx_word' id='word_1_508' title='bbox 1456 4395 1565 4460; x_wconf 76' lang='lat' dir='ltr'>utendo</span> <span class='ocrx_word' id='word_1_509' title='bbox 1586 4423 1622 4457; x_wconf 90' lang='lat' dir='ltr'>ro·</span> 
     </span>
     <span class='ocr_line' id='line_1_45' title="bbox 336 4491 572 4560; baseline 0 -16"><span class='ocrx_word' id='word_1_510' title='bbox 336 4507 404 4560; x_wconf 74' lang='lat' dir='ltr'>gere</span> <span class='ocrx_word' id='word_1_511' title='bbox 421 4491 572 4544; x_wconf 88' lang='lat' dir='ltr'>debuerim.</span> 
     </span>
    </p>
   </div>
   <div class='ocr_carea' id='block_1_11' title="bbox 0 0 1712 5524">
    <p class='ocr_par' dir='ltr' id='par_1_11' title="bbox 0 0 1712 5524">
     <span class='ocr_line' id='line_1_46' title="bbox 0 0 1712 5524; baseline 0 0"><span class='ocrx_word' id='word_1_512' title='bbox 0 0 1712 5524; x_wconf 95' lang='lat' dir='ltr'> </span> 
     </span>
    </p>
   </div>
  </div>
 </body>
</html>
