3464 5526
245 447 370 484 avarunt
389 448 418 484 tlt
437 447 532 485 ΒῩΟΙΙ
549 445 827 484 ΠῙΕΤΒΗΡΙΕΜΙΕΕΙ
846 445 947 483 ORATIO
967 445 1000 481 11.
1018 445 1171 482 tritavum.
1185 440 1244 484 itti.
1341 413 1385 490 31

102 600 258 664 hominem
277 603 358 664 omni
375 601 485 664 belua
477 605 698 674 immaniorem,
714 604 794 664 omni
808 603 870 664 iera
886 600 1142 673 truculentiorem,
1159 604 1212 682 qui
1226 621 1329 664 omnes
1345 609 1389 684 ty-

101 721 216 766 rannos
239 707 347 767 saevitia
363 695 526 784 superarit,
548 706 743 784 proditionem
766 723 800 766 ac
815 703 969 786 perfidiam
987 703 1055 764 huic
1074 705 1184 764 nationi
1201 706 1319 775 invenit,
1340 708 1389 786 qui

101 807 129 866 in
152 809 270 868 amicos
293 813 323 868 et
344 809 510 900 pwimos,
533 807 564 866 in
586 809 668 868 suain
690 809 846 886 coniugem
867 808 946 868 omni
970 807 1059 866 animi
1078 823 1112 866 ac
1130 785 1265 885 corporis
1281 806 1388 867 decore

101 909 223 986 egregie
245 909 374 971 dotatam
435 911 499 972 ulus
527 909 701 971 claritudine
728 927 809 971 suam
833 909 952 970 domum
980 907 1190 978 illustraverat,
1220 927 1255 969 ex
1277 927 1334 987 qua
1356 929 1387 970 sc

80 1007 206 1070 aliberis
227 1019 363 1082 auxerat,
392 1029 426 1072 oa
452 1013 584 1074 exercuit
612 1029 678 1092 quae
706 1013 735 1071 iu
764 1010 879 1072 hesum
900 1027 988 1071 nemo
1011 1015 1177 1096 conaretur.
1220 1027 1308 1086 quem
1332 1017 1417 1086 eget.
1424 1021 1456 1068 ⁴⁵.

100 1114 234 1190 primum
258 1131 293 1174 ex
313 1113 371 1174 hoe
393 1114 505 1176 ordine
518 1114 698 1183 Germanum
716 1120 804 1193 puto,
827 1113 877 1191 qui
900 1129 932 1173 se
958 1113 1086 1174 externis
1105 1109 1224 1196 probris
1245 1117 1274 1172 et
1289 1112 1388 1189 ignota

99 1215 186 1292 prius
178 1195 276 1276 huic
305 1217 415 1277 cadoni
442 1215 625 1296 turpitudine
653 1213 889 1275 commacularit:
917 1212 968 1275 sed
997 1213 1086 1282 nimis
1105 1229 1199 1291 prope
1225 1214 1350 1284 accessi,
1371 1232 1387 1274 a

99 1333 156 1394 qua
184 1335 235 1377 me
258 1291 537 1379 commemoratione
559 1317 656 1395 pudor
676 1324 810 1378 revocat:
839 1314 887 1376 ille
914 1333 985 1377 roro
1013 1316 1083 1394 quid
1109 1314 1196 1375 iaciet
1219 1317 1310 1376 iratus
1338 1324 1388 1376 aut

99 1435 132 1476 er
159 1435 252 1478 causa
276 1426 455 1491 commotus,
476 1437 543 1480 cum
563 1418 627 1480 lraec
649 1417 783 1497 quietus?
805 1424 856 1480 aut
880 1435 945 1497 quae
968 1418 1122 1479 aduersum
1144 1425 1285 1479 nocentes
1308 1435 1387 1478 ccm-

71 1539 90 1578 u
99 1521 199 1580 mittet
220 1523 272 1600 qui
294 1523 468 1583 innocentes
489 1523 532 1582 sic
553 1521 703 1582 tracuvitt
725 1522 772 1581 eui
792 1527 888 1581 autem
908 1517 1013 1581 sceleri
1035 1535 1094 1580 non
1117 1519 1251 1598 accinget
1269 1539 1334 1580 sese
1351 1539 1387 1581 ex

98 1624 190 1682 tantis
212 1623 364 1684 maleficiis
386 1623 588 1703 impunitatem
608 1628 821 1702 consequutus,
844 1621 889 1683 rel
912 1638 1040 1701 unquam
1063 1622 1197 1681 mitescet
1218 1619 1274 1682 hac
1295 1619 1387 1682 semel

97 1725 257 1785 atrocitate
278 1723 422 1796 imbutus,
445 1734 495 1786 aut
515 1733 618 1804 suapte
640 1731 742 1786 natura
765 1725 801 1786 ad
816 1725 968 1786 sanitatem
984 1723 1200 1800 instingueturi
1223 1725 1271 1784 cul
1289 1730 1387 1790 autem

98 1843 168 1904 spes
196 1833 244 1887 est
267 1825 376 1904 aliquid
405 1827 528 1907 posthac
550 1826 654 1889 melius
673 1836 724 1888 aut
746 1825 892 1887 iacturum
918 1833 969 1886 aut
991 1827 1188 1902 cogitaturum
1212 1827 1262 1904 qui
1285 1826 1314 1886 in
1337 1843 1386 1888 ex·

98 1933 197 1987 tremo
221 1926 323 1989 salutis
342 1926 402 1990 s'um
424 1928 593 1990 discrimine
615 1936 675 1990 tam
696 1934 834 2008 repertus
855 1935 899 2004 pst
917 1928 1015 1996 ierox,
1037 1935 1096 1988 tam
1119 1929 1255 1988 immanis
1270 1945 1304 1988 ac
1319 1945 1386 2006 per·

70 2029 200 2090 editus?
223 2017 254 2089 e‘t
275 2031 326 2109 qui
347 2029 435 2092 huius
457 2038 538 2092 metu
558 2029 658 2114 iudicii
681 2031 826 2092 contineri
848 2047 908 2090 non
930 2031 1039 2110 potuit,
1061 2048 1128 2090 eom
1150 2047 1273 2090 vacuum
1291 2037 1320 2090 et
1337 2049 1387 2091 ex-

98 2149 188 2192 cosso
213 2130 313 2209 legum
334 2149 368 2192 ac
387 2132 565 2194 iudiciorum
585 2133 655 2209 iugo
676 2132 712 2194 ad
735 2133 931 2194 mansuetiora
954 2131 1157 2192 traducturum
1179 2149 1244 2192 sese
1264 2131 1386 2194 conlidi-

97 2235 155 2294 tis?
180 2233 272 2294 Venia
293 2241 390 2296 autem
409 2234 515 2312 dignus
537 2236 653 2296 censeri
674 2251 733 2308 non
756 2233 845 2296 debet
868 2235 918 2313 qui
940 2251 1036 2314 neque
1058 2253 1094 2294 er
1116 2251 1199 2294 more
1218 2233 1304 2313 petit,
1331 2245 1452 2296 netto.

98 2353 158 2412 que
182 2337 207 2399 si
229 2343 325 2415 petat,
348 2353 477 2415 unquam
502 2335 611 2416 aliquid
633 2336 702 2396 iecit
728 2335 802 2398 boni
830 2336 909 2414 quod
937 2334 1065 2397 camilli
1093 2335 1215 2413 gratiam
1240 2334 1385 2405 conciliet,

99 2455 165 2515 quae
188 2436 235 2498 rel
258 2435 321 2498 lere
353 2436 471 2516 aliquod
496 2438 597 2499 odium
625 2420 804 2516 restinguat:
835 2445 937 2498 contra
965 2445 1063 2500 autem
1094 2439 1226 2498 omnium
1252 2436 1386 2515 prolecto

67 2541 150 2618 aequi
175 2539 208 2598 in
228 2539 383 2600 Germania
406 2541 449 2600 rei
471 2539 540 2600 iacti
563 2547 646 2610 sunt,
669 2540 761 2611 iurta,
785 2539 895 2611 caedes,
924 2537 1075 2600 latrocinia
1098 2537 1260 2618 etreliqua
1282 2538 1311 2600 id
1334 2557 1384 2617 ge-

98 2657 155 2702 nus
188 2639 298 2717 flagitia
325 2659 359 2702 ac
386 2641 512 2720 pessima
535 2659 660 2721 qouque
683 2641 813 2732 facinora
839 2643 931 2722 siquis
957 2641 1045 2703 simul
1068 2649 1173 2720 ponat,
1205 2641 1282 2702 inira
1303 2643 1386 2702 istius

99 2741 207 2804 delicta
231 2749 327 2804 erunt.
370 2743 430 2804 lam
452 2745 482 2804 in
503 2742 562 2805 lroc
581 2745 711 2806 omnium
728 2746 817 2806 animi
835 2725 1036 2814 consentiunt,
1059 2743 1190 2804 omnium
1206 2743 1384 2823 populorum
1396 2755 1455 2806 §.aa

98 2863 133 2904 ae
155 2845 312 2909 nationum
341 2845 449 2907 iudicia
478 2847 670 2916 conveniunt,
698 2845 811 2908 nullum
835 2859 906 2908 esse
928 2845 1113 2927 prolllgatius
1138 2846 1306 2925 proditione
1329 2845 1386 2906 cri-

99 2960 186 3018 men,
207 2964 336 3024 eumque
356 2947 494 3010 omnibus
514 2947 618 3010 haberi
639 2948 755 3010 hostem
778 2949 829 3028 qui
852 2950 914 3010 suis
933 2965 997 3010 esse
1014 2949 1158 3028 potuerit,
1180 2965 1236 3008 nec
1254 2946 1304 3010 ulli
1323 2965 1386 3009 ser·

68 3055 241 3113 cavatorum
263 3049 351 3110 iidem
374 3051 425 3128 qul
446 3051 573 3112 amicum
595 3049 777 3130 prodiderit,
800 3052 849 3130 qui
871 3052 956 3122 ei,*a
975 3069 1033 3131 quo
1048 3051 1097 3130 pie
1114 3056 1237 3120 amatus,
1259 3048 1386 3111 fideliter

99 3151 265 3213 comoditus
289 3158 348 3222 est,
370 3169 425 3232 per
448 3149 663 3214 simulationem
686 3151 775 3213 oiiicii
797 3152 938 3216 scelestas
959 3154 1063 3214 lecerit
1083 3153 1220 3221 insidias;
1243 3168 1339 3231 neque
1360 3153 1386 3211 is

99 3253 135 3314 ab
157 3251 223 3314 ullo
245 3269 306 3314 non
328 3252 477 3316 timebitur
498 3271 595 3333 quem
607 3253 633 3312 is
656 3255 705 3332 qui
726 3255 830 3315 timere
850 3271 909 3316 non
935 3253 1036 3316 deleuit
1057 3254 1144 3316 talem
1171 3262 1310 3334 expertus
1331 3261 1384 3315 est.

99 3355 176 3425 Quid
199 3355 237 3416 de
256 3354 378 3435 reliquis
397 3363 494 3417 autem
515 3356 611 3418 dicam
632 3357 676 3418 sic
702 3355 784 3417 rolris
810 3359 902 3429 notis,
932 3357 974 3418 sic
997 3375 1013 3416 a
1040 3375 1088 3418 me
1115 3355 1272 3436 expositis?
1293 3365 1415 3435 porrot.
1419 3367 1452 3414 te

98 3459 195 3534 priori
218 3458 333 3520 actIone
358 3444 427 3520 slis
454 3437 636 3520 intellectum
662 3455 792 3524 arbitror
820 3477 908 3539 qtrem
939 3475 994 3534 ego
998 3437 1171 3519 cardinem
1198 3457 1268 3518 huic
1290 3475 1386 3518 causae

68 3575 226 3637 reponam:
250 3576 358 3638 nempe
376 3561 406 3619 ln
429 3576 464 3621 eo
485 3577 572 3620 omne
592 3558 743 3622 vertebam
766 3563 937 3637 negocium,
958 3567 992 3621 ut
1014 3561 1063 3637 qui
1085 3562 1220 3622 iuvenem
1243 3560 1385 3620 innocen·

99 3661 265 3730 tissimum,
288 3677 374 3722 suum
396 3663 547 3730 comitem,
569 3661 711 3740 flagitiose
733 3662 926 3740 prodidisset,
950 3661 1067 3750 nelarie
1089 3661 1262 3738 occidisset,
1285 3662 1312 3723 ia
1333 3679 1385 3722 ne·

99 3764 233 3824 cessario
256 3761 411 3824 damnatus
432 3765 497 3824 iure
518 3765 683 3844 puniretur.
720 3761 771 3824 Cui
790 3781 884 3828 causae
899 3771 1007 3826 nostrae
1024 3763 1152 3842 equitati
1166 3765 1305 3843 quoniam
1322 3763 1385 3824 haec
1396 3773 1452 3824 nu.

100 3865 249 3943 tantisper
263 3863 375 3926 obstitit
389 3883 486 3933 mora,
506 3865 564 3926 hoc
579 3866 609 3925 in
627 3881 757 3944 praesens
773 3865 955 3936 conandum,
972 3867 1101 3945 primum
1116 3883 1155 3928 ne
1173 3879 1230 3945 qua
1246 3883 1298 3927 ros
1313 3865 1385 3926 ialsa

100 3963 267 4026 clementiae
287 3967 426 4045 opinione
447 3967 531 4028 indui
551 3967 662 4036 sinam;
685 3967 790 4029 deinde
805 3975 838 4028 ut
857 3985 944 4048 quam
966 3970 1138 4030 maturrime
1159 3968 1313 4056 damnetur
1331 3969 1386 4030 iste

69 4069 153 4145 aqui
176 4067 241 4127 sine
263 4069 413 4130 communi
435 4071 566 4130 omnium
590 4069 722 4147 periculo
749 4087 905 4149 superesse
934 4070 1044 4132 diutius
1073 4087 1131 4131 non
1158 4076 1264 4150 potest.
1307 4069 1384 4149 quod

101 4167 173 4228 dum
195 4166 314 4248 publico
334 4170 490 4254 commodo
505 4157 618 4232 ‘molior
639 4170 718 4250 quod
740 4179 849 4233 nesure
871 4172 1028 4234 calamitati
1049 4169 1188 4242 deletur,
1211 4179 1307 4234 restra
1330 4174 1385 4232 vir·

99 4275 165 4330 tute
187 4269 309 4348 dignum
331 4279 389 4339 est.
411 4272 517 4335 eidelte
537 4289 576 4336 ne
597 4273 706 4336 trustra
726 4275 808 4334 nisus
825 4291 891 4336 esse
911 4274 1020 4336 ridear.
1058 4272 1134 4343 Quid
1157 4275 1234 4336 enim
1254 4273 1312 4334 hoc
1332 4271 1454 4335 eli-tao.

101 4371 170 4449 quia
188 4373 328 4458 accipiat,
357 4373 528 4436 facillimum
554 4393 674 4456 semper
695 4373 733 4436 ad
757 4375 988 4438 misericordium
1011 4375 1122 4436 aditum
1148 4375 1239 4438 lutam
1262 4375 1385 4437 amicto-
1462 4371 1465 4382 '

100 4489 171 4534 rum
187 4475 357 4554 principum
366 4476 523 4539 -iortuuaei
544 4465 586 4539 cx'
598 4478 645 4542 sui
661 4476 738 4540 istud
761 4483 865 4540 natura
880 4477 1082 4540 estimandum
1097 4485 1156 4540 est:
1176 4495 1246 4540 suos
1260 4495 1387 4557 namque

172 4675 181 4710 ¹
198 4678 291 4730 beline
309 4683 337 4730 2.
387 4675 398 4710 ⁵
417 4684 522 4742 conen]
540 4679 633 4732 vellet.
647 4696 716 4732 cerr.
730 4685 759 4731 Π.
806 4678 902 4745 “poet
918 4681 985 4736 boni
1002 4697 1052 4732 non
1068 4681 1131 4732 nillil
1146 4682 1276 4732 addidisse
1292 4685 1323 4730 11.
1340 4681 1389 4730 red

102 4762 173 4864 qaod
188 4765 236 4829 lect
252 4779 302 4816 aaa
317 4770 406 4829 posset
424 4765 553 4816 aduolauit
571 4768 597 4818 2,
653 4763 676 4798 ²⁸
694 4766 748 4818 lec.
762 4766 857 4820 iunii.
887 4766 1002 4818 insidias
1020 4766 1121 4872 iec'epit
1133 4769 1156 4817 1.
1218 4763 1343 4829 ”nanqt
1361 4767 1385 4813 1.
