3410 5524
76 471 184 506 nt’rt'sttt
196 471 235 506 Ab
248 471 395 508 Putttctt’tts
406 471 490 506 uultu.
499 473 533 506 ΥΤ
545 471 653 506 ΜΠᾸΛἯ
664 471 763 506 rvucts
778 471 918 506 tttrtrtttbt·
928 470 1152 504 sxuournrotttlt.
1167 453 1252 520 (ibib.)
1275 441 1312 512 Η
1326 441 1341 510 ¹

75 627 217 686 Germanis
246 643 364 705 semper
392 623 499 704 aliquid
529 625 651 704 pulchre
667 625 797 694 ceneri,
827 642 944 702 semper
973 623 1008 684 ad
1040 621 1165 701 aliquam
1195 625 1346 704 respicere

73 725 193 798 laudem,
223 726 343 808 aliquod
373 725 446 790 velle
479 727 569 788 decus
595 745 716 808 perere,
746 727 776 787 in
805 731 932 786 mentem
955 733 1107 794 reversim
1142 733 1204 786 tum
1231 727 1346 804 imperii

72 827 149 888 buius
170 848 259 908 quom
282 848 347 891 esse
369 828 452 890 robis
474 847 576 890 curam
599 832 769 890 conveniat:
797 834 894 908 potest
920 829 996 888 enim
1025 829 1063 910 ita
1092 813 1218 914 restrum
1242 827 1346 906 aliquis

73 930 158 990 odisse
178 929 305 1007 gloriam
327 936 359 992 ut
386 938 527 1008 augeatur
555 948 593 993 an
622 931 773 994 minuatur·
798 930 953 1007 imperinm
983 931 1062 990 iuxta
1089 930 1230 991 aesdmet‘l
1259 929 1415 994 l‘laoelso.

57 1033 202 1094 sliermani
227 1033 312 1102 estis,
335 1039 422 1111 atque
443 1040 477 1094 ut
497 1031 584 1094 buius
606 1033 747 1112 temporis
769 1049 828 1092 nou
857 1032 894 1092 sit
922 1031 977 1090 vim
1006 1051 1040 1090 ac
1062 1031 1197 1092 iniuriam
1221 1031 1345 1093 bostium

72 1133 182 1196 ambis
204 1152 325 1203 arcere,
349 1142 493 1214 perpetuo
515 1143 613 1221 tamen
635 1133 736 1213 glorias
757 1133 886 1196 studium
909 1129 1006 1192 colere
1028 1131 1150 1193 debetis.
1188 1135 1224 1194 At
1245 1151 1347 1196 neces·
1420 1161 1426 1186 ι

72 1237 132 1296 sitas
153 1237 241 1298 etiem
264 1235 402 1314 gerendae
423 1237 467 1296 rei
489 1235 644 1306 incumbit,
668 1244 781 1298 summa
804 1235 919 1312 imperii
933 1235 1042 1310 agitor,
1066 1243 1250 1312 consternata
1267 1244 1346 1298 metu

73 1335 141 1398 ltalia
164 1345 224 1406 est,
250 1337 504 1416 perrllungariam
526 1357 616 1418 pavor
638 1339 756 1416 ingens,
781 1336 865 1414 nobis
887 1337 1018 1402 vestitas,
1044 1335 1129 1397 uobis
1152 1339 1269 1398 exitium
1292 1340 1345 1400 ini·

72 1441 167 1500 minet:
191 1439 278 1500 sultis
298 1439 345 1500 bis
367 1440 396 1499 in
419 1440 534 1502 casibus
556 1442 712 1519 quiequam
735 1457 825 1522 agere
847 1439 1055 1518 potiusquam
1085 1438 1240 1500 celerrime
1263 1459 1346 1501 exer·

48 1541 139 1600 trebes
161 1540 370 1612 conscribere,
400 1559 497 1613 arma,
530 1521 609 1602 viros
637 1550 666 1602 et
692 1561 800 1621 equos,
834 1541 960 1619 denique
988 1558 1114 1618 quorum
1142 1550 1286 1620 osusest
1311 1542 1346 1603 ad

73 1640 172 1702 bellum
195 1661 346 1722 quaerere,
376 1650 406 1704 et
432 1645 516 1722 prius
538 1643 634 1708 omnin
657 1651 759 1722 parata
781 1643 893 1704 babere
915 1659 1002 1720 quam
1026 1641 1075 1702 ille
1098 1660 1147 1702 ros
1177 1646 1347 1722 repentinus

72 1742 150 1804 turbo
172 1745 310 1824 impetat,
332 1744 380 1806 illa
403 1747 433 1806 iu
457 1765 507 1808 ros
530 1748 611 1806 umbi
633 1747 808 1824 cogitatione
832 1744 960 1808 velocior
980 1743 1110 1823 procella
1132 1749 1216 1806 rusti
1243 1748 1285 1806 dn
1307 1747 1414 1810 vitre

72 1845 129 1906 dete
157 1864 195 1908 oe
224 1865 300 1925 quos
327 1847 392 1908 aliis
418 1847 556 1910 auxilium
584 1847 663 1910 ierre
690 1835 796 1927 piguit,
832 1847 864 1907 hi
893 1825 980 1906 nimis
1008 1847 1090 1906 tercie
1119 1847 1234 1925 imperii
1262 1847 1349 1910 buius

72 1945 205 2026 reliquias
228 1949 424 2036 conservandi
452 1967 487 2010 ac
516 1950 633 2011 tuende
661 1951 827 2013 Germania
855 1946 1008 2009 consilium
1037 1950 1156 2009 ineatis:
1187 1967 1254 2009 nnrn
1283 1967 1349 2029 quae

48 2057 133 2110 tenet
153 2065 279 2128 usquam
302 2052 491 2122 munitiones,
514 2069 572 2130 per
592 2069 665 2130 quas
687 2051 735 2112 ille
757 2053 800 2114 sic
822 2059 957 2130 paratus,
981 2051 1022 2108 sic
1045 2049 1193 2110 ancirrctus
1215 2051 1310 2112 bostis
1324 2053 1348 2112 si

73 2151 150 2213 bodie
171 2151 322 2222 relitoon
345 2155 502 2230 irrumpet,
536 2160 587 2213 aut
614 2171 680 2230 quae
708 2160 807 2231 parete
835 2153 988 2232 prestito,
1023 2151 1128 2229 quibus
1157 2153 1181 2212 si
1207 2154 1349 2236 irruperit

73 2253 245 2332 expellatur?
273 2253 309 2314 Et
331 2255 475 2318 lacessant
496 2255 543 2322 bie
566 2255 637 2316 mibi
660 2254 778 2335 quidam
801 2272 836 2314 ex
864 2255 970 2314 intimis
998 2254 1101 2314 restris
1129 2253 1416 2324 corrsulloribusrmo.

73 2356 202 2433 quasdam
226 2354 334 2436 sylves,
359 2358 758 2436 quosdam-commemorare
780 2361 908 2425 montes,
938 2355 1079 2433 quasdam
1102 2354 1239 2432 qraltrdes:
1268 2358 1349 2434 igne·

74 2475 165 2518 rerum
188 2465 259 2519 sunt
279 2459 351 2528 ista,
372 2461 594 2530 noniortium,
623 2459 721 2538 lugam
750 2458 970 2524 meditantium,
1002 2475 1062 2516 non
1085 2475 1229 2535 pugnem,
1259 2456 1348 2518 latro·

47 2559 151 2628 noum,
176 2577 236 2620 non
259 2558 450 2622 bellatorum:
474 2561 580 2640 quibus
602 2579 673 2642 ego,
698 2561 933 2640 quandoquidem
957 2561 1076 2620 emortuo
1091 2565 1159 2620 sunt
1174 2558 1281 2636 quibus
1295 2562 1349 2622 ista

73 2661 171 2722 insedit
193 2663 361 2740 turpitudo,
384 2661 535 2724 meliorem
559 2683 575 2724 a
597 2664 652 2726 diis
674 2661 890 2724 immortalibus
912 2669 1131 2730 mentem,·aut
1145 2662 1170 2724 si
1192 2661 1278 2723 buius
1301 2681 1349 2724 ca·

73 2781 153 2840 praees
173 2781 234 2824 non
257 2772 341 2832 sont,
364 2763 489 2844 aliquam
512 2755 769 2860 precor-subitam
785 2772 928 2834 mortens,
952 2783 989 2826 ne
1005 2727 1132 2842 supersit
1148 2765 1231 2824 cuius
1245 2765 1349 2842 ignore

74 2865 188 2926 mosilio
210 2883 259 2926 res
281 2864 367 2927 nobis
387 2865 586 2958 pulcherrime
610 2870 831 2937 intervertatur,
860 2887 894 2927 ac
916 2869 968 2927 ista
998 2867 1066 2928 lmic
1092 2867 1205 2927 nationi
1232 2883 1349 2927 mscere-
1406 2875 1420 2892 ·’

74 2975 128 3028 scat
148 2968 267 3028 iolamia
290 2975 323 3028 ut
343 2967 422 3029 aliud
444 2968 581 3032 maluisse
609 2970 741 3031 dicamur
770 2989 857 3049 qnam
886 2969 1011 3036 bellum,
1035 2976 1064 3029 et
1085 2977 1206 3046 repente
1228 2968 1349 3038 trellum,

47 3083 104 3126 uae
124 3077 224 3148 aperte
246 3067 363 3130 bellum.
391 3071 535 3134 'Proinde
557 3072 692 3134 desinant
714 3071 848 3149 quidam,
871 3073 895 3132 si
912 3073 953 3131 sic
970 3071 1068 3140 cadat,
1093 3070 1191 3149 lugam
1206 3071 1262 3132 sibi
1277 3085 1417 3150 pro-ter.

74 3171 196 3248 spicere;
219 3169 353 3234 desinant
375 3173 429 3234 ista
452 3175 583 3253 cogitare
604 3172 740 3234 latilmla:
769 3174 871 3234 eadem
901 3172 975 3233 enula
1002 3181 1031 3233 et
1053 3176 1103 3251 qui
1126 3172 1300 3251 pugrrebuot
1322 3181 1350 3232 et

75 3273 117 3350 qui
137 3273 250 3350 lugiens
271 3275 420 3353 preposite
443 3274 498 3335 sibi
520 3276 725 3353 meminerint,
754 3291 812 3334 non
842 3275 943 3338 eadem
973 3274 1065 3339 bona:
1094 3293 1261 3352 quenquam
1290 3293 1348 3334 rron

75 3375 168 3436 eadem
191 3377 278 3440 uiam
300 3375 391 3440 male:
414 3395 481 3440 nam
503 3383 538 3438 ut
557 3376 623 3438 illos
645 3396 696 3438 sua
720 3395 838 3454 semper
860 3376 952 3454 gloria
982 3378 1120 3454 excipiet,
1151 3378 1237 3436 utiam
1260 3375 1348 3464 selus,

74 3476 94 3536 si
114 3494 166 3537 nos
188 3478 351 3556 respexerit
374 3476 460 3548 deus,
484 3480 522 3540 ita
543 3479 599 3540 bos
621 3481 797 3556 ignominia,
821 3479 950 3539 dedecus
966 3487 994 3538 et
1008 3477 1126 3536 infamia
1143 3486 1347 3556 prosequetur,

49 3578 146 3638 urires
167 3595 202 3640 ac
224 3586 371 3650 mortuos,
400 3583 616 3660 etquicunque
647 3589 767 3642 eventus
795 3581 898 3647 luerit,
928 3580 1048 3640 eluriore
1076 3579 1188 3646 omnia,
1219 3579 1348 3656 turpiora

75 3696 104 3738 ae
123 3680 197 3741 lenda
221 3681 321 3759 magis.
367 3690 446 3744 certe
469 3700 605 3762 magnam
628 3685 755 3744 miseriae
775 3673 890 3762 partem
914 3681 1027 3742 euieret
1048 3680 1096 3742 illo
1119 3682 1231 3740 virtutis
1246 3694 1417 3745 recor-§.ce
1468 3662 1471 3677 ¹

76 3779 158 3850 datio,
180 3799 278 3860 neque
301 3783 396 3846 deerit
417 3785 487 3845 lorti
509 3787 663 3864 nmquam,
691 3785 715 3844 si
738 3786 891 3854 ceciderit,
921 3802 979 3864 quo
1007 3803 1039 3844 se
1068 3782 1251 3844 consoletur:
1283 3797 1349 3842 nam

76 3889 101 3942 et
119 3885 259 3946 restitisse
281 3891 311 3944 et
332 3902 478 3964 pugnasse
501 3893 529 3948 et
551 3906 607 3966 pro
629 3889 722 3966 patrie
745 3905 907 3967 pugnasse,
937 3893 965 3947 et
992 3903 1051 3945 noo
1082 3885 1273 3948 succubuisse
1295 3903 1350 3946 nec

77 3983 155 4045 ollam
171 3984 278 4048 'tulisse
301 3986 517 4066 indignitatem,
548 3990 635 4051 etiem
658 3989 769 4068 aliquid
792 3989 868 4052 iorte
891 3989 1022 4068 dignum·
1041 3989 1200 4058 rnern'mie,
1230 3989 1349 4065 dignum

50 4082 152 4148 eunde
173 4089 369 4156 commisisse,
402 4108 437 4151 sc
463 4099 604 4170 quantum
633 4093 662 4151 io
692 4093 836 4152 soluerit
857 4073 1011 4170 superesse
1033 4089 1186 4169 gaudebit,
1219 4097 1251 4150 ut
1272 4088 1349 4168 quod

76 4196 183 4250 accuset
204 4197 312 4266 preter
334 4191 480 4252 tortunam
503 4192 574 4252 nibil
596 4193 717 4255 lrabeat:
747 4210 864 4272 semper
887 4196 966 4255 enim
988 4202 1129 4254 strennue
1151 4193 1293 4272 pergnauti
1315 4199 1417 4254 ull-os.

76 4287 195 4350 incertus
217 4293 390 4370 proponitur
413 4293 585 4364 excessua
607 4295 746 4374 quicquid
769 4295 923 4366 acciderit,
948 4304 1026 4360 certa
1046 4297 1160 4358 uirtutis
1175 4294 1348 4356 existimatio

77 4407 106 4448 n:
125 4392 245 4470 proprie
266 4394 399 4472 quedam
421 4405 451 4457 et
472 4395 627 4475 peculiaris
649 4397 758 4474 gloria,
781 4416 849 4460 num
871 4400 982 4460 interea
1003 4399 1136 4460 desertor
1151 4396 1216 4466 ille,
1238 4396 1349 4458 nullius

79 4490 126 4552 sibi
147 4487 218 4553 boui
240 4497 370 4567 consilii,
395 4496 501 4559 nullius
524 4497 596 4559 clari
619 4500 757 4560 iocinoris
780 4496 915 4562 conscius
943 4499 1038 4560 simile
1060 4500 1198 4578 quiddam
1221 4500 1349 4582 patietur

139 4695 156 4758 Ι)
171 4705 200 4746 et
212 4703 341 4776 illecti.
377 4699 397 4732 ¹³
409 4701 448 4751 bii
456 4705 479 4751 1.
514 4699 599 4768 §.otti
614 4701 733 4767 Tepidoe
747 4717 780 4752 oe
793 4703 914 4768 trepidos
927 4703 1026 4754 inultos
1038 4703 1124 4752 inim
1137 4703 1220 4752 etium
1227 4699 1349 4752 Bertbol.

81 4777 157 4830 deser.
170 4783 295 4838 ostendit.
334 4783 353 4814 ¹*
371 4785 493 4836 silvest.
529 4785 708 4852 ”Fugerunt
755 4787 774 4818 ²¹
790 4787 842 4836 diis
855 4790 928 4838 imm.
940 4773 999 4838 ’1.2.
1035 4785 1143 4838 Christo
1156 4787 1347 4851 Optumum
