3464 5526
342 386 397 457 ¹4⁸
482 415 605 452 ΙΠῚἮΠ
623 417 653 452 nt
672 415 817 453 rutatum
836 412 1115 455 wtn'rttttt’nblttnrt
1133 417 1237 454 curto
1255 417 1275 454 t.
1294 417 1361 454 ΕΠ.
1375 417 1401 455 t.
1415 411 1473 456 lblb.

337 571 390 634 tibi
411 573 495 647 usui,
517 570 603 672 nobip
625 573 711 632 ctiam
726 570 806 634 laudi
821 565 903 642 erati
922 587 978 634 neo
993 573 1021 634 in
1036 572 1133 654 aliqua
1146 582 1214 642 tua,
1237 581 1271 636 ut
1285 573 1400 646 debuit,
1423 591 1534 655 pugna,
1556 549 1619 642 deo,

337 674 415 753 quod
438 690 555 752 semper
576 672 733 744 laboravit,
757 674 910 736 adversum
933 683 999 736 tuos
1020 675 1136 746 hostes,
1159 691 1261 737 rerum
1283 682 1313 737 et
1334 677 1364 738 in
1386 675 1444 738 otio
1466 683 1496 736 ct
1510 693 1620 754 percu·

336 777 426 836 tieute
448 775 556 844 amico,
580 793 615 836 eo
638 793 726 855 quem
748 775 962 838 immortalibus
984 779 1044 838 suis
1066 777 1215 839 beneficiis
1236 778 1437 848 demeruerat,
1461 779 1546 839 cultas
1568 774 1620 838 ob·

336 878 438 956 saquio
461 883 585 938 mortem
607 876 664 938 sibi
686 879 853 946 accersivit:
876 880 987 940 nonin
1010 878 1296 958 armis,‘quod·illo
1318 879 1437 961 dignum
1460 885 1539 947 erat,
1568 879 1619 940 sed

337 987 367 1039 et
388 977 484 1040 nudus
506 985 536 1039 et
556 977 741 1049 indefensum
760 964 835 1057 bui,
863 981 888 1042 si
910 982 1041 1052 vixisset,
1071 981 1144 1042 nibil
1170 989 1237 1061 post
1266 982 1322 1044 bac
1340 983 1467 1062 'segnius
1488 983 1640 1042 lacturust

268 1071 402 1142 tto-erat
421 1098 509 1160 quam
530 1081 561 1140 in
582 1079 629 1141 illa
652 1080 792 1144 adversm
813 1081 965 1144 Gallorum
987 1101 1088 1162 regem
1111 1084 1294 1163 expeditione
1316 1085 1393 1146 lecit.
1437 1081 1535 1154 Quare
1558 1083 1620 1144 eius

334 1184 484 1246 interitum
506 1199 565 1243 uon
587 1181 678 1243 debes
699 1181 782 1244 aliter
804 1183 883 1246 lerre
905 1203 993 1264 quam
1014 1202 1073 1247 non
1094 1186 1338 1248 contemnendam
1353 1187 1454 1265 patriae
1469 1187 1619 1246 iacturam.

335 1285 392 1354 Te,
415 1287 440 1346 si
463 1302 517 1346 uos
539 1290 687 1346 taceamus
709 1283 804 1364 qualis
818 1294 925 1349 noster
947 1287 1051 1374 luerit,
1073 1305 1131 1350 una
1155 1289 1249 1350 omnis
1271 1288 1412 1358 Francia,
1436 1289 1531 1348 omnis
1546 1287 1620 1347 Suc·

336 1389 380 1447 ria
403 1405 473 1448 voce
495 1384 620 1447 docebit.
665 1387 759 1466 Atque
781 1389 891 1449 utinam
912 1395 972 1450 tam
995 1389 1172 1469 consyderes
1193 1391 1349 1452 immanem
1373 1390 1459 1452 huius
1481 1389 1618 1450 ferocita-

337 1483 411 1558 tem,
434 1505 523 1566 quam
543 1486 622 1550 illius
643 1488 820 1568 probitatem
835 1509 870 1552 ae
884 1492 1081 1554 innocentiam
1096 1493 1185 1554 nosti!
1209 1491 1329 1554 dederat
1343 1493 1401 1553 iam
1416 1508 1476 1552 non
1492 1489 1619 1550 obscura
1631 1501 1652 1540 ¹⁰

336 1590 382 1652 sui
403 1590 503 1667 signa:
526 1600 713 1671 perspectum
736 1598 804 1652 erat
821 1600 964 1672 quantum
977 1594 1080 1665 studii,
1103 1611 1201 1674 operae
1216 1613 1251 1656 ae
1264 1593 1434 1656 facultatum
1450 1593 1479 1654 in
1494 1592 1620 1672 patriam

339 1709 374 1751 ac
394 1697 424 1752 te
445 1691 546 1771 patrie
568 1699 681 1770 patrem
704 1694 841 1756 conterre
863 1701 962 1773 posset
983 1705 1011 1757 et
1032 1696 1134 1766 vellem
1156 1697 1300 1757 ratissima
1316 1695 1411 1755 omnis
1425 1679 1538 1756 virtutis
1553 1693 1620 1757 lun·

270 1792 475 1855 tutamenta
497 1793 620 1864 laceram
647 1794 767 1876 planum
790 1795 846 1858 sibi
869 1797 905 1858 ad
927 1791 1025 1858 verna
1048 1797 1170 1878 gloriam
1193 1799 1248 1860 iter
1270 1803 1435 1876 aperuerat
1473 1796 1622 1856 Adversus

338 1893 423 1975 quale
446 1896 594 1974 ingenium
617 1898 707 1977 siquis
727 1896 899 1976 loqueretur
921 1898 1039 1969 durius,
1061 1902 1160 1980 puniri
1181 1899 1234 1962 abs
1256 1907 1285 1961 te
1307 1916 1408 1961 serere
1430 1904 1461 1960 et
1480 1895 1621 1958 atrociter

336 1995 474 2058 deberet:
496 2015 576 2060 nunc
598 2017 666 2060 cum
687 2006 824 2079 repertus
845 2002 883 2062 sit
904 2003 954 2080 qui
975 2001 1120 2082 supplicio
1142 2002 1249 2062 alliciat
1270 1999 1325 2062 bac
1347 1999 1445 2062 indole
1470 2001 1653 2068 mvenemu

336 2099 550 2172 indemnatum,
572 2101 680 2162 indicta
703 2119 789 2164 causa
811 2121 847 2163 ac
868 2105 1071 2168 innocentem.
1103 2101 1160 2163 ulla
1183 2105 1351 2166 exoratione
1372 2103 1445 2163 verti
1466 2121 1482 2162 a
1503 2109 1533 2162 te
1555 2103 1622 2179 ipso

336 2202 432 2264 sines?
455 2201 514 2264 noli
536 2205 613 2265 euim
635 2221 756 2288 snerare
778 2203 934 2283 aliquando
955 2205 1178 2267 emendaturum
1203 2205 1291 2266 vitam
1316 2204 1396 2265 bunc
1418 2205 1467 2284 qui
1488 2221 1525 2265 nc
1548 2221 1622 2282 pro-

337 2305 423 2366 mittit
444 2305 579 2384 quidem,
601 2312 653 2367 aut
674 2306 698 2368 si
720 2308 885 2386 promittat,
909 2307 945 2368 de
967 2325 1026 2387 quo
1048 2325 1108 2368 nou
1123 2306 1250 2368 obscure
1265 2305 1434 2384 intelligitur
1449 2323 1537 2385 quem
1552 2303 1624 2365 velit
1705 2309 1709 2324 ⁴

336 2409 435 2470 virere
456 2407 620 2478 hominem,
643 2427 709 2470 oum
732 2427 748 2470 a
771 2408 904 2498 familiari
927 2417 956 2470 et
970 2410 1064 2472 amico
1080 2410 1167 2470 caedis
1182 2428 1216 2471 ac
1230 2409 1375 2470 latrocinii
1395 2409 1562 2487 auspicatus
1587 2407 1623 2466 sit

338 2491 465 2579 initium
487 2511 577 2570 immo
600 2509 681 2572 credi
702 2511 799 2572 minus
820 2510 892 2572 nihil
912 2517 1010 2592 potest
1030 2529 1117 2590 quam
1141 2513 1190 2591 qui
1212 2511 1269 2572 boc
1290 2511 1373 2581 tecit,
1402 2527 1469 2570 eum
1496 2508 1533 2570 ab
1556 2508 1654 2570 ulloco
1718 2555 1721 2563 .

270 2610 495 2690 totaliqu-ando
517 2613 629 2674 scelere
649 2619 882 2692 temperaturum
904 2613 968 2674 sibi.
1010 2613 1054 2674 'l'e
1075 2615 1162 2693 igitur
1185 2619 1302 2674 cautum
1325 2625 1389 2674 esse
1411 2613 1623 2690 oportet‚.tui·

337 2735 396 2796 que
417 2733 595 2777 memorem:
618 2715 715 2776 omnia
738 2716 816 2776 euim
837 2713 913 2776 mala
937 2733 1002 2794 quae
1023 2715 1111 2776 buius
1133 2715 1247 2796 imperii
1270 2713 1480 2795 qualiscunque
1502 2719 1547 2775 est
1561 2721 1623 2776 sta·

336 2820 379 2882 tui
400 2818 517 2878 ruinani
538 2817 643 2878 minari
665 2824 801 2896 possunt,
826 2817 913 2878 unius
934 2817 1061 2878 bominis
1083 2819 1191 2896 eapite,
1214 2825 1265 2879 tun
1288 2816 1430 2880 arbitratu
1453 2823 1482 2877 et
1496 2821 1578 2876 stant
1595 2823 1624 2876 et

337 2923 500 2990 intereunt;
523 2925 610 2999 atque
632 2919 696 2981 haec
717 2919 779 2980 sola
801 2917 887 2980 nobis
908 2935 990 2999 spes,
1013 2918 1093 2980 solus
1114 2919 1163 2980 bic
1184 2920 1272 2981 timor
1294 2925 1353 2990 est,
1376 2926 1430 3011 aut·
1440 2919 1539 2980 occiso
1553 2920 1622 2994 isto,

337 3029 512 3103 autperto
534 3029 663 3093 servato,
686 3022 803 3101 dequo
825 3021 880 3082 uisi
901 3023 1025 3101 pessima
1046 3023 1146 3082 omnia
1167 3023 1340 3103 suspicaris,
1370 3021 1411 3081 tui
1433 3021 1520 3082 nimis
1543 3018 1620 3080 obli·
1629 3033 1654 3074 aa

336 3127 472 3187 visceris:
495 3143 563 3186 uam
586 3125 636 3203 qui
657 3140 674 3182 a
695 3129 755 3184 tam
776 3125 886 3184 insonti
908 3126 1012 3186 iuvene
1034 3125 1128 3186 cmdes
1150 3143 1184 3188 ac
1206 3125 1361 3204 parricidia
1377 3123 1507 3193 orditur,
1531 3123 1571 3184 de
1587 3140 1623 3182 eo

337 3228 451 3307 sperari
473 3225 577 3288 melius
599 3243 658 3288 non
680 3233 776 3304 potest
797 3243 884 3306 pram
906 3231 1093 3316 perspectdm
1120 3234 1179 3297 sst;
1208 3245 1309 3307 neque.
1324 3225 1382 3286 ulla
1404 3240 1536 3304 unquam
1559 3241 1623 3285 ma·

268 3330 393 3390 §.ctiori
414 3328 546 3408 periculo
568 3343 708 3406 concessa
730 3329 887 3406 impamitas
908 3329 971 3398 luit.
1016 3329 1119 3408 blagua
1142 3330 1274 3408 prolecto
1294 3345 1344 3390 res
1366 3335 1424 3396 est,
1455 3325 1569 3394 Cesar,
1595 3334 1624 3388 et

256 3447 264 3464 ·
336 3449 401 3512 qum
423 3429 555 3510 neglecta
577 3431 681 3492 abste
703 3447 761 3490 uon
784 3437 880 3510 potest
907 3447 966 3492 uon
999 3433 1239 3493 existimationem
1267 3433 1401 3492 minuere
1430 3435 1524 3488 tuam:
1556 3427 1623 3508 quis

316 3553 408 3614 ,ergo
429 3541 528 3595 tantus
548 3535 577 3594 in
601 3534 657 3594 boc
679 3533 801 3611 imperio
823 3534 904 3602 vivit,
928 3534 1015 3594 etiam
1036 3535 1085 3612 qui
1106 3532 1180 3594 nibil
1200 3531 1258 3592 tale
1279 3531 1443 3599 admiserit,
1474 3543 1565 3607 quem
1588 3538 1656 3590 tuso

334 3639 446 3699 lactura
470 3637 688 3697 existimationis
709 3643 767 3696 tua
788 3634 860 3696 velis
881 3634 918 3695 ab
940 3635 1101 3696 imminenti
1122 3635 1218 3715 aliqua
1242 3633 1324 3695 clade
1346 3639 1395 3695 aut
1409 3633 1541 3713 p'ernlcie
1557 3649 1623 3692 ser·

336 3739 450 3800 vatum?
472 3737 556 3810 Quod
580 3755 647 3798 cum
667 3737 800 3804 omuino,
824 3739 849 3799 si
871 3738 913 3798 sic
935 3737 1034 3808 cadat,
1057 3738 1202 3798 iacturum
1224 3743 1253 3798 te
1280 3731 1385 3814 neges,
1414 3734 1483 3814 quid
1507 3735 1536 3794 in
1562 3733 1620 3794 boc

335 3841 425 3902 iacies
445 3841 534 3901 tantis
555 3838 674 3918 probris
695 3841 909 3908 contaminato,
943 3842 1029 3900 tantis
1056 3857 1071 3900 a
1099 3845 1203 3899 natura
1225 3835 1465 3918 perversltatibus
1486 3833 1622 3896 imbuto?

336 3943 419 4003 cuius
440 3949 555 4003 tantum
577 3949 621 4003 est
642 3940 754 4012 scelus,
775 3951 893 4022 tamque
915 3941 1128 4020 perniciosum,
1157 3957 1173 4002 a
1194 3957 1253 4020 quo
1276 3947 1334 4002 tam
1357 3937 1496 4018 pestilens
1518 3955 1622 3999 exem·

336 4041 419 4122 plum
440 4046 556 4106 manat?
578 4063 636 4124 quo
658 4042 781 4105 babebis
802 4042 886 4104 locol
908 4050 957 4103 aut
972 4041 1037 4102 uon
1058 4043 1088 4102 in
1111 4059 1226 4104 summo
1248 4043 1334 4104 buius
1355 4038 1529 4102 maleficium
1545 4055 1657 4100 con-as

267 4155 326 4206 tor.
336 4146 439 4207 sistere
460 4146 620 4224 putandum
642 4147 705 4208 est?
726 4145 838 4226 Nempe
861 4152 892 4206 ut
914 4144 1051 4206 atrociori
1073 4143 1180 4204 delicto
1201 4127 1260 4204 non
1282 4145 1318 4206 sit
1332 4143 1428 4211 tome,
1452 4157 1556 4202 omnes
1570 4134 1622 4201 bic

336 4249 514 4326 antiquitatis
535 4256 620 4310 noms
642 4227 780 4317 excessit;
799 4265 899 4328 ‚neque
921 4255 1003 4309 retus
1025 4245 1141 4326 aliquod
1164 4246 1304 4326 llagitium
1327 4243 1434 4307 imitari
1448 4261 1480 4305 se
1495 4241 1622 4321 dignum

401 4486 490 4554 ¹nec]
511 4491 526 4540 i.
540 4503 562 4538 e.
576 4503 628 4541 nec
647 4486 790 4539 intercidit
845 4484 979 4537 'consid
993 4463 1131 4552 tabique.
1183 4481 1203 4519 ¹¹
1221 4483 1373 4535 Ratissima
1395 4483 1455 4534 edd.
1473 4483 1554 4533 malim
1574 4473 1622 4530 η’·

333 4575 452 4626 aterius.
528 4571 549 4606 ¹³
573 4573 721 4624 Adversum
742 4578 764 4625 1.
839 4569 860 4604 ¹⁶
877 4572 955 4621 Nunc
975 4583 1034 4620 cum
1053 4571 1161 4636 repsit
1179 4575 1202 4620 1.
1239 4569 1270 4620 N.
1291 4575 1416 4635 repertus
1439 4573 1482 4618 est
1502 4583 1573 4618 corr.
1587 4571 1619 4615 tl.

334 4659 419 4727 allio]
439 4659 534 4710 affecit
585 4657 605 4692 ¹⁶
622 4658 680 4710 ulla
698 4674 722 4707 o.
742 4657 814 4707 uerti
869 4657 961 4706 sines?
981 4658 1003 4704 1.
1034 4660 1113 4720 potes
1130 4654 1189 4704 ullo
1207 4669 1231 4704 a.
1251 4655 1323 4704 vetti
1343 4671 1359 4704 a
1377 4658 1406 4705 te
1420 4654 1497 4719 ipso?
1509 4669 1579 4704 corr.
1588 4657 1619 4701 a.

333 4743 354 4780 ¹⁸
372 4761 452 4811 quem
470 4761 496 4796 v.
510 4745 608 4796 rivere
621 4744 703 4803 hom]
724 4743 760 4792 cf.
776 4739 977 4790 ‘Bacchanalia
988 4741 1093 4790 vivuut'
1107 4739 1218 4790 luceant
1233 4745 1285 4789 sat.
1300 4739 1335 4788 11.
1348 4737 1374 4790 3.
1408 4736 1429 4770 ⁸⁴
1447 4739 1577 4803 utaequa
1594 4744 1619 4788 t.
