3382 5516
183 411 425 450 salamanassar
439 414 542 449 onemo
555 413 689 450 sacrorn
703 415 815 450 raanan.
830 416 855 449 n.
870 409 903 448 ao.
918 415 982 450 avo.
995 415 1021 450 a.
1039 407 1094 450 tots.
1109 415 1223 452 saorra,
1271 384 1345 457 243

77 572 114 628 illa
134 571 326 646 septentrionis
349 589 409 634 ora,
432 573 512 629 modo
535 571 614 628 bellis
636 571 711 641 aliis,
734 573 832 646 qubus
848 573 976 632 continuo
992 574 1147 648 impetitur,
1170 573 1249 630 finem
1270 581 1347 648 opta-

78 667 124 712 ιιιιιι
145 659 281 730 imponere
303 657 399 730 possit.
436 655 510 724 Quos
532 675 595 714 vero
617 657 711 714 hostes
734 675 847 731 regnum
869 665 993 716 nostrum
1014 658 1112 715 habeat
1134 668 1161 715 et
1184 659 1282 732 quibos
1297 660 1348 715 dil·

76 741 228 797 laedentibus
258 742 312 796 llea
346 739 392 797 ille
420 738 644 798 bellicosissimus
672 731 830 804 detinetur,¹
853 743 1023 817 paucissimis
1048 743 1205 818 explicabo.
1234 761 1267 800 ne
1294 745 1345 818 piis

77 826 175 882 auribus
196 826 297 882 lastidii
320 825 452 900 praebeam
476 827 676 884 offendiculum.
710 828 808 884 Notum
830 838 872 884 est
894 828 945 884 hae
966 837 1047 885 aetate
1069 837 1164 884 nostra
1182 827 1348 903 sigismundi
1357 831 1415 882 §.tlt

62 923 165 968 laomen
192 910 299 967 celebre
327 910 410 985 longe
438 911 545 985 lateque
573 913 699 987 plurimis
727 913 848 968 victoriis
876 913 946 970 lama
975 912 1151 970 solertissima
1179 913 1347 987 pervolante:

77 995 132 1051 solo
153 1013 224 1052 anne
245 997 431 1070 genealogiam
454 1006 481 1052 et
503 1006 593 1053 ortum
615 997 758 1056 clarissimi
786 999 860 1072 regis
889 1007 995 1061 texere,
1024 1017 1084 1073 quae
1113 1008 1166 1056 tuae
1187 998 1349 1055 vcelsitudini

77 1080 157 1136 ethis
179 1081 306 1137 omnihus
327 1081 394 1137 satis
415 1083 525 1155 cognita
548 1099 609 1139 esse
635 1083 730 1140 debet:
763 1083 907 1140 Casimirea
934 1084 1031 1140 domus
1059 1091 1113 1146 est,
1148 1102 1207 1158 qum
1235 1101 1350 1157 regnare

77 1183 173 1238 semper
193 1166 288 1222 didicit
310 1174 337 1222 et
357 1167 478 1230 cinosam
506 1167 676 1241 praesentiam
699 1177 803 1224 matura
832 1167 1034 1242 pulchritudine
1062 1177 1090 1225 et
1117 1177 1228 1244 aspectu
1256 1170 1350 1226 incuu-

76 1251 176 1306 dissimo
197 1251 323 1307 decoram
346 1258 376 1308 tu
398 1251 470 1307 nosti
493 1252 583 1308 itaer
606 1254 680 1308 omni
710 1263 788 1328 parte
816 1255 993 1328 compositam
1022 1271 1197 1328 proceraeque
1224 1255 1349 1327 gravitati

52 1335 250 1398 ttooniunetam,
275 1344 305 1392 ut
327 1337 359 1392 ad
381 1337 545 1392 llaiestatem
569 1338 653 1410 ipsam
675 1347 737 1394 nata
759 1355 819 1394 esse
841 1339 971 1396 videatur.
1015 1338 1063 1396 llic
1085 1339 1156 1395 avito
1178 1347 1348 1414 paternoque
1359 1343 1418 1394 att·

77 1433 100 1478 et
120 1423 231 1479 lratrum
246 1439 349 1496 regno,
373 1431 468 1478 senatu
483 1430 609 1484 vocante,
632 1423 778 1480 succedens
794 1421 865 1480 bello
881 1423 1077 1486 fortissimum,
1100 1441 1166 1497 paee
1182 1441 1245 1480 vero
1261 1422 1351 1498 splen·

77 1509 235 1564 didissimom
256 1525 287 1563 se
308 1507 438 1581 praestitit
460 1516 487 1563 et
509 1501 611 1570 reddit,
641 1509 741 1582 quippe
764 1509 812 1582 qui
834 1507 1038 1583 incomparabili
1060 1509 1181 1572 iusticia,
1210 1508 1352 1566 clementia

78 1601 100 1647 et
119 1591 279 1649 liberalitate
301 1592 341 1648 sio
362 1593 433 1666 apud
455 1609 520 1649 suos
543 1609 636 1650 omnes
658 1593 757 1650 charus
779 1601 835 1656 est.
862 1595 901 1651 sic
923 1611 1018 1650 eorum
1041 1595 1152 1650 allectus
1174 1593 1302 1668 aequitate
1325 1602 1352 1649 et

78 1678 274 1734 mansuetudine
296 1695 326 1734 ac
349 1677 555 1734 modestissimis
577 1677 683 1750 legibus
706 1679 733 1733 in
755 1679 938 1742 sedeciam,
961 1688 992 1736 ut
1011 1679 1086 1734 ‘inter
1105 1686 1145 1734 tot
1159 1677 1294 1736 bellorum
1311 1687 1353 1736 tu·

51 1761 169 1818 bmnltus
191 1780 247 1818 non
270 1763 343 1836 quod
366 1779 398 1818 ex
420 1764 503 1819 veteri
526 1763 654 1820 instituto
677 1763 789 1821 solitum
811 1772 867 1827 est,
895 1764 943 1820 sed
971 1763 1044 1837 quod
1072 1779 1119 1820 rea
1148 1763 1207 1837 ipse
1230 1764 1353 1838 praecipat

78 1857 118 1902 aut
138 1855 205 1904 nutu
228 1847 288 1903 solo
310 1847 447 1920 designat.
473 1846 545 1904 illico
568 1865 582 1904 a
604 1849 661 1904 suis
685 1848 809 1904 omatibus
831 1867 892 1905 cum
915 1866 1020 1906 summa
1041 1849 1122 1904 animi
1138 1847 1277 1904 alacritate
1292 1866 1354 1923 per·

77 1931 164 1988 licitur.
209 1949 270 2006 quaa
292 1932 416 2006 prolecto
438 1949 564 2006 supnmna
585 1933 644 1990 laus
667 1947 762 2007 regum
785 1944 840 1996 est,
869 1935 932 1992 dum
962 1933 1077 2007 quisque
1099 1931 1275 1996 subiectionis
1298 1951 1354 1990 suaa

77 2017 187 2073 debitum
210 2033 303 2073 amore
326 2015 445 2079 illectus.
469 2034 523 2074 ιιοιι
545 2017 642 2075 timore
664 2019 806 2093 perculsus
833 2035 930 2075 serena
957 2019 1047 2073 lronte
1076 2026 1103 2074 et
1131 2018 1215 2075 libera
1244 2017 1353 2092 exequi·

78 2111 130 2165 tor:
152 2103 234 2176 idque
255 2101 353 2165 eflicit.
375 2110 418 2164 ut.
441 2103 504 2158 dum
527 2103 632 2177 Scythae
655 2105 765 2177 fugaces
793 2099 873 2177 (quos
896 2103 983 2159 nostri
1006 2103 1134 2159 Tartarus
1155 2099 1260 2176 vocant)
1288 2101 1422 2158 subse.

50 2187 113 2241 ttito
140 2187 276 2243 interdum
304 2195 332 2242 et
360 2187 495 2261 insperate
518 2187 584 2244 dues
607 2197 717 2245 nostros
740 2190 860 2251 irruant,
889 2205 950 2244 moa
972 2187 1101 2264 nobilitas
1123 2205 1137 2243 e
1160 2195 1254 2244 centro
1278 2187 1357 2259 regei

76 2272 196 2344 primaria
219 2271 379 2345 benignitati
401 2273 531 2357 principis
553 2273 722 2330 satisfaciens
745 2273 824 2329 vitans
846 2274 984 2347 propriam
1006 2281 1034 2328 et
1056 2271 1171 2328 salutem
1194 2289 1266 2328 asera
1282 2271 1355 2344 ipso·

76 2373 129 2412 rum
149 2357 250 2413 virtute
272 2355 401 2413 devovere
424 2365 452 2412 et
474 2359 501 2414 io
523 2358 609 2414 media
633 2373 719 2432 usque
742 2358 861 2414 hostium
884 2358 990 2431 agmina
1011 2357 1131 2413 'obiicere
1160 2373 1214 2413 noa
1244 2363 1354 2418 metuat,

76 2458 144 2514 spem
166 2457 303 2516 reponens
325 2441 504 2499 firmissimam
527 2442 554 2498 ia
577 2443 680 2516 optima
701 2443 775 2516 rogis
797 2442 993 2504 munificentia,
1017 2443 1063 2515 qui
1085 2439 1249 2497 benemerita
1264 2441 1356 2498 onius·

76 2543 123 2598 que
143 2527 235 2602 dignis
257 2525 377 2600 praemiis
399 2527 515 2584 excitare
536 2528 687 2586 consuevit.
724 2528 841 2601 Urgetur
861 2543 977 2601 namque
992 2525 1084 2584 multis
1099 2526 1225 2582 hostibus
1241 2529 1423 2598 reguuml.²⁹·

50 2609 139 2668 ²⁵illud
160 2611 373 2686 amplissimum,
396 2611 483 2668 tribus
506 2630 520 2668 a
543 2621 620 2686 parte
643 2626 712 2670 otia:
735 2612 895 2687 Scytharum
910 2611 1023 2669 ducibus
1038 2610 1250 2685 potentissimis,
1272 2608 1357 2666 mtdta

76 2704 181 2752 centena
199 2693 288 2753 ‘millia
310 2695 473 2754 bellatorum
494 2697 523 2753 in
546 2698 664 2754 statione
686 2699 829 2772 campestri
853 2713 944 2754 seeum
965 2695 1143 2761 ducentibus.
1168 2695 1214 2769 qui
1231 2713 1260 2751 se
1275 2695 1356 2750 etiam

76 2781 188 2839 deseres
211 2782 320 2845 alienat,
344 2800 398 2838 nno
421 2781 581 2840 Ttaeodostae
604 2783 776 2858 propinquo,
806 2790 871 2856 post
893 2781 1086 2857 borysthenem
1115 2781 1148 2836 ad
1165 2779 1246 2860 ,latus
1275 2780 1357 2836 maris

76 2865 174 2924 Pontici
203 2867 232 2922 in
261 2865 374 2924 Taurica
402 2867 554 2932 residente:
581 2867 651 2924 alter
678 2867 749 2924 eirca
777 2867 886 2924 Tanaim
915 2875 943 2923 et
972 2866 1096 2941 paludem
1125 2865 1278 2922 destinam
1298 2863 1358 2921 loeo

77 2957 158 3015 tenet.
180 2961 210 3008 et
233 2953 256 3008 is
279 2953 307 3008 in
329 2952 452 3008 manibus
474 2953 548 3024 regis
570 2961 627 3016 est;
650 2953 725 3009 tertii
746 2960 811 3008 sont
834 2952 1008 3014 remotiores,
1031 2950 1155 3014 Asiatici,
1178 2949 1357 3008 vastissimam

50 3035 224 3094 ttincolentes
245 3036 418 3093 solitudinem
441 3046 469 3093 et
489 3036 637 3094 latissimos
661 3045 782 3094 tenentes
804 3053 923 3110 campos.
960 3036 999 3092 hii
1028 3053 1122 3092 omnes
1144 3035 1295 3110 repentinis
1317 3035 1424 3091 ιιι-ΜΟ.

76 3121 244 3178 cursionibns
267 3139 382 3196 regnum
403 3120 551 3197 depraedari
574 3128 602 3178 et
616 3123 744 3179 continue
758 3121 909 3195 defatigare
925 3137 980 3176 noa
995 3129 1116 3182 cessant,
1140 3121 1245 3182 samem.
1268 3120 1357 3182 sitim.

76 3215 165 3263 astum
187 3217 216 3264 et
237 3206 358 3280 algorem
380 3223 411 3263 ao
431 3225 537 3263 omnem
553 3206 667 3264 inediam
681 3214 901 3269 contemnentes,
923 3205 1023 3279 saepius
1038 3205 1118 3261 etiam
1135 3204 1247 3261 Torebis
1263 3204 1358 3266 iuncti,

77 3293 118 3362 qni
140 3291 341 3348 donocastmm
363 3300 391 3349 ot
411 3291 598 3349 Lieostomum
620 3300 800 3366 occuparunt,
823 3291 925 3348 maiora
947 3298 975 3346 et
995 3289 1130 3346 horrenda
1143 3289 1239 3345 damna
1254 3289 1358 3343 nostris

78 3373 207 3433 inierunt:
231 3376 398 3434 Turcharum
420 3376 491 3433 enim
514 3383 583 3433 nutu
605 3375 712 3451 Scythae
734 3393 828 3433 omnes
850 3374 1015 3449 dependent,
1038 3373 1101 3429 dom
1124 3373 1216 3429 eadem
1232 3381 1306 3428 secta
1321 3373 1357 3426 sit

49 3457 274 3519 udmhomettcis
295 3459 376 3518 simol
398 3461 538 3518 erroribus
561 3460 704 3536 implicata.
727 3460 748 3516 ll
770 3460 869 3535 quihus
891 3458 970 3533 plane
991 3457 1155 3533 deprehendi
1178 3464 1270 3531 potest
1293 3457 1424 3514 laci-tm.

77 3541 125 3600 lius
146 3545 254 3604 catellos
276 3563 291 3601 a
313 3547 442 3603 maternis
465 3545 595 3602 uberibus
618 3563 698 3620 (ιιιιιιιι
720 3547 848 3603 Tortores
870 3543 1070 3600 aTurelaornm
1094 3539 1246 3598 assistentia
1268 3537 1358 3596 disolli

76 3645 168 3702 posoe;
191 3631 239 3704 qui
262 3643 333 3688 nunc
356 3631 436 3708 etipm
458 3640 554 3690 eontra
576 3649 668 3704 regem
685 3631 828 3688 Persarum
851 3634 958 3703 optatas
980 3627 1075 3701 viginti
1099 3623 1212 3682 millium
1236 3627 1358 3706 equitnm

77 3717 212 3789 suppetias
234 3715 369 3778 tulerunt.
398 3716 431 3772 de
458 3716 501 3774 his
523 3717 577 3772 ilex
604 3724 700 3772 noster
726 3714 825 3772 multas
852 3723 879 3771 et
907 3713 1026 3786 insignes
1053 3709 1203 3786 reportavit
1224 3710 1359 3771 saturies.

78 3807 104 3853 ut
125 3817 201 3856 arces
224 3809 251 3857 et
273 3799 333 3856 loca
356 3800 434 3874 regni
455 3801 636 3858 munitissima
657 3801 818 3862 ostendunt.
849 3815 909 3872 qaam
933 3797 1004 3871 pacis
1027 3806 1150 3870 tompore
1171 3812 1222 3870 pro
1245 3794 1286 3851 sui
1309 3810 1358 3849 no·

49 3883 153 3941 ωιιιίιιίε
176 3884 380 3942 immortalitate
403 3886 574 3942 ornatissime
597 3893 747 3948 restaurat,
771 3884 817 3940 ubi
830 3883 989 3958 Scytharum
1011 3882 1159 3939 eatheoetae
1181 3879 1252 3936 acies
1267 3877 1360 3934 lateri·

77 3968 116 4024 cio
137 3968 164 4026 io
187 3969 274 4028 muris
296 3969 433 4044 erigendis
453 3969 599 4028 certamine
622 3970 744 4046 quotidie
766 3968 897 4044 congredi
919 3967 1052 4026 videntur.
1089 3965 1137 4024 list
1159 3974 1187 4022 et
1216 3963 1285 4020 altor
1310 3963 1428 4029 house

142 4211 359 4303 ¹ianpsditurlls
405 4235 571 4286 'detinetur
581 4238 619 4287 alc
631 4240 655 4286 1.
675 4235 832 4286 detineatur
842 4241 874 4286 n.
922 4231 1082 4299 ⁴prebesm
1095 4233 1120 4283 l.
1160 4233 1359 4282 nostroeeldt.

78 4317 239 4386 ‘regelata
253 4327 286 4371 tt.
320 4320 464 4384 'debean
481 4328 514 4370 lt.
549 4319 760 4387 'compositam
773 4323 796 4370 l.
832 4331 976 4386 proceroqp
990 4319 1015 4368 1.
1050 4314 1072 4348 ¹⁰
1088 4317 1244 4383 Magestete
1262 4317 1359 4381 ipsam,

79 4407 140 4455 nati
158 4408 183 4456 1.
220 4405 241 4440 ¹²
258 4406 417 4472 prestitill.
452 4405 585 4457 reddidit:
598 4409 631 4454 lt.
667 4403 947 4466 instillarentlosm.
984 4399 1185 4467 ”perficimus
1198 4405 1230 4460 Β.
1266 4399 1362 4450 Πιιιιῑι-

78 4487 205 4540 ieetionis
217 4493 242 4540 1.
278 4483 299 4522 ¹⁸
316 4489 471 4556 possedeas,
491 4493 515 4540 1.
554 4489 731 4556 ”optimilt
778 4487 801 4520 ²⁴
812 4487 941 4553 praemiis
953 4489 977 4537 1.
1012 4485 1035 4518 ²⁸
1052 4486 1099 4551 poi
1112 4489 1135 4536 1.
1170 4485 1193 4518 2²
1211 4482 1295 4549 Creo]
1308 4490 1325 4534 t.
1338 4498 1361 4533 e.

81 4573 180 4624 Cauros,
217 4574 397 4625 Bmistenem.
411 4577 435 4624 1.
474 4573 497 4606 ²⁸
515 4575 661 4626 oironmlt.
696 4575 821 4638 Tonaym
834 4573 858 4624 1.
897 4570 1083 4621 Meotidomt.
1118 4568 1140 4604 ⁸²
1157 4581 1316 4632 omnemque
1329 4571 1361 4615 n.

79 4657 186 4711 lonella.
199 4667 233 4710 n.
267 4657 291 4692 ⁸⁸
307 4659 497 4710 Monooestnm
511 4663 572 4712 Mt.
586 4657 806 4726 dod-,Bjaloprod
815 4671 837 4706 s.
845 4655 996 4719 diademare.
1021 4655 1224 4718 ,Lycoetomum
1236 4658 1268 4701 n.
1302 4651 1363 4702 hod.

81 4741 157 4794 duo.
198 4741 398 4794 ”uelamen
432 4741 455 4775 ⁸⁸
473 4744 597 4810 supellec
608 4747 631 4794 1.
666 4741 688 4774 ⁴⁰
706 4743 841 4793 cotenu.
876 4737 999 4791 lateritio
1011 4741 1042 4788 R.

321 4831 334 4870 ι
1082 4819 1144 4882 lb*
