3434 5512
348 391 423 466 ²80
453 423 488 458 EX
501 422 616 459 notum
629 422 714 460 11131
726 422 868 458 ΟΒΑΤΙΟΙΙ
880 423 1002 459 ”finili
1015 423 1044 456 {ll
1058 420 1348 458 ΜΡΟιΙΔΧΙΙΙΗΑΙΙ
1362 420 1420 456 18?-
1427 419 1534 456 mm.

348 589 512 642 conventum
535 579 701 638 celebrasset
723 581 943 655 prouincialium,
971 582 1015 642 cni
1039 581 1065 636 iu
1088 579 1190 656 oppido
1212 581 1290 654 regio
1314 577 1415 636 Tirolis
1435 577 1566 654 luspruqk
1585 580 1629 636 ad·

348 674 441 724 esseut
462 683 494 722 ex
516 666 695 724 haereditariis
724 664 840 739 singulis
862 667 980 724 dustriae
1008 665 1091 722 terris
1119 663 1226 722 nobiles
1255 683 1288 722 ac
1314 671 1470 726 senatores,
1497 663 1629 737 multaque

349 750 405 808 illic
426 751 535 814 lutura,
558 768 618 824 quac
641 769 670 806 sc
693 759 803 806 ruortuo
825 767 876 826 pro
899 765 964 824 pecc
986 767 1017 808 ac
1038 749 1245 806 conservatione
1268 749 1363 824 patries
1384 757 1467 823 atquc
1488 750 1630 822 provincia·

349 855 408 892 rum
423 835 541 892 nustriae
562 836 715 892 necessaria
739 835 837 897 iurent.
860 837 912 892 iarn
933 835 1125 909 disposuisset.
1148 836 1300 908 Augustam
1323 833 1521 890 vindelicorum
1542 835 1629 908 petiit;

348 919 404 978 illic
418 921 557 995 principes
571 918 721 981 electores,
744 921 891 994 coeterique
906 920 1055 977 Germanice
1069 920 1222 994 principes,
1245 919 1388 992 primates.
1411 917 1543 992 Episcopi.
1565 937 1645 992 pre-s

263 1012 265 1020 ’
348 1005 413 1074 lati,
435 1003 597 1080 respublicae
619 1023 650 1062 ec
672 1006 805 1062 innumeri
833 1003 940 1080 nobiles
967 1011 1158 1060 convenerant.
1201 1003 1321 1061 Aderant
1341 1021 1453 1078 queque
1472 1003 1548 1064 Pout
1569 1003 1629 1058 llan

348 1091 448 1148 Leonis
464 1091 493 1146 x.
516 1089 625 1164 legatus
640 1089 804 1147 Cenlin'alis:
826 1091 929 1164 Regum
946 1091 1009 1146 item
1025 1089 1232 1164 Hispaniarum,
1255 1089 1388 1150 llraucite.
1410 1088 1563 1162 Huugariae,
1583 1089 1629 1144 Po·

349 1175 444 1238 lonise,
468 1182 550 1249 etque
572 1175 706 1232 llolreniize
721 1176 859 1232 Oratores.
892 1173 1043 1232 celebravit
1065 1175 1164 1232 dietam
1180 1173 1300 1230 omnium
1314 1173 1530 1236 celeberrimam,
1552 1173 1628 1229 multa

351 1260 434 1316 rebus
456 1259 562 1334 imperii
585 1261 749 1333 previlens.
773 1279 804 1318 ac
825 1261 858 1317 de
880 1262 975 1317 tuturo
998 1259 1180 1317 Romanorum
1203 1275 1268 1331 rege
1288 1257 1432 1332 deligendo
1453 1275 1515 1314 cusu
1535 1258 1628 1314 electo·

351 1343 427 1400 ribus
448 1344 617 1402 consultans.
655 1345 728 1402 Adeo
751 1345 843 1403 hercle
865 1355 896 1403 ut
917 1361 950 1402 cu
972 1345 1014 1400 bis
1036 1343 1142 1402 duabus
1163 1344 1245 1400 dietis
1267 1359 1337 1419 pene
1351 1344 1532 1400 coniecturam
1548 1343 1655 1404 liccatu

350 1430 481 1488 Caesarem
504 1438 629 1488 nostrum
652 1439 767 1488 mortem
791 1449 865 1489 suam
888 1430 1042 1488 iamdudum
1064 1429 1250 1504 praescivisse.
1280 1435 1333 1486 tam
1354 1429 1433 1485 enine
1452 1429 1523 1486 circa
1544 1443 1574 1486 ea
1594 1428 1629 1483 in·

352 1515 443 1578 stetit,
472 1532 533 1590 qum
563 1533 592 1571 sc
619 1523 729 1572 mortuo
756 1516 871 1590 lmperio
899 1525 982 1589 atque
1009 1515 1155 1590 prouinciis
1183 1515 1336 1571 necessarie
1363 1513 1465 1570 lorent.
1508 1513 1543 1568 lle
1565 1511 1628 1568 bellu

353 1616 462 1674 quoque
485 1601 513 1656 in
532 1599 633 1658 Turcas
655 1601 831 1663 assumendo.
853 1601 941 1675 deque
963 1597 1098 1658 bellorum
1121 1605 1266 1674 apparatu.
1289 1605 1372 1673 atque
1394 1597 1435 1670 (ut
1455 1596 1558 1664 dicunt]
1579 1595 1627 1652 bel·

272 1695 276 1704 ·
352 1682 443 1740 lorum
465 1701 549 1741 nervo
571 1684 655 1741 multa
677 1702 727 1759 per
749 1686 879 1743 t'resareiu
902 1695 930 1742 et
952 1685 1102 1760 principes.
1132 1685 1159 1740 in
1187 1684 1338 1758 primisque
1365 1701 1416 1758 per
1436 1683 1556 1756 legatum
1576 1700 1628 1738 san·

352 1769 465 1825 ctissimi
480 1769 508 1824 o.
523 1769 554 1824 d.
570 1769 737 1826 Cardiuulem
752 1769 779 1826 S.
796 1771 861 1828 Sinti
885 1779 998 1828 trectuta
1020 1771 1141 1827 luerunt.
1177 1771 1301 1842 Augusta
1321 1775 1509 1843 [posteaquam
1523 1784 1653 1824 course-u

353 1861 399 1910 tus
421 1852 467 1912 illo
488 1853 641 1929 principum
663 1863 736 1912 esset
757 1853 920 1926 dissolutus)
942 1855 1084 1912 discedens
1106 1853 1241 1930 lnsprugls
1264 1870 1402 1915 reversus,
1432 1853 1540 1910 denum
1562 1853 1628 1925 oppi-

352 1938 417 1995 dum
438 1937 589 2013 Kopllsteiu
613 1935 779 2016 [Kofstein]
803 1941 894 2014 petiit:
918 1940 972 1996 illic
994 1957 1044 2014 per
1058 1939 1166 2014 sliquos
1181 1946 1304 1995 muretus
1317 1939 1376 1995 dies
1391 1955 1452 1994 cum
1467 1939 1628 2012 magistratu

351 2023 398 2098 qui
420 2024 565 2098 provincie
587 2023 687 2083 Tirolis
708 2032 822 2100 preest,
846 2023 978 2082 nonnulla
999 2032 1207 2081 commentatus.
1251 2023 1323 2080 udin
1349 2022 1423 2080 illico
1451 2039 1514 2080 eum
1536 2039 1628 2095 magne

351 2108 422 2182 apud
445 2125 474 2165 se
496 2108 556 2166 lldei
578 2126 662 2166 cocus
685 2109 846 2184 peculiaris,
875 2111 922 2184 qui
945 2127 959 2166 e
981 2109 1049 2166 cibis
1070 2109 1254 2183 decoquendis
1282 2125 1332 2183 pro
1353 2108 1459 2166 ssaesere
1486 2116 1563 2166 esset
1582 2107 1629 2180 pii·

351 2193 467 2257 marius.
489 2195 621 2268 cuiusque
643 2195 722 2252 ddem
743 2213 794 2270 pcr
815 2211 902 2252 nenos
923 2195 1039 2270 emplius
1067 2211 1146 2269 quam
1169 2191 1299 2249 lllllllllll.
1321 2193 1509 2250 inconcussam
1533 2207 1651 2266 semperne

350 2277 450 2336 luisset
471 2289 616 2354 expertus:
639 2281 743 2338 reniam
765 2298 780 2338 a
802 2282 907 2340 Ques
928 2281 1022 2354 petiit.
1045 2297 1099 2355 quo
1122 2278 1173 2334 sibi
1195 2293 1307 2335 uxorem
1322 2296 1353 2334 ac
1367 2277 1471 2334 liberos
1487 2278 1534 2350 qui
1548 2284 1628 2333 esseut

351 2363 378 2418 iu
400 2361 536 2438 lusprugk
557 2353 674 2422 invisere
696 2366 790 2424 liccat:
806 2429 807 2432 Ἴ
821 2365 874 2423 lam
897 2366 968 2422 euim
991 2381 1021 2421 sc
1042 2365 1084 2422 eis
1105 2363 1226 2422 abluisse
1246 2362 1342 2420 diebus
1371 2362 1589 2437 quampluri-is:
1607 2363 1625 2416 si

351 2465 415 2504 vero
436 2448 568 2508 lleicsteti
591 2467 647 2509 sum
670 2452 707 2510 ita
728 2452 814 2508 visum
836 2459 923 2514 esset.
953 2468 983 2506 su
1004 2449 1036 2506 ad
1059 2449 1161 2508 curiam
1184 2448 1344 2524 quantotius
1366 2464 1549 2505 reversurum.
1588 2447 1625 2502 tui

352 2540 408 2590 tum
431 2534 520 2592 Cesar
541 2535 684 2611 respondit
712 2536 774 2594 'Nec
796 2545 825 2594 tu
847 2553 912 2594 sanc
932 2535 1044 2592 domum
1066 2535 1118 2590 boc
1141 2542 1264 2608 tempore
1285 2533 1430 2595 ascendes.
1458 2533 1508 2590 sed
1535 2547 1624 2588 mccuu

351 2619 443 2692 potius
465 2637 578 2694 perges.
609 2620 758 2695 sepulture
787 2639 829 2678 mc
861 2621 1026 2677 traditurus'.
1070 2618 1241 2676 Abhorrcnte
1270 2619 1327 2675 viro
1355 2617 1473 2680 dictum.
1502 2617 1647 2690 longequeu

350 2703 432 2760 uliter
454 2705 619 2780 imprecante
642 2705 720 2774 ‘Quin
743 2713 788 2769 tu.
817 2706 919 2781 optime
941 2703 1053 2766 θωπί
1080 2705 1206 2778 inquiens
1228 2711 1286 2778 ‘per
1312 2701 1412 2776 longos
1433 2711 1518 2776 atque
1539 2701 1625 2758 multos

351 2788 431 2844 uobis
453 2789 525 2846 vives
547 2791 649 2848 annos'.
695 2791 741 2848 *lte
770 2791 838 2854 erit,
862 2800 893 2848 ut
915 2790 978 2846 dini'
999 2789 1142 2864 respondit
1163 2789 1265 2850 deser,
1294 2796 1333 2844 ‘tu
1356 2805 1460 2846 mecum
1484 2787 1624 2846 descendes.

350 2889 448 2946 meque
470 2875 619 2948 sepulturas
641 2877 746 2939 trades.
769 2893 830 2936 naut
853 2875 927 2934 brevi
950 2875 1100 2932 moriturus
1121 2874 1198 2930 sum'.
1235 2871 1378 2930 dtl'uenmt
1392 2872 1485 2936 multi,
1507 2870 1626 2929 cumbae

351 2956 455 3013 diceret
476 2959 581 3025 Caesar,
605 2960 651 3033 qui
675 2961 735 3018 baec
756 2979 788 3018 ex
811 2977 859 3018 orc
881 2961 995 3020 fissuris
1017 2959 1168 3016 audieruut.
1213 2958 1237 3014 ls
1260 2973 1370 3031 quoque
1401 2957 1486 3019 idem.
1515 2959 1557 3014 cui
1581 2971 1624 3012 ma·

253 3047 261 3060 “
350 3042 438 3115 gister
459 3043 573 3100 luunnes
596 3059 693 3101 nomen
716 3056 772 3109 est,
796 3045 903 3121 publice
924 3063 956 3103 ac
977 3061 1069 3102 coram
1089 3042 1261 3118 magnetibus
1276 3042 1385 3105 multis,
1408 3041 1518 3098 etmihi
1533 3039 1648 3116 quideun

351 3125 490 3184 lachrimis
513 3129 620 3191 multis.
650 3147 723 3206 sepe
745 3131 845 3206 saepius
869 3137 986 3187 testatus
1009 3137 1060 3186 cst.
1103 3128 1156 3185 Per
1177 3128 1244 3184 deni
1271 3129 1363 3201 itaque
1393 3127 1505 3184 fluvium
1532 3125 1624 3198 navigio

351 3213 440 3294 Cesar
461 3211 642 3277 descendens,
665 3216 696 3275 ud
720 3214 796 3272 Wcls
819 3215 946 3290 oppidum
963 3215 1079 3274 dustrim
1097 3213 1232 3288 pervenit:
1256 3210 1313 3269 illic
1327 3221 1374 3269 aut
1389 3220 1482 3274 sueta,
1505 3219 1551 3268 aut
1564 3217 1624 3267 certe

352 3307 441 3372 coepta
462 3297 614 3356 inlirmitss.
658 3299 710 3357 Per
731 3301 789 3357 dies
811 3301 917 3374 aliquot
937 3300 1001 3356 dum
1023 3299 1111 3358 utllrue
1132 3299 1159 3354 in
1181 3299 1305 3371 Auguste
1327 3304 1401 3353 esset
1422 3297 1528 3359 Cesar.
1550 3293 1623 3371 prius
1692 3301 1693 3314 ¹

351 3401 430 3458 quam
453 3383 563 3441 adversa
586 3383 737 3442 valetudiue
759 3385 911 3448 laboraret,
934 3393 1075 3442 vocaverat
1096 3383 1129 3440 sd
1152 3399 1181 3440 sc
1204 3382 1436 3444 circhusisnsem.
1460 3398 1491 3438 cx
1506 3379 1623 3452 Friburgo

348 3469 529 3542 llrisqaudiae,
552 3469 692 3527 dominumv
713 3469 874 3546 Gregorium
897 3469 1009 3531 deisoli,
1037 3486 1141 3542 maguae
1169 3467 1247 3526 turne
1275 3485 1306 3524 ac
1333 3467 1467 3524 doctrine
1495 3465 1646 3522 bombices
1681 3459 1684 3472 '

350 3571 405 3628 quo
428 3571 458 3609 sc
481 3553 507 3610 iu
531 3555 631 3630 oppido
654 3555 730 3612 Wels
752 3557 924 3613 conveniret:
947 3553 1003 3612 illic
1025 3571 1085 3611 cum
1107 3554 1237 3616 uenisset.
1260 3544 1401 3626 stbrctque
1422 3569 1514 3609 curam
1535 3550 1622 3610 desere

350 3639 520 3714 perhumane
542 3638 576 3697 ab
598 3657 631 3696 eo
653 3647 815 3716 susceptus,
844 3639 944 3706 uono’,
969 3640 1058 3713 inquit
1080 3647 1180 3714 ‘putem
1205 3637 1313 3699 venisti,
1342 3637 1432 3694 omine
1456 3655 1486 3694 uc
1507 3641 1621 3710 tempore

349 3725 395 3798 qui
419 3723 483 3780 milri
506 3725 606 3782 auxilio
629 3726 794 3800 aderisque
817 3726 902 3784 ciclos
924 3719 1029 3800 petam’.
1066 3723 1162 3797 Reguli
1184 3739 1249 3778 vero
1270 3719 1408 3786 nonnulli,
1433 3722 1479 3796 qui
1497 3719 1621 3777 turulude

350 3809 449 3866 deseri
473 3817 609 3874 astureut,
637 3810 825 3877 subriseruut,
855 3809 921 3866 nihil
950 3809 1039 3865 miuus
1068 3825 1148 3882 quam
1170 3809 1281 3866 cesaris
1304 3816 1420 3864 mortem
1442 3808 1502 3864 tore
1528 3802 1621 3880 propiu-

255 3936 257 3946 ,
349 3911 430 3969 quam
446 3895 596 3951 credentes.
633 3897 668 3952 nt
680 3897 768 3954 Cesar
783 3895 1002 3953 constantissime
1016 3893 1172 3955 allrrmavit,
1189 3892 1263 3948 brevi
1278 3908 1308 3948 se
1323 3892 1497 3948 moriturum.
1520 3891 1645 3946 Somnuso

351 3979 413 4035 inde
436 3977 487 4036 sibi
510 3981 641 4054 perdice
663 3997 694 4038 ac
716 3991 811 4038 noctes
833 3979 989 4055 ademptus,
1015 3976 1196 4052 valetudoque
1217 3977 1327 4034 adversa
1350 3977 1436 4034 indies
1457 3983 1542 4034 suctu.
1581 3969 1622 4026 td·

348 4062 427 4120 bibiti
450 4065 548 4122 medici
571 4065 735 4129 doctissimi,
763 4065 905 4124 domestici
928 4064 1032 4141 primo.
1061 4061 1159 4120 deiude
1186 4064 1266 4120 etiam
1288 4063 1376 4118 exteri
1398 4077 1430 4118 cn
1453 4061 1549 4117 Vienna
1568 4057 1622 4112 Pan·

349 4149 438 4207 neniae
454 4189 556 4206 .....
571 4149 627 4209 Noc
648 4159 738 4207 umen
761 4152 843 4209 ctiam
865 4150 937 4208 lecto
959 4147 1124 4206 decumbens
1147 4165 1161 4204 e
1183 4147 1300 4222 publicis
1322 4149 1396 4204 curis
1419 4145 1558 4206 abstinuit.
1578 4157 1622 4197 ma·

350 4233 420 4289 nime
441 4241 531 4292 autem
554 4252 615 4310 qum
636 4243 834 4294 concernerent
855 4235 957 4292 bellum
978 4235 1107 4290 adversus
1130 4233 1231 4308 Turcas
1253 4233 1444 4290 assumendum
1466 4263 1620 4288 ...···

350 4317 568 4376 ....llortuns
591 4330 634 4377 est
655 4321 725 4378 iutra
747 4321 856 4378 tertiam
878 4328 907 4377 et
928 4327 1051 4394 quartm
1073 4317 1168 4376 boram
1190 4318 1234 4374 die
1249 4316 1300 4374 llll.
1315 4318 1418 4376 mensis
1432 4313 1644 4374 ianuarii-lumb

350 4401 446 4462 solutis
461 4403 600 4462 duxlt.
617 4413 761 4480 postquam
783 4406 893 4462 uixisset
914 4421 1000 4462 annos
1015 4403 1078 4460 eut.
1100 4419 1208 4460 menses
1223 4403 1263 4459 tx.
1281 4401 1344 4459 dies
1366 4419 1430 4460 vero
1451 4399 1513 4458 lllll.
1527 4409 1621 4470 reputt·

349 4497 448 4565 solque
469 4490 547 4548 annis
569 4489 670 4547 lllllllll
672 4531 871 4546 ..........

802 4667 1174 4688 οι*-
