3464 5526
253 411 381 464 utuntur*
394 411 423 446 ΙΝ
442 411 534 447 ΒΥΟΕΙ
553 409 830 446 WIRTENPRBGBNBBU
848 409 952 446 ottarto
971 410 1016 444 111.
1036 409 1149 444 tttsvttr.
1167 410 1192 445 Δ.
1208 403 1266 446 ἱὸΠ.
1354 381 1401 451 53

123 573 150 628 ut
170 569 311 628 maiorem
337 585 353 627 ιι
375 555 492 626 nemine
514 573 626 644 posset,
650 566 791 644 flagitiose
807 563 950 642 prodidit,
975 565 1085 626 nefarie
1101 575 1135 624 ae
1151 565 1310 647 crudeliter
1325 568 1401 627 ocei-

123 669 171 736 dit,
194 669 406 730 immanissime
428 669 458 728 in
480 673 630 731 mortuum
651 669 753 737 saeviit,
782 665 869 727 nobis
897 667 1012 744 pietatis
1042 684 1151 728 munus
1179 684 1239 727 non
1261 667 1401 728 indulsit?

122 773 334 850 iquoquam,¹
356 771 418 840 aiu,
447 768 608 830 continebit
635 787 667 829 se
694 769 767 830 iste?
799 773 848 828 ant
869 768 983 846 sperari
1011 766 1100 828 debet
1122 769 1345 830 emendaturum
1369 788 1400 831 se
1411 787 1471 838 too:

123 873 166 951 qui
187 877 340 934 tantorum
362 871 509 933 scelerum
527 870 692 950 postulatus
714 871 772 931 iam
795 878 872 938 tum,
896 870 976 930 omni
997 876 1146 931 terrerum
1162 887 1272 947 genere
1287 873 1399 950 impen-

104 974 222 1044 tdeute,
252 974 359 1034 iudicio
388 971 532 1034 obnoxius
559 981 625 1051 post
653 979 736 1034 natus
762 972 897 1040 homines
919 972 1120 1042 atrocissime,
1144 989 1211 1056 non
1227 973 1313 1033 modo
1329 979 1400 1034 'non

123 1075 254 1138 submisit
275 1093 322 1144 se,
344 1093 446 1138 verum
463 1076 553 1135 'novis
576 1092 692 1153 quoque
716 1081 744 1135 et
772 1073 843 1134 diris
872 1072 1059 1154 itteinoribus¹
1080 1073 1252 1144 obstrinxit,
1283 1076 1402 1153 coniugi

123 1196 191 1246 sue,
216 1179 297 1238 omni
319 1175 444 1237 fortunae
466 1194 501 1236 ac
524 1175 636 1236 virtutis
659 1173 740 1236 cultu
755 1177 948 1256 ornatissimas
963 1174 1094 1246 mulieri,
1118 1193 1220 1238 necem
1236 1176 1400 1248 intendens,

124 1285 150 1340 et
169 1265 235 1340 earn
257 1297 360 1340 necem
383 1296 470 1357 quam
494 1283 668 1356 sequeretur
690 1277 859 1356 turpitudo,
882 1277 937 1339 bec
959 1277 1085 1347 familia,
1108 1277 1154 1338 his
1176 1279 1400 1357 propinquitati·

123 1380 172 1442 bus
193 1380 412 1458 indignissima?
434 1381 474 1449 is,
496 1380 631 1468 inquam,
654 1377 810 1457 aliquando
833 1378 957 1440 mutabit
979 1397 1048 1439 snos
1071 1396 1185 1448 mores,
1214 1398 1296 1440 suant
1319 1397 1401 1440 men-

97 1488 176 1543 utem
200 1483 304 1543 eructi
326 1480 430 1551 Quaeso
452 1498 516 1566 rem
538 1481 725 1559 perpendite,
748 1481 904 1550 Germani,
928 1488 957 1542 et
977 1479 1054 1541 illam
1078 1487 1217 1559 usurpate
1239 1483 1344 1542 avitam
1365 1492 1469 1543 actot.

125 1601 186 1645 rere
209 1583 385 1668 Germanam
409 1582 623 1652 fortitudinem:
648 1580 723 1643 elabi
745 1583 833 1643 istum
856 1590 942 1674 turpe
966 1585 1025 1651 est,
1048 1580 1157 1643 loedunr
1181 1603 1215 1644 ae
1230 1582 1401 1645 detestabile

125 1691 242 1765 propter
265 1663 413 1746 iudicandi
435 1685 676 1754 inconstantiam,
705 1682 905 1763 periculosum
934 1703 1002 1746 veru
1031 1693 1152 1764 propter
1175 1684 1302 1765 exempli
1322 1693 1400 1746 atro·

124 1787 250 1848 citatem:
275 1787 447 1864 perpendite
471 1805 585 1866 queso,
618 1793 647 1847 et
669 1804 720 1846 ves
744 1787 883 1854 excitate;
912 1787 1009 1847 caveri
1038 1787 1094 1846 iarn
1118 1786 1214 1848 adbuc
1237 1787 1400 1865 periculum

124 1875 228 1968 potest,
252 1887 362 1965 quod
355 1905 379 1948 rs
402 1889 547 1949 exercitus
568 1893 674 1975 noster
692 1889 806 1966 estqui
829 1887 891 1947 solo
915 1894 1011 1948 restro
1035 1888 1150 1949 adiutus
1166 1888 1299 1949 consulto
1316 1888 1402 1950 iaeile

48 2053 54 2058 ,
100 1992 207 2050 uistum
230 1988 386 2067 inningen
417 1989 527 2051 deserti
554 2007 570 2050 a
601 1989 682 2049 vobis
710 2007 769 2048 non
798 1990 932 2068 eritque
956 1989 1172 2068 confugiemus,
1203 1991 1257 2050 nisi
1280 1989 1316 2058 ad
1339 1991 1400 2051 base

125 2111 200 2152 arma
222 2110 287 2171 quae
309 2099 380 2152 wne
401 2093 465 2152 sine
493 2109 599 2169 magno
621 2089 785 2152 Germanias
813 2090 988 2154 detrimento
1016 2093 1135 2153 tractari
1165 2109 1224 2151 non
1253 2099 1399 2172 poterunt.

125 2193 284 2254 declinandi
307 2199 404 2253 autem
428 2194 592 2252 eommunis
615 2191 768 2253 dedecoris
789 2194 865 2253 ratio
889 2208 944 2252 una
974 2201 1032 2263 est,
1062 2194 1140 2274 quod
1169 2194 1244 2274 dieta
1274 2205 1469 2279 pernosces.

125 2297 278 2364 sententia,
302 2311 470 2378 quanquam
486 2311 568 2364 sero,
592 2295 736 2355 iudicasse
750 2301 849 2356 tamen
866 2313 915 2356 vos
931 2295 1107 2356 constiterit:
1123 2300 1152 2355 at
1167 2293 1223 2354 boc
1240 2311 1306 2354 sero
1323 2295 1400 2372 quud

125 2397 200 2466 dico,
229 2395 397 2458 huiusmodi
420 2403 464 2456 est
486 2404 517 2457 ut
539 2396 677 2476 quicquid
701 2409 735 2457 ex
758 2395 815 2458 hoe
844 2397 891 2457 die
918 2396 1053 2458 celeriter
1081 2397 1223 2466 feceritis,
1253 2414 1320 2456 sero
1342 2393 1412 2464 fiat,

97 2498 356 2578 equandoquidem
378 2499 418 2584 in·
431 2516 577 2562 summurn
600 2504 748 2576 protracta
764 2515 812 2558 res
827 2504 888 2568 est,
911 2506 952 2568 ut,
970 2496 993 2558 si
1009 2499 1115 2559 diutius
1131 2498 1298 2566 differetur,
1322 2496 1399 2558 nulla
1428 2512 1432 2524 ⁸
1514 2487 1518 2504 '

126 2618 283 2678 peucenos
305 2599 453 2680 iudicandi
474 2594 595 2661 facultas
623 2586 747 2661 maneat.
793 2599 937 2661 Praeterea
967 2599 1069 2660 videtis
1096 2599 1152 2659 iam
1181 2617 1240 2659 non
1269 2605 1468 2660 noscamin-

127 2719 185 2763 esse
207 2701 284 2764 illam
307 2701 399 2780 magis
421 2718 508 2780 quarn
531 2699 680 2781 publicam
703 2711 731 2763 et
753 2700 924 2763 Germaniae·
940 2719 1066 2762 eausam.
1102 2701 1180 2806 qnod
1203 2689 1259 2761 nisi
1275 2718 1402 2779 perspe-

128 2811 200 2864 ctum
221 2802 303 2864 vobis
326 2805 449 2873 scirem,
473 2811 501 2864 et
523 2803 677 2866 Germanae
699 2803 873 2881 integritatis
895 2803 1029 2864 conscius
1051 2797 1153 2864 mibi
1145 2821 1257 2872 essem,
1280 2801 1402 2864 ulterius

128 2905 232 2966 orando
255 2923 288 2965 ac
312 2903 484 2966 obtestando
508 2905 584 2984 apud
607 2923 658 2965 tos
681 2903 767 2966 rerba
792 2904 934 2972 lacerem;
958 2902 1144 2981 implorarem
1161 2921 1264 2965 sensus
1279 2912 1400 2973 vestros,

99 3025 161 3070 ner
182 3008 288 3068 intimis
309 3008 415 3068 vestris
437 3006 661 3084 cogitationibus
682 3007 821 3068 iudicium
850 3005 1033 3068 deioderem:
1064 3022 1142 3067 nunc
1173 2976 1241 3066 satis
1270 3009 1340 3085 puto
1370 3005 1428 3065 idt
1435 3014 1468 3058 tt

128 3125 208 3168 anre
229 3108 337 3170 laetum
360 3107 467 3188 quod
460 3125 488 3168 tn
511 3126 544 3169 re
565 3108 617 3169 tali
638 3107 753 3178 debuit,
784 3126 842 3187 quo
870 3125 906 3168 ne
935 3107 1002 3186 quis
1033 3106 1110 3168 dieat
1138 3115 1246 3167 nostrae
1275 3106 1400 3168 defuisse

128 3207 251 3278 iniuriae,
279 3209 353 3270 etsi
376 3208 453 3269 ntalo
476 3205 573 3287 aliquo
596 3211 759 3272 Germaniae
788 3210 858 3271 lato
876 3210 910 3270 ad
941 3227 1021 3270 arnra
1051 3209 1107 3269 boo
1129 3211 1277 3287 negotium
1299 3226 1401 3288 perve-

128 3311 213 3379 nerit,
235 3327 337 3372 omnes
360 3310 475 3371 rideant
497 3327 584 3390 quarn
606 3329 661 3372 nos
683 3318 783 3373 coacte
806 3330 952 3391 quamque
976 3312 1062 3371 invite
1078 3311 1155 3390 quod
1171 3310 1302 3410 debitum
1318 3309 1402 3412 nubis

129 3413 189 3472 iure
210 3429 265 3472 nun
287 3413 471 3490 potuerimus
488 3413 629 3491 adsequi,
652 3412 730 3475 bello
752 3425 973 3492 persequamur.
1019 3411 1092 3472 Dixi.

158 3546 321 3556 ----——-·-

192 3615 250 3668 ἀι
268 3619 292 3666 1.
313 3621 341 3667 et
359 3621 388 3666 n.
459 3613 480 3648 ¹⁰
498 3631 531 3666 ec
550 3621 578 3666 H.
598 3615 621 3667 dc
639 3620 662 3666 1.
733 3615 894 3670 ¹⁸.Osueri
912 3620 940 3665 11.
1009 3612 1030 3647 ²⁴
1052 3613 1112 3664 Post
1136 3619 1241 3664 vestros
1263 3627 1312 3663 ιιοιι
1335 3615 1402 3662 nulla

85 3773 87 3778 Ι
130 3701 259 3766 adscripsit
271 3704 300 3750 Ε.
320 3717 378 3768 quoe
394 3705 480 3766 tepere
497 3715 546 3752 non
561 3707 645 3766 poluit
663 3704 689 3752 2.
