3464 5526
349 395 371 466 4
493 425 616 462 EVT'l'Elll
635 425 665 460 rtt
683 423 828 460 vontcttvu
846 421 1123 458 WlRTElll‘BBflEllSH
1141 423 1245 458 ortano
1264 423 1283 458 1.
1309 421 1376 458 ΕΠ.
1388 421 1415 456 Δ.
1428 415 1489 456 ibib.

348 581 435 642 minis
457 580 631 648 continebo?
657 586 708 640 aut
731 577 808 658 quod
831 580 959 638 intanta
987 576 1156 638 difficultate
1184 583 1444 655 temperamentum
1473 573 1633 636 inveniam?
1729 569 1730 626 ἶ

348 683 442 762 siquid
469 683 545 742 enim
575 681 719 750 conabor,
748 678 1016 758 supervacuum·id
1045 681 1114 750 erit,
1144 679 1222 759 quod
1251 697 1284 739 ca
1304 684 1363 764 'cst
1390 677 1541 748 atrocitas,
1569 695 1632 754 quae
1729 703 1730 708 ¹

347 783 455 845 nullius
483 801 650 862 quanquam
676 782 858 843 disertissimi
884 782 1009 841 oratoris
1036 779 1199 861 eloquentia
1225 780 1312 857 digne
1339 780 1470 840 enarrari
1495 780 1631 846 sustinet;

350 893 451 945 contra
476 887 500 945 si
522 885 658 955 cessabo,
688 901 782 945 causae
805 883 1008 944 existimationi
1030 881 1161 944 deluere.
1199 881 1322 943 sortasse
1336 873 1478 959 optimum
1496 887 1562 941 erat
1579 899 1632 940 nu·
1729 865 1730 912 ἶ

264 1027 266 1030 -
347 988 414 1047 darn
435 1001 500 1047 rem·
516 988 544 1046 in
566 985 694 1047 medium
716 1003 842 1064 ponere:
864 986 925 1064 ipsa
947 1003 978 1046 se
999 985 1107 1044 rectius
1128 983 1313 1053 ostenderet,
1336 985 1397 1061 ipsa
1418 1001 1469 1044 ros
1489 991 1652 1050 moverets

347 1091 408 1166 ipsa
427 1090 580 1159 excitaret,
602 1090 664 1168 ipsa
684 1087 879 1148 inflammatos
898 1087 1048 1155 redderet,
1068 1087 1139 1154 nisi,
1156 1103 1215 1164 quo
1230 1085 1258 1146 id
1274 1085 1437 1163 parandum
1456 1092 1533 1152 erat,
1550 1083 1633 1144 dolor
1729 1147 1730 1152 η

347 1192 408 1268 ipse
423 1190 493 1251 mihi
513 1190 569 1250 hoc
583 1191 766 1268 propositum
782 1189 993 1256 interverteret,
1012 1189 1061 1268 qui
1078 1206 1146 1249 curn
1165 1177 1309 1248 maximus
1323 1189 1369 1258 sit,
1384 1187 1502 1248 minime
1519 1185 1633 1247 ostendi
1729 1257 1730 1262 γ

346 1291 445 1352 verbis
466 1295 590 1353 sustinet
612 1291 648 1352 ab
671 1291 731 1360 his,
755 1289 862 1369 quibus
885 1291 1009 1350 maxime
1029 1288 1126 1350 adest:
1154 1307 1222 1350 nam
1244 1296 1276 1350 ut
1295 1307 1400 1350 recens
1422 1297 1479 1356 est,
1500 1287 1632 1348 nondum
1729 1275 1730 1282 ἵ

348 1394 575 1454 consolationem
595 1393 725 1461 admisit,
755 1393 873 1469 fixitque
895 1389 1011 1452 radices
1033 1407 1097 1470 quae
1120 1389 1201 1450 auelli
1225 1393 1281 1451 cito
1309 1396 1472 1468 nequeunt,
1499 1397 1528 1451 et
1548 1388 1633 1449 altius
1729 1447 1730 1458 ,

288 1504 334 1553 tt·
348 1497 443 1556 statim
465 1495 571 1556 insedit
591 1514 678 1574 quam
699 1502 731 1555 ut
753 1493 852 1554 leviter
875 1499 1052 1552 amoveatur.
1086 1491 1209 1553 Turbati
1230 1509 1332 1553 sumus
1354 1495 1446 1560 enim,
1466 1499 1499 1552 ut
1519 1490 1632 1551 turbari
1643 1502 1664 1542 ¹⁰

349 1595 550 1657 vehementius
575 1595 652 1656 baud
678 1597 837 1674 possimus,
865 1613 926 1655 non
955 1596 1105 1673 quianon
1131 1597 1161 1654 in
1192 1594 1329 1656 omnibus
1357 1593 1446 1655 rebus
1468 1592 1634 1672 obsequens

348 1697 434 1758 uobis
452 1698 580 1758 Fortuna
604 1703 661 1765 est,
685 1696 735 1756 sed
756 1698 822 1776 quia
845 1695 873 1756 in
895 1681 1009 1772 ntagnis
1030 1703 1059 1756 et
1079 1696 1253 1757 necessariis
1275 1697 1391 1756 inimica
1417 1695 1485 1756 luit:
1513 1711 1633 1772 oppres·
1729 1687 1730 1698 *

349 1817 414 1860 sum
434 1807 482 1859 'est
503 1817 629 1876 namque
649 1800 693 1858 vir
718 1797 855 1858 obortum
877 1800 906 1858 in
929 1804 1028 1857 nostra
1051 1807 1138 1874 gente
1158 1797 1263 1866 decus;
1287 1795 1414 1857 ablatum
1429 1795 1561 1857 mirabile
1579 1797 1634 1856 tir·

347 1901 416 1960 tutis
437 1901 603 1979 specimen,
626 1899 674 1960 ille
694 1901 821 1969 iuuenis,
845 1898 893 1960 ille
916 1900 1080 1962 Germanus
1101 1901 1212 1988 iuvenis
1233 1900 1262 1959 in
1284 1899 1358 1959 ilore
1375 1901 1481 1968 celebs,
1505 1899 1554 1976 qui
1570 1905 1634 1958 tan·

348 2003 395 2062 lus
418 2001 507 2062 dubio
526 2001 629 2080 procul
649 2002 765 2062 loturus
784 2009 862 2070 erat,
882 2008 1023 2081 quantum
1045 2001 1100 2061 bac
1120 2001 1216 2061 indole
1237 2002 1427 2078 promiserat,
1448 2007 1633 2080 quantusque
1645 2012 1668 2051 ¹⁵

288 2117 333 2168 ts.
346 2105 507 2182 perspectis
529 2107 586 2165 iam
609 2105 792 2165 documentis
819 2101 882 2164 lore
910 2102 1093 2181 sperabatur.
1134 2103 1229 2181 Atque
1256 2102 1313 2162 boc
1332 2110 1376 2162 est
1397 2119 1451 2163 cur
1471 2108 1636 2162 commotos

347 2223 398 2264 vos
422 2206 518 2274 video,
542 2219 594 2266 our
617 2209 714 2266 tristes
735 2207 903 2284 conspicor,
931 2211 1030 2281 utpote
1050 2205 1084 2266 ad
1109 2222 1183 2284 quos
1203 2204 1296 2282 aliqua
1318 2223 1352 2265 ex
1376 2211 1460 2282 parte
1481 2202 1567 2264 dolor
1587 2203 1635 2264 ltic
1729 2193 1730 2196 ¹

346 2309 498 2386 pertineat.
519 2307 571 2368 *Et
589 2279 721 2386 ⁸pertinet
738 2325 770 2366 re
793 2308 885 2382 magis
907 2308 984 2387 ipsa,
1006 2324 1092 2384 quam
1116 2305 1269 2366 iactatione
1283 2315 1397 2374 nostra,
1420 2312 1453 2366 ut
1467 2307 1527 2366 iam
1546 2323 1563 2364 a
1584 2323 1634 2364 vo·

345 2407 390 2468 bis
410 2427 467 2468 nee
490 2425 579 2486 prece
601 2427 656 2470 nec
676 2409 776 2488 precio
797 2415 972 2486 extorquere
996 2406 1083 2466 buius
1104 2408 1320 2468 damnationem
1340 2425 1411 2468 cura
1432 2410 1483 2468 sit:
1511 2407 1636 2468 marna-

345 2513 396 2569 stis
417 2513 509 2579 enim:
533 2510 662 2570 ariditum
682 2517 743 2578 est,
766 2517 951 2587 perspectum
975 2516 1030 2576 est,
1061 2509 1244 2577 decrevistis,
1269 2517 1326 2569 stat
1349 2511 1505 2579 sententia,
1531 2512 1560 2570 in
1581 2523 1668 2576 ‚ve-²⁰

345 2613 413 2672 stris
433 2613 537 2671 animis
559 2618 628 2679 est;·
641 2619 730 2670 restat
749 2617 781 2670 ut
801 2610 936 2669 edicatis:
964 2609 1051 2670 buius
1073 2627 1144 2686 ergo
1165 2603 1313 2690 suppliees
1330 2610 1482 2680 adsumus,
1513 2629 1636 2671 oramns

345 2731 380 2772 ac
402 2711 597 2779 obtestamur,
620 2719 745 2772 vestram
768 2713 854 2772 etiam
877 2711 964 2770 iidem
986 2709 1184 2788 implorando,
1214 2720 1255 2777 ut.
1274 2729 1361 2790 quem
1392 2713 1543 2792 indiguum
1567 2714 1633 2780 rita.

249 2823 253 2835 ’
345 2815 464 2891 dignum
484 2831 557 2874 nece
577 2814 737 2877 iudicatis„
754 2831 820 2872 eunt
843 2811 932 2872 verbo
954 2829 1075 2889 quoquc
1095 2813 1262 2873 damnatum
1288 2814 1495 2891 pronuntietis:
1525 2814 1584 2876 boc
1607 2813 1640 2873 et‘

345 2922 449 2974 vestrm
468 2916 641 2991 integritatis
662 2913 828 2992 exemplum
848 2912 1037 2974 memorabile
1058 2914 1178 2982 dabitis,
1205 2922 1235 2976 et
1254 2915 1377 2976 tristitie
1396 2924 1504 2975 nostrae
1527 2932 1636 2976 conso·

346 3014 483 3077 lationem
507 3017 644 3078 adieretis
666 3013 803 3084 solidam:
824 3015 928 3076 deinde
949 3015 1178 3092 patentissimum
1204 3015 1240 3076 ad
1261 3035 1349 3078 omne
1372 3017 1516 3078 scelerum
1532 3033 1669 3096 .genusaa

291 3119 403 3188 §.niter
425 3116 724 3180 obstructis..·Causa
746 3125 789 3178 est
812 3116 898 3178 buius
919 3116 1078 3185 calamitosi
1097 3121 1188 3188 senis,
1211 3119 1318 3180 borunr
1333 3117 1542 3182 miserabilium
1560 3118 1636 3180 lilio·

346 3237 426 3287 rum,
451 3221 688 3283 totius'lluttenre
712 3209 825 3278 lamiliae
847 3218 963 3300 inlanda
985 3219 1128 3280 latrocinii
1150 3221 1255 3280 saevitia
1279 3220 1403 3289 dolatas,
1427 3221 1560 3290 omnium
1583 3221 1636 3281 de-

345 3322 433 3400 nique
453 3323 666 3385 Germanorum
688 3323 833 3399 equiturn,
861 3321 987 3398 quodam
1009 3321 1089 3399 quasi
1111 3321 1237 3381 convitio
1261 3321 1336 3381 banc
1363 3321 1497 3383 emedio
1522 3321 1637 3383 auferri

345 3423 545 3484 detestabilem
567 3425 727 3502 perniciem
751 3420 968 3500 postulantium.
1009 3441 1134 3500 quorum
1164 3425 1295 3484 omnlom
1311 3419 1481 3500 suffragiis,
1513 3425 1633 3503 siquid

307 3531 313 3542 ’
344 3525 495 3600 decretum
518 3526 547 3585 in
570 3527 673 3586 vestris
697 3523 787 3584 rebus
808 3523 944 3600 gerendis
966 3525 1081 3592 luisset,
1104 3526 1203 3602 utique
1224 3531 1306 3602 aptos
1325 3527 1481 3602 putaretis,
1501 3543 1670 3603 quorunrao

344 3629 417 3688 uotis
439 3629 581 3690 sententia
605 3611 797 3687 formaretur?
825 3643 904 3686 nunc
926 3643 985 3685 non
1009 3632 1053 3685 est
1079 3617 1254 3686 decernendi
1274 3623 1359 3685 locus
1380 3626 1479 3694 nobis,
1510 3625 1635 3687 decerni

344 3747 359 3788 a
381 3729 463 3790 vobis
485 3729 610 3806 petimus
633 3739 693 3790 non
712 3727 790 3806 quod
813 3745 920 3788 novum
943 3729 980 3787 sit
1002 3725 1125 3804 aliquid,
1148 3727 1198 3787 scd
1221 3728 1297 3805 quod
1322 3747 1356 3788 ex
1378 3746 1476 3797 more,
1506 3745 1635 3790 consuc-

346 3830 445 3890 tudine
466 3849 502 3889 ac
519 3829 617 3906 legum
640 3836 758 3898 natura,
789 3836 818 3888 et
838 3827 894 3889 tale
919 3829 1037 3888 omnino
1065 3828 1151 3906 quale
1173 3813 1271 3906 ipsum
1296 3831 1356 3899 ius,
1384 3831 1446 3907 ipsa
1473 3829 1637 3908 postulabit

290 3943 334 3992 §.a
347 3933 475 4009 equitas.
516 3931 569 3992 llic
592 3937 637 3992 est
657 3932 744 4008 igitur
766 3929 829 4000 ille,
852 3930 1005 4002 Germani,
1028 3928 1119 3990 orbus
1138 3937 1221 4009 pater
1244 3932 1428 3992 venerandus
1449 3947 1553 4000 senex,
1581 3933 1636 4010 qui

344 4039 388 4091 tot
409 4050 501 4094 anrros
528 4034 601 4092 citra
622 4031 709 4094 ullam
733 4037 815 4111 samoe
839 4038 889 4091 aut
909 4031 1035 4091 nominis
1055 4031 1197 4094 maculant
1215 4033 1243 4090 in
1260 4035 1361 4094 vestris
1379 4030 1472 4094 oculis
1491 4033 1574 4102 obtin
1601 4034 1669 4096 biae

344 4141 413 4193 sunt
433 4135 479 4194 isti
502 4130 683 4195 miserabiles
705 4133 870 4212 interempti
895 4133 1015 4202 fratreas
1042 4133 1157 4212 optimi,
1188 4134 1393 4212 fortissimique
1423 4142 1480 4196 tota
1505 4117 1635 4196 Francia

410 4387 421 4422 ⁴
439 4387 617 4440 aestimationi
629 4393 658 4437 Η.
710 4387 721 4419 ⁶
740 4387 1028 4439 nisi...interverterot
1040 4389 1140 4438 induerit
1152 4393 1186 4451 H,
1206 4388 1254 4438 aed
1263 4389 1460 4440 emendationem
1468 4389 1635 4454 adscriptam

334 4477 428 4538 'tepere
445 4480 551 4525 nescirit
562 4477 587 4526 2.
641 4468 798 4538 ssmaximc]
818 4472 960 4538 plririmum
973 4479 1003 4525 Η.
1046 4471 1129 4523 lcito
1148 4475 1371 4524 criminamini.
1421 4473 1441 4506 ²⁰
1458 4476 1554 4526 atatim
1566 4478 1634 4528 add.

342 4565 372 4609 Π.
385 4561 454 4609 ome.
469 4563 493 4610 1.
546 4556 566 4591 ¹¹
584 4555 670 4623 haud]
690 4558 776 4608 vista.
831 4554 850 4588 ¹⁸
868 4571 953 4628 nonq3
972 4562 995 4608 l.
1049 4555 1069 4588 ¹⁴
1089 4557 1218 4610 Germani
1236 4563 1259 4609 t.
1279 4557 1392 4622 (operar.
1406 4559 1471 4622 err.)
1513 4557 1634 4626 ‘¹‘spe-

342 4641 415 4710 rab]
435 4645 591 4709 putabatur.
610 4649 638 4692 n.
702 4641 723 4674 ¹⁰
740 4641 829 4708 pretio
848 4645 872 4690 2.
929 4641 951 4672 ²³
969 4642 1163 4706 pronunciatis.
1182 4647 1206 4692 2.
1269 4641 1634 4708 ²lrniaorcbilium1inleli-

342 4729 413 4780 cium
425 4733 455 4778 Η.
