3434 5512
179 418 288 454 LEONI!
300 419 327 454 Χ.
341 417 450 452 CONTRA
464 414 616 451 LVTHBRW
631 415 720 450 ut'ntm
733 414 797 450 ΜΤ.
813 409 844 448 ib.
855 413 944 448 tvm.
955 407 1012 447 15111.
1027 413 1051 448 C.
1065 412 1190 448 utuntur
1203 411 1295 446 uouit.
1334 379 1407 452 323

106 577 229 634 mittere
252 573 363 640 debuit,
393 573 520 630 veniret:
555 588 593 630 uc
612 569 793 629 'Salinatoris
815 572 923 645 nostri,
946 570 1126 644 apostolique
1149 568 1239 627 Pauli
1263 571 1408 642 exemplo,

34 701 36 706 ·
106 671 190 737 ¹'iton
214 677 247 734 in
266 677 395 742 occulto,
416 674 471 732 sed
488 675 608 747 polam,
628 677 658 730 et
674 674 704 730 in
717 671 802 744 socie
816 674 995 744 loqueretur.
1030 669 1161 740 Quodsi
1176 669 1309 743 fecisset,
1333 674 1342 700 ⁶
1351 685 1409 744 pro

105 754 208 836 certa*
221 772 272 853 (ut
291 776 490 844 arbitramur)
522 775 567 833 ud
586 789 639 836 cor
665 789 801 832 reuersus
823 789 942 833 errores
969 788 1037 832 suos
1063 775 1260 846 conuenisset:
1282 767 1356 829 dnec
1378 771 1408 828 in

106 877 256 937 mano
283 880 384 952 curia,
419 891 509 950 quum
536 882 690 949 tantopere
712 879 797 934 oanis
818 877 1022 934 malivolorum
1040 873 1222 943 nomnibus,
1250 876 1409 948 plusquam

87 982 249 1054 soporarit
275 977 431 1038 tribuendo
446 980 617 1051 ntupum,
651 983 691 1034 tot
718 978 879 1051 reperisset
903 981 1026 1035 errata.-
1054 975 1310 1050 docuissemusque
1335 991 1411 1042 eum,

104 1083 178 1144 luce
200 1083 330 1149 clarius,
352 1085 469 1140 sanctos
482 1078 632 1138 Rmmnos
646 1077 815 1151 Pontifices,
832 1079 1071 1153 prodecessores
1092 1082 1217 1149 nostros,
1240 1093 1312 1152 quos
1323 1093 1413 1152 proe-

106 1189 155 1242 ter
174 1198 298 1242 omnem
318 1183 490 1242 modestiam
519 1181 662 1240 iniuriose
690 1183 806 1239 laceras
834 1182 864 1238 in
893 1182 954 1238 suis
982 1179 1159 1252 canonibus,
1186 1196 1253 1239 seu·
1266 1181 1411 1240 eonstitu-

105 1285 256 1356 tionibus,
277 1301 353 1359 puas
371 1285 509 1344 mordere
529 1284 650 1360 vnititur,
672 1287 842 1356 ‘nunquam
857 1297 987 1340 errasse.
1033 1281 1109 1351 Ouia
1123 1283 1210 1340 iuxta
1224 1282 1412 1357 lropbetnm,

105 1403 167 1446 nec
191 1388 224 1444 in
250 1385 392 1446 Gatabod
410 1387 525 1456 resina,
547 1400 602 1443 nee
619 1384 751 1444 medians
771 1384 860 1442 deest.
897 1382 960 1442 Sed
975 1383 1126 1443 obaudibit
1137 1399 1270 1459 semper:
1287 1390 1316 1443 et
1325 1401 1413 1458 prce-

74 1487 200 1548 odiam
222 1490 375 1560 citatione,
398 1487 587 1560 manibusque
607 1492 637 1546 et
656 1487 783 1558 simpulis
802 1485 986 1561 supradictis
1006 1487 1125 1560 spretis,
1147 1481 1261 1545 ‘neuim
1281 1493 1413 1546 rontem-

100 1592 187 1664 psit,
217 1605 257 1648 ac
283 1605 375 1663 usque
398 1591 433 1647 in
446 1582 628 1663 praesentem
649 1589 726 1647 diem
746 1595 924 1646 canaonas:
953 1593 1041 1661 utque
1059 1589 1160 1646 animo
1180 1587 1321 1648 indurata
1341 1605 1414 1647 cen-

105 1706 205 1750 suras
228 1691 310 1749 ultra
328 1705 440 1750 annum
462 1690 615 1750 sustinuit:
632 1696 661 1749 ct
680 1689 761 1762 ansol
782 1689 912 1749 deterius
931 1697 988 1762 est,
1011 1689 1128 1748 addens
1150 1691 1232 1748 mula
1253 1693 1355 1760 malis,
1378 1691 1416 1748 de

105 1793 258 1852 citatione
282 1771 451 1852 buiusmodi
476 1793 615 1851 noticiam
640 1791 767 1863 babens,
797 1793 846 1849 ‘in
879 1789 977 1849 uorem
1011 1793 1180 1850 temerariae
1206 1793 1416 1867 appellationis

102 1896 258 1969 prorupit
284 1895 328 1953 ad
350 1893 490 1966 futurum
514 1895 691 1965 Concilium,
719 1879 843 1952 'contra
867 1895 1098 1954 constitutionem
1126 1896 1189 1954 utun
1208 1895 1259 1954 Pii
1284 1894 1415 1964 secundi,

74 2005 150 2055 'tac
175 1991 272 2054 ”Iulii
286 1997 425 2066 secandi,
451 1998 708 2071 predecessorum
730 2003 915 2054 nostrorum:
943 2011 1003 2068 qnia
1029 2004 1164 2068 cantetur,
1191 1999 1289 2056 taliter
1309 1997 1417 2070 appel-

105 2100 211 2156 lantes
233 2097 456 2178 ‘baereticorum
475 2085 569 2173 prena
586 2099 768 2174 plectendos,
792 2095 932 2170 (Frustra
946 2099 1035 2156 etiam
1052 2098 1177 2158 Consilii
1192 2099 1339 2157 auritium
1358 2100 1415 2156 im-
1504 2135 1510 2143 -

107 2353 227 2428 tectam
252 2366 421 2428 charitatem
445 2366 534 2428 lrabet
556 2367 626 2428 Leo.
664 2365 735 2437 Quis
758 2365 846 2446 paulo
861 2374 929 2428 ante
946 2365 1177 2429 credebathoci
1241 2366 1300 2428 'Ab
1317 2386 1415 2428 exem·

106 2469 176 2550 plo.
246 2465 309 2529 ”An
331 2469 360 2529 in
383 2468 500 2529 occulto
522 2468 640 2529 locutus
662 2475 722 2537 est,
745 2471 795 2548 qni
819 2476 908 2530 totam
932 2487 1008 2550 pene
1031 2469 1180 2547 Europam
1201 2470 1417 2546 praedicationis

105 2589 178 2632 suoe
202 2569 304 2630 auditu
324 2569 474 2649 implevit?
539 2570 619 2630 “Hoc
642 2567 760 2649 quidem
784 2571 947 2640 credimus,
971 2569 1062 2630 semel
1085 2569 1138 2630 abs
1161 2577 1188 2630 te
1211 2577 1366 2648 acceptum
1382 2570 1416 2630 ii·

71 2671 181 2733 mlum
206 2689 360 2748 nunquam
383 2671 473 2732 tuisse
496 2678 595 2750 postea
619 2672 777 2750 quicquam
799 2671 976 2734 locuturum.
1052 2670 1157 2734 ‘Tunc
1185 2690 1274 2751 coges
1303 2675 1418 2733 nescire

106 2773 257 2836 homines
279 2790 343 2852 qnae
364 2771 463 2834 vident
477 2779 616 2852 ¹lp'raeque⁵
631 2774 744 2834 scinnti
767 2774 843 2846 Quid
866 2774 983 2835 mntem
1008 2790 1070 2834 non
1083 2775 1227 2852 permittis
1241 2773 1312 2834 tibii
1335 2773 1440 2834 ittam-

105 2875 255 2936 omntnm
277 2872 421 2935 malorum
444 2876 606 2942 sentinam,
638 2872 709 2934 illud
742 2877 874 2937 omnium
904 2878 1099 2954 pessumarum
1124 2876 1273 2943 ¹scelernm
1296 2875 1417 2936 domici·

107 2977 208 3042 lium,
243 2976 338 3036 omnis
371 2974 446 3042 tants
472 2977 626 3055 omnisque
660 2976 827 3036 ioedissimm
854 2977 1046 3056 turpitudinis
1073 2977 1311 3058 receptaculum,
1335 2978 1417 3038 tttut

106 3077 248 3160 publicas
271 3079 333 3138 ritae
356 3080 537 3157 contagium,
561 3095 747 3138 communem
770 3078 974 3156 pestilentiam,
998 3078 1104 3140 urbem
1120 3075 1242 3141 Romam
1257 3081 1420 3159 persimile*
1484 3075 1492 3089 ’

69 3182 161 3243 abis
187 3178 275 3239 nobis
298 3197 356 3239 non
379 3197 443 3241 esse
465 3179 572 3248 talem?
637 3178 731 3240 ‘Nihil
747 3198 784 3240 ne
800 3188 827 3242 te
850 3181 949 3260 pudet,
973 3179 1126 3244 Pontifex?
1148 3182 1191 3242 Ad
1208 3181 1319 3242 nullum
1335 3197 1417 3242 men-

107 3281 240 3344 dacium
263 3280 392 3342 irontem
413 3281 528 3342 mutas?
552 3279 610 3340 Sed
633 3279 706 3340 nihil
729 3280 836 3342 borum
859 3283 1022 3351 scriberes,
1046 3284 1100 3342 uisi
1124 3290 1152 3342 te
1174 3282 1213 3343 ab
1229 3285 1310 3342 omni
1325 3283 1417 3342 hone-

105 3391 193 3448 state
216 3399 352 3442 aversum
375 3382 506 3444 traheret
521 3383 653 3459 pecuniae
668 3382 805 3444 studium.
873 3381 957 3457 'Quis
972 3385 1102 3464 ignorat,
1126 3401 1180 3444 cur
1196 3363 1350 3463 tantopere
1366 3401 1418 3442 en·

107 3487 182 3567 pias
199 3483 302 3544 Romae
324 3483 424 3544 villere
439 3483 617 3544 Luttserum‘i
682 3485 761 3545 'ttae
783 3484 853 3545 iliud
877 3486 994 3546 tandem
1018 3492 1062 3546 est
1085 3484 1180 3554 netas,
1205 3487 1285 3544 ntnni
1306 3483 1419 3545 scelere

105 3585 301 3653 sceleratius,
325 3583 475 3664 appellare
497 3585 532 3646 nd
556 3583 689 3646 initorum
705 3585 876 3646 Concilium.
943 3588 1086 3665 'lmpiam
1108 3586 1226 3648 scelesti
1247 3587 1418 3664 impostoris

69 3686 363 3752 mconstitutionem
386 3685 471 3747 nobis
494 3685 606 3747 obiicis.
651 3686 722 3757 Quis
737 3689 870 3766 accipiet,
895 3703 998 3750 eornm
1013 3690 1187 3767 prasertim,
1212 3690 1333 3766 quitum
1349 3705 1419 3746 ocu·

107 3793 161 3854 los
187 3788 391 3867 receperunt?
412 3787 437 3847 0
460 3786 594 3848 trauaem
617 3795 706 3867 atque
729 3783 906 3851 violentiam!
982 3788 1142 3851 hSanctum
1165 3791 1314 3851 bominem
1338 3807 1419 3848 com·
1450 3773 1459 3790 ’

89 3908 281 3956 memoras.
346 3889 425 3950 ‘an
446 3890 564 3951 tandem
587 3897 632 3950 est
653 3892 698 3950 ins
720 3867 815 3952 et'ias
837 3892 1080 3960 emanantem,
1104 3899 1133 3952 et
1153 3889 1278 3970 implere
1300 3890 1418 3950 dantum

105 3993 234 4058 domini
257 3991 303 4052 dei
326 3991 479 4070 iniquitate
501 3998 531 4051 et
553 3989 629 4052 dolo.
675 3991 760 4063 Quod
783 3991 836 4052 abs
858 3999 887 4053 te
910 4009 1025 4071 quaro:
1054 3992 1211 4082 creditisne
1234 3998 1324 4060 esse,
1343 3992 1419 4052 Pon·

107 4098 232 4162 titicus,
264 4091 345 4154 illum
368 4109 498 4170 superne
521 4092 662 4161 indicem,
693 4095 743 4170 qui
765 4091 922 4171 aliqnando
943 4093 1021 4154 hanc
1042 4111 1059 4152 a
1082 4095 1329 4156 venerationem
1353 4111 1421 4153 exa·

68 4209 224 4263 recturus
248 4193 301 4254 siti
330 4193 467 4253 Profecto
490 4211 548 4252 non
572 4194 706 4254 creditist
727 4211 824 4272 nequo
848 4195 924 4254 enim
948 4196 972 4254 si
995 4195 1083 4270 deum
1106 4215 1171 4256 esse
1192 4195 1349 4274 putaretis,
1379 4196 1421 4254 sic

65 4329 68 4336 ’
106 4295 307 4362 confidenter
330 4295 427 4356 omnia
458 4299 674 4372 perverteretis.
719 4295 780 4356 lam
810 4295 898 4371 igitur
920 4297 1029 4372 aptium
1054 4297 1232 4358 conscientia
1254 4295 1422 4357 recedimus

106 4447 326 4464 W

185 4551 194 4584 ¹
216 4550 256 4600 cf.
269 4547 368 4599 matth.
382 4547 474 4598 ΧΗ.
485 4554 533 4597 etc.
581 4545 672 4612 Pnnli]
689 4547 725 4597 ci.
739 4547 1016 4612 Act.np.XXV1.etc.
1058 4544 1186 4614 ⁸pr0ph.]
1200 4549 1297 4598 loram.
1312 4547 1419 4598 vnto.

108 4639 131 4674 ¹⁵
149 4637 201 4690 Pii
222 4635 259 4685 11.
274 4648 307 4683 nc
327 4631 392 4682 Iulii
405 4628 454 4698 tt]
476 4633 513 4682 ci.
527 4637 584 4683 not.
603 4632 638 4682 ed
650 4631 761 4683 Vndisc.
774 4633 814 4694 53.
832 4629 887 4680 tta.
903 4629 959 4682 190.
1012 4628 1034 4664 ⁸¹
1052 4631 1172 4696 Sophon.
1186 4633 1209 4682 Ι.
1222 4630 1247 4681 11.
1267 4631 1304 4680 ci.
1317 4629 1419 4680 Psalm.

104 4720 229 4776 XXXV.
242 4719 268 4768 ⁴.
282 4717 317 4767 X.
330 4717 354 4765 'l.
374 4716 571 4770 Ecclesiastici
583 4717 604 4768 1.
618 4713 659 4766 40.

1046 4755 1048 4760 ⁵
1129 4798 1194 4856 nt·
