3434 5512
219 412 356 450 ΜΟΙΔΙΜ
370 411 547 448 ΙΛΙΤΙΟΗΜ
558 409 593 447 ott
607 409 753 447 GGRVENTV
767 409 937 448 ΑΥῠῪθΤΙΙΙῐ
949 407 1125 446 ΜΙῦΙῐΡτῙΟ.
1140 407 1165 444 Δ.
1179 379 1238 444 ldlss.
1295 377 1369 450 279

92 576 162 632 locos
184 574 356 632 coniecerant
378 587 552 632 commanos.
576 575 615 626 ut
644 569 773 644 utrinque
800 567 904 626 scilicet
932 567 1088 644 disputandi
1114 576 1226 626 nmtcrm
1249 567 1371 642 alteretur)

92 660 177 734 legati
198 659 383 732 oratoresque
405 658 478 713 intra
500 655 571 714 aedes
599 654 815 712 reverendissimi
844 653 938 728 Legati
968 653 1052 712 sancti
1081 653 1147 711 Sinti
1176 662 1369 716 convenerunt.

93 753 129 808 et,
151 752 181 800 nt
202 743 311 800 concise
333 759 391 798 rem
412 739 609 815 perstringam.
632 737 687 796 tale
710 739 843 796 redditum
866 747 962 813 postea
984 755 1147 814 responsum
1161 748 1218 802 est.
1241 739 1320 814 quale
1343 747 1372 795 et

92 829 285 887 illustrissimos
313 825 453 902 Principes
482 825 608 889 decebat,
637 833 666 881 et
693 825 782 884 Gaeser
807 823 957 900 legatique
982 841 1014 882 ac
1042 823 1170 882 Oratores
1198 841 1371 898 summopere

67 914 224 989 raptabant
261 927 450 985 necunquam
473 910 538 968 milri
561 909 656 974 aliter,
679 917 761 984 atque
783 908 882 966 lactura
905 917 963 974 est,
985 910 1122 984 persensi:
1146 909 1207 984 quis
1229 910 1298 968 enim
1315 918 1368 965 tam

92 999 190 1056 lebetis
212 997 313 1072 ingenii
336 1004 425 1058 esset.
456 1005 486 1052 ut
508 1011 572 1059 eos,
600 995 628 1050 in
656 996 771 1070 qnorum
794 993 935 1068 prudentis
959 1013 988 1052 aa
1011 995 1170 1052 fortitudine
1197 993 1371 1070 potissimum

91 1085 170 1158 gloria
192 1092 221 1140 et
243 1083 355 1140 libertas
378 1081 520 1138 Christiani
542 1080 660 1137 nominis
689 1081 778 1155 posita
806 1089 861 1142 est.
890 1097 904 1136 a
935 1080 1065 1137 maiorum
1093 1097 1206 1142 suorum
1234 1077 1367 1136 institutis
1425 1121 1427 1124 .
1488 1076 1489 1079 ’

93 1177 193 1243 'tutaret
220 1167 453 1242 degeneraturos?
484 1165 541 1240 Ego
569 1173 659 1226 autem
687 1165 740 1221 hoc
766 1165 799 1220 de
827 1164 998 1239 Principibus
1025 1165 1128 1220 nostris
1157 1181 1263 1239 semper
1285 1163 1436 1226 sensilem

93 1254 151 1310 rilril
173 1270 292 1327 unquam
323 1253 396 1314 lore,
425 1252 497 1325 quod
526 1250 559 1308 ad
586 1250 757 1306 commodum
785 1258 813 1306 et
839 1248 955 1323 gloriam
984 1249 1197 1307 Christianorum
1225 1250 1369 1324 pertineat,

68 1339 153 1412 oquin
174 1337 258 1394 solita
278 1354 344 1411 erga
366 1337 432 1394 deos
453 1335 555 1411 pietate
577 1335 719 1410 patriaque
745 1333 905 1392 lentitudine
932 1335 986 1392 sint
1013 1336 1178 1409 aggressuri.
1222 1335 1294 1409 quud
1323 1347 1370 1391 au·

93 1432 138 1480 tem
164 1423 302 1479 tarditatis
324 1429 488 1496 arguantur,
515 1420 548 1478 ab
570 1421 604 1476 iis
626 1420 657 1475 tlt
678 1421 725 1494 qui
747 1419 856 1475 nourrisi
877 1429 938 1478 ante
961 1419 1081 1477 loculum
1109 1420 1250 1477 levissimis
1273 1421 1300 1476 in
1323 1436 1370 1476 ne·

93 1507 170 1580 gooiis
190 1514 347 1570 versantur,
371 1524 431 1564 rum
453 1505 521 1562 nihil
543 1514 618 1562 certe
640 1505 753 1562 saluum
775 1503 867 1578 perfici
891 1505 993 1579 possit.
1023 1505 1074 1562 nisi
1096 1507 1172 1579 prius
1194 1513 1329 1562 maturum
1352 1523 1368 1563 a

94 1593 163 1650 nobis
183 1592 328 1649 consilium
350 1591 517 1648 adhibeatur.
554 1590 647 1664 ltaque
674 1608 735 1646 cum
757 1590 789 1646 ud
811 1591 910 1646 exitum
933 1599 1082 1647 conventus
1104 1591 1241 1654 tenderet,
1263 1591 1436 1657 Primi-ast.

94 1695 134 1751 pes
156 1678 206 1734 iam
229 1685 261 1734 ut
281 1676 452 1734 discederent
473 1676 613 1748 cogitare,
629 1692 743 1748 rogaro
764 1674 909 1737 Caesarem.
938 1683 969 1732 ut
997 1676 1194 1750 quamprimum
1224 1677 1298 1733 abire
1328 1677 1367 1732 eis

68 1761 192 1829 reticeret,
216 1760 354 1818 relicturis
377 1767 465 1820 tamen
489 1761 535 1834 qui
557 1760 628 1816 tices
650 1760 795 1833 cuiusque,
818 1761 841 1815 si
865 1760 928 1834 qnid
951 1760 982 1818 ad
1005 1778 1063 1817 rem
1084 1760 1252 1818 conducibile
1267 1761 1369 1816 videre·

94 1856 144 1908 tur.
166 1853 302 1920 gererent
339 1854 368 1901 et
390 1846 517 1920 quoniam
540 1845 657 1900 instituti
681 1845 769 1900 nostri
792 1863 853 1901 esse
874 1845 983 1902 minimo
1007 1847 1161 1902 censuimus
1183 1863 1240 1902 rem
1269 1863 1301 1902 eo
1323 1861 1369 1902 us·

94 1949 139 2004 qne
159 1932 290 2006 prosequi
313 1930 470 1993 scribendo,
494 1938 524 1986 ut
545 1930 586 1986 vel
609 1929 743 1986 levissima
765 1928 806 1986 vel
829 1931 1045 1987 reconditissima
1066 1947 1179 2006 qumque
1195 1939 1370 1992 sectaremur,

94 2016 213 2074 lectorem
236 2017 453 2072 comunelactum
475 2014 615 2078 volumus.
638 2031 688 2070 nos
710 2015 783 2071 lmnc
804 2015 903 2070 idcirco
926 2014 1045 2072 lahorem
1074 2033 1234 2090 aggressos,
1261 2023 1293 2071 ut
1321 2012 1370 2072 ali·

95 2119 138 2174 qua
159 2117 191 2158 en
213 2108 294 2174 parte
315 2101 522 2174 prodessemus,
544 2099 703 2158 lederemns
724 2107 813 2157 autem
836 2101 978 2157 neniinem.
1011 2115 1070 2158 nem
1093 2101 1155 2156 dum
1176 2100 1250 2174 tulgi
1266 2099 1440 2174 opinio-§.so

68 2193 147 2242 ttuem
168 2186 325 2260 sequimur.
354 2185 444 2260 aliqua
466 2185 584 2242 tortasse
606 2184 678 2241 lectu
702 2185 778 2241 utilia
801 2185 834 2240 iis
858 2185 952 2258 quiin
976 2185 1087 2242 summis
1110 2186 1227 2242 lortunae
1253 2183 1371 2258 fastigiis

96 2271 170 2343 positi
192 2279 273 2334 sunt.
296 2277 441 2327 occurrent
461 2269 502 2325 rel
526 2269 709 2344 amplectenda
733 2269 772 2326 vel
796 2269 956 2336 reiicienda;
985 2269 1036 2328 etsi
1065 2289 1122 2350 nos·
1143 2268 1227 2330 multa
1253 2285 1309 2325 non
1333 2269 1373 2324 in·

95 2356 134 2410 riti
156 2353 369 2428 praeterivimus,
399 2354 617 2429 quandoquidem
640 2353 765 2411 nonmrlli
788 2356 934 2428 quapiam,
965 2363 1046 2428 atque
1069 2353 1203 2412 llottenus
1225 2368 1302 2411 meus
1324 2354 1374 2408 im·

96 2441 194 2512 primis,
218 2448 247 2495 et
269 2457 378 2498 munera
402 2440 626 2498 reverendissimo
646 2439 778 2495 Carrrlinali
794 2439 952 2516 llagrrntino
975 2440 1050 2502 data.
1074 2447 1099 2495 et
1116 2441 1187 2495 hrrnc
1201 2447 1373 2500 cunrontum,

96 2525 270 2582 Romanorum
292 2525 390 2598 Regem
413 2525 609 2599 parturientem
632 2524 822 2597 descripserit,
850 2525 936 2580 lausta
965 2524 1094 2597 lmlixque
1118 2525 1230 2585 latura,
1258 2541 1319 2596 quse
1342 2539 1374 2578 en

68 2615 167 2683 ²⁵equo
189 2610 298 2684 imperii
322 2609 379 2666 iure
403 2610 549 2666 lortuuatis
572 2608 748 2666 sacratissimi
770 2609 810 2663 avi
838 2609 966 2684 urrspiciis
994 2609 1069 2665 orbis
1097 2617 1230 2666 terrarum
1257 2607 1375 2664 habenas

95 2694 280 2750 moderabitur.
323 2695 362 2752 llii
385 2703 412 2750 et
434 2695 493 2751 hac
515 2688 852 2770 rerum-amplissimarum
876 2694 965 2757 initia,
988 2702 1018 2748 ut
1035 2711 1128 2750 omnes
1145 2695 1282 2768 cupimus,
1306 2691 1377 2749 leeli-

94 2779 184 2842 ritent‚
212 2787 240 2836 et
265 2778 385 2836 loturum
408 2777 488 2836 nohis
510 2779 609 2852 Regem
631 2795 692 2835 crim
715 2795 776 2834 rere
799 2778 844 2834 illa
866 2778 1061 2852 Imperatorum
1084 2779 1276 2836 acclamatione
1299 2777 1378 2834 ‘imii-

96 2863 330 2937 cioremdugusto
347 2865 462 2924 'lraiano
478 2864 627 2928 meliorem,
643 2863 822 2920 llaximiliano
838 2863 1040 2938 prudentiorem
1057 2863 1254 2938 fortioremque
1269 2861 1378 2919 laxintl'

688 2963 785 3006 ninia.

139 3077 149 3111 ⁸
166 3077 233 3148 tele]
251 3081 329 3132 Castra
348 3087 374 3131 et
391 3081 503 3144 ambigue
520 3081 639 3146 loquitur.
658 3095 805 3145 responsam
821 3082 877 3146 ipse
893 3085 1026 3146 repetitam
1045 3085 1086 3132 est
1103 3096 1187 3147 suprs
1203 3098 1229 3148 p.
1245 3079 1302 3132 184.
1319 3095 1378 3146 sqq.

97 3165 192 3218 rmitttttt
208 3169 235 3217 2.
289 3163 401 3230 ⁰rllrttt.
420 3169 444 3216 2.
499 3163 519 3198 ¹⁰
543 3181 608 3230 ergo
626 3168 682 3219 1.2.
736 3163 753 3198 ¹¹
779 3165 910 3218 tractactio
928 3168 952 3215 2.
1006 3163 1026 3198 ¹²
1045 3165 1271 3216 recondidiseima
1289 3165 1379 3214 1.2.4.

97 3247 261 3301 ¹⁵common.
281 3251 307 3302 3.
360 3247 379 3282 ¹⁰
397 3249 552 3300 lederomue
564 3252 619 3302 1.2.
665 3246 1122 3315 emens]cf.vol.1.p.224.§.r.
1157 3247 1179 3281 ¹⁴
1198 3246 1380 3312 Rom.R.]De

98 3331 225 3386 electione
238 3333 334 3384 Caroli
345 3333 377 3384 V.
392 3333 468 3384 dicit.
519 3329 663 3400 descripta]
684 3331 828 3388 Cf.vol.1.
842 3352 868 3400 p.
885 3333 939 3386 184.
951 3350 1023 3384 uum.
1030 3335 1165 3386 LXXXV.
1205 3331 1228 3364 ¹⁷
1245 3347 1271 3388 at
1288 3335 1381 3385 tlemu-

28 3461 29 3466 ,
99 3419 165 3470 tiana.
178 3423 203 3469 2.
258 3419 371 3485 Eutrop.
385 3417 461 3469 VIII.
475 3419 499 3468 5.
520 3419 627 3482 „Huius
644 3415 661 3484 l
665 3415 784 3484 Traiani]
801 3423 907 3468 tuntum
925 3417 1063 3470 memorias
1081 3417 1202 3468 deletum
1220 3423 1271 3480 est,
1290 3423 1321 3466 ut
1339 3429 1381 3467 us-

101 3518 144 3568 que
167 3503 200 3554 sd
223 3509 347 3554 nostram
371 3509 482 3554 aetatem
505 3519 559 3553 uon
581 3502 664 3552 alitor
688 3503 716 3552 in
740 3509 838 3552 senatu
856 3503 1027 3568 principibus
1047 3499 1216 3554 acclametur
1233 3501 1287 3550 nisi
1305 3514 1382 3549 rsur-

102 3603 159 3637 cros
176 3604 313 3652 nrovsro,
333 3604 439 3639 anoton
458 3601 589 3638 anniano.
625 3587 701 3637 Adeo
720 3589 749 3636 in
768 3603 801 3637 eo
820 3584 908 3652 glorie
925 3587 1060 3636 bonitatis
1078 3585 1205 3652 optinuit,
1224 3591 1254 3634 ut
1272 3583 1316 3635 vel
1336 3584 1382 3634 sd·

103 3673 269 3724 reumatibus
287 3671 331 3724 rel
350 3687 415 3724 vero
433 3671 609 3722 laudantibus
627 3673 802 3724 occasionem
820 3671 1087 3736 magnificentissimi
1104 3675 1219 3737 praestet
1238 3667 1384 3733 exempli.”

164 3878 221 3930 Noa
239 3893 310 3944 repre
326 3877 386 3940 sero
404 3892 465 3928 casu
482 3879 561 3928 locros
576 3877 673 3942 factm
690 3893 747 3929 erse
764 3877 797 3926 ad
814 3879 903 3942 operte
919 3877 1037 3941 sequenti
1051 3877 1187 3940 particular
1203 3875 1328 3926 orationis
1342 3873 1385 3935 sa·

104 3959 181 4012 uedra‘a
198 3965 223 4012 ia
241 3963 399 4028 emenone
417 3961 590 4014 Maadmilt'ura'
606 3963 671 4028 Imp.
690 3965 716 4014 ia
733 3961 829 4026 oppido
853 3962 924 4012 Welr
941 3959 1035 4012 dubitur
1052 3961 1078 4010 d.
1094 3959 1133 4010 ld.
1148 3956 1385 4010 tessellatam.

106 4061 121 4094 a
135 4046 173 4096 lo.
185 4047 271 4098 Fodro
285 4046 481 4098 Leutlrlrcdeasi
492 4047 586 4105 Saevo,
610 4053 731 4111 episcopo
749 4046 945 4097 Viadodoaeast‘.
975 4045 1048 4105 (ner.
1063 4045 1171 4096 German
1184 4045 1257 4096 Serr-
1275 4059 1311 4094 ea
1328 4041 1386 4094 titt.

106 4129 204 4182 Freder.
217 4147 272 4184 cur.
285 4131 396 4182 Structo.
415 4132 555 4196 Argentor.
571 4131 644 4180 1717.
660 4131 707 4192 sot.
726 4137 784 4180 tom.
796 4135 828 4178 11.
840 4147 867 4194 p.
878 4127 936 4182 739.
947 4131 1000 4196 sq.)
1289 4174 1292 4188 ,

167 4215 261 4268 Oratm
277 4224 411 4284 postquam
430 4216 557 4294 Caesarem
579 4219 696 4266 materno
718 4221 821 4266 mortem
843 4230 901 4278 pror
923 4217 1003 4266 ocula
1023 4213 1139 4266 dodralme
1156 4213 1388 4278 sorcoplrupmaque

107 4313 168 4349 ewra
184 4318 232 4364 per
249 4303 347 4354 aalma
364 4305 472 4368 putaque
491 4317 571 4351 aaaos
590 4299 766 4351 ‘secretissime
784 4301 855 4362 apud
870 4314 913 4360 ae,
932 4299 1069 4364 udicunqm
1086 4301 1197 4350 locorum
1214 4303 1293 4360 esset,
1313 4300 1388 4350 etima
1439 4301 1443 4308 “

108 4383 158 4434 droa
174 4385 344 4438 Mediolanum
366 4393 457 4438 eontra
480 4386 567 4440 Gallos
586 4386 809 4450 proficisceremur,
837 4401 910 4450 quam
933 4385 1121 4448 diligentissime
1148 4385 1253 4450 staputts
1275 4381 1389 4434 uocatos

109 4481 200 4532 seraper
217 4486 381 4522 consenuere
398 4487 429 4522 ac
445 4471 540 4536 reponi
554 4471 666 4520 dasim'
683 4469 767 4518 cerdis
783 4471 837 4518 aeas
858 4469 990 4520 laudasset
1011 4483 1043 4518 aa
1064 4482 1116 4519 eure
1133 4468 1258 4518 Sotadiao
1277 4468 1392 4532 seraper

111 4549 236 4620 Syriaque
254 4569 315 4619 repe
333 4561 511 4620 conpararet,
530 4557 567 4605 ita
584 4557 682 4620 pergit:
762 4617 765 4625 Ι

188 4642 225 4699 trit
247 4643 326 4706 boui,
350 4651 450 4718 quanta
472 4644 616 4718 patientia.
640 4651 743 4716 quanto
766 4641 874 4704 ordine.
898 4659 978 4717 quam
1001 4642 1111 4716 provide
1133 4647 1259 4698 mortuus
1279 4646 1321 4695 est
1336 4637 1390 4697 θω-

115 4741 163 4780 sar.
197 4727 376 4803 Posteaquam
400 4728 470 4784 enim
493 4729 520 4784 in
543 4745 613 4786 anno
636 4726 733 4785 salutis
761 4727 921 4783 ll.ll.llVlll.
949 4727 1021 4784 circa
1043 4727 1148 4782 initium
1171 4725 1234 4782 anni
1257 4723 1391 4798 insignem
