3406 5526
589 1375 842 1428 FRAGMENTVM

480 1481 655 1540 unanimus
676 1481 944 1541 exnonraronun

399 1600 448 1650 AD
466 1598 617 1650 BELLVM
634 1597 764 1650 TVROIS
783 1597 1026 1648 INPERENDVM

339 1700 395 1763 an
431 1698 770 1762 naxruunanvu
794 1681 818 1758 i.
856 1697 1085 1761 cnsannn.

61 1851 71 1886 l
550 1837 692 1880 montano
715 1836 875 1880 Avcronn.

153 1993 307 2052 lurcarum
328 2010 395 2068 gens
418 2001 480 2050 autc
502 2001 588 2068 pauca
611 1991 701 2050 seculo
724 1992 791 2050 adeo
814 1991 929 2050 obscura
952 1991 1020 2056 luit.
1044 2000 1075 2072 ut
1097 1993 1148 2068 ipsi
1173 1994 1253 2050 etiam
1268 1991 1417 2050 nullastt.

78 2097 199 2136 aceres
221 2088 314 2168 pestes
343 2079 482 2139 memoriae
511 2079 606 2152 dignas
636 2085 698 2135 unte
721 2079 916 2141 tltlrmnnnum,
947 2079 993 2152 qni
1022 2079 1125 2154 primus
1154 2079 1224 2134 lranc
1251 2087 1359 2152 gentem

78 2163 227 2228 illustrarit.
251 2179 363 2222 narrare
385 2165 501 2238 possint.
544 2163 577 2219 lit
598 2161 662 2220 licet
689 2163 722 2220 dc
751 2163 856 2237 origine
887 2163 946 2220 eius
976 2163 1047 2238 apud
1077 2164 1207 2220 authores
1230 2157 1360 2243 1353*

78 2267 163 2323 parum
184 2259 306 2312 constet.
329 2265 388 2306 eam
412 2257 499 2306 tamen
522 2247 674 2324 Scythicam
697 2266 756 2306 esse
779 2258 807 2304 ct
835 2265 924 2304 mores
946 2257 974 2304 ct
996 2248 1089 2322 lingua
1118 2248 1189 2306 lraud
1212 2247 1292 2305 dubie
1315 2249 1360 2306 dc-

53 2343 231 2392 ccmonstrant.
275 2333 380 2391 Plinius
402 2350 524 2408 quoque,
547 2333 724 2408 gravissimus
746 2342 843 2396 notro,
872 2333 899 2390 in
921 2334 984 2390 Asia
1006 2335 1077 2390 circa
1098 2333 1248 2391 llreotidcm
1271 2333 1360 2392 lacum

78 2419 168 2477 loreas
189 2437 278 2496 usque
301 2418 462 2477 solitudines
484 2419 590 2475 saxosis
610 2417 776 2476 convallibus
810 2435 920 2494 asperus
949 2417 1071 2476 accolere
1100 2419 1228 2494 prodidit.
1272 2419 1359 2494 lupri-

80 2505 125 2561 mis
147 2505 239 2578 itaque
262 2505 353 2579 inopia
376 2521 466 2563 rernm
488 2504 577 2560 coacti
599 2503 701 2562 vicinas
723 2503 848 2560 nationes
870 2503 1021 2562 latrociniis
1044 2505 1137 2578 potius
1166 2520 1245 2577 quam
1268 2503 1360 2580 legiti-

77 2591 121 2646 mis
142 2589 243 2666 praeliis
267 2589 449 2654 iulestarunt;
472 2607 534 2646 mox
556 2597 695 2646 crescente
717 2589 829 2646 audacia
849 2589 916 2646 duee
939 2589 1106 2653 Ottrmanno,
1130 2590 1187 2644 viro
1211 2587 1361 2646 bellicosis·

76 2677 136 2732 simo
159 2683 187 2732 et
207 2673 399 2738 callidissimo,
436 2691 491 2731 non
520 2673 609 2731 solum
638 2682 668 2732 ut
697 2675 775 2749 prius
804 2675 907 2750 rapinis
929 2682 957 2730 ct
987 2673 1202 2736 incursionibus.
1232 2675 1279 2730 sed
1307 2675 1359 2731 iam

54 2769 167 2834 naperto
189 2759 274 2816 llartc
296 2759 480 2816 conterminos
503 2759 620 2835 populos
643 2760 806 2817 invaserunt.
828 2759 910 2816 Cuius
933 2775 1075 2816 successor
1097 2759 1195 2816 Ochum
1212 2751 1305 2832 iffi}
1316 2763 1360 2790 ⁸¹¹⁶·
1373 2768 1419 2820 §.t

79 2843 217 2902 inieliciter
238 2853 334 2902 contra
358 2843 486 2901 Tartarus
517 2861 641 2920 pugnans
668 2861 728 2902 corn
757 2843 850 2902 moltis
879 2844 989 2920 populis
1017 2845 1109 2917 gentis
1137 2862 1193 2900 suae
1225 2843 1360 2902 occubuit.

76 2929 133 2985 Post
155 2937 234 3004 quem
257 2929 387 2986 Amcrath
411 2931 497 2987 lactus
520 2929 669 3003 imperator
690 2929 736 2986 ubi
760 2930 796 2985 ita
819 2930 962 3004 imperium
978 2929 1066 2992 orrxit.
1090 2939 1221 3003 utusque
1240 2930 1360 2985 odPon·

77 3023 127 3070 tum
148 3013 230 3089 longe
253 3013 362 3090 lateque
386 3013 453 3071 fines
476 3031 541 3070 suos
564 3015 736 3078 extenderet.
764 3009 899 3071 debitum¹
914 3023 1019 3072 naturae
1048 3013 1189 3091 persolvit.
1233 3014 1361 3072 Succedit

77 3099 131 3156 huic
151 3089 292 3176 liayazitlr‚
316 3099 445 3174 quicum
469 3099 529 3176 pari
551 3099 659 3157 audacia
683 3099 811 3156 llnitimos
834 3096 953 3174 populos
976 3100 1155 3174 inquietaret.
1183 3107 1279 3174 captus
1303 3107 1361 3164 tan·

51 3183 131 3240 rodem
153 3202 168 3241 a
189 3201 289 3258 magno
313 3184 489 3242 l'omlrerleno
517 3200 585 3242 cum
608 3183 712 3258 ingenti
740 3183 817 3242 clade
845 3186 935 3258 gentis
965 3202 1021 3242 soro
1048 3184 1127 3241 finem
1156 3185 1275 3246 audaciae
1303 3201 1360 3240 suae

78 3267 141 3326 lecit.
183 3271 250 3328 Post
280 3285 360 3344 quem
390 3278 509 3344 quatuor
537 3269 717 3344 imperatores
746 3277 953 3334 successerunt,
988 3268 1034 3344 qni
1064 3269 1184 3343 quumvis
1213 3269 1245 3326 dc
1278 3278 1420 3344 geutett.

77 3353 196 3412 tlthmana
220 3371 275 3412 nun
306 3353 422 3411 luissent
449 3353 584 3418 celebres,
616 3362 705 3411 tamen
727 3353 797 3410 bella
819 3363 974 3428 gesserunt.
1004 3366 1065 3411 narn
1086 3353 1184 3428 Gelclry
1213 3353 1367 3410 multorum·

77 3439 232 3513 populorum
256 3441 343 3496 victor
363 3447 468 3516 partem
491 3456 603 3514 quoque
625 3441 804 3513 l'rupezuntis
827 3438 997 3514 subiugavit;
1026 3437 1186 3500 Solonium,
1216 3439 1258 3495 cui
1283 3440 1360 3495 l'am·

77 3522 194 3582 berlrnns
216 3523 350 3582 tributum
373 3525 515 3601 rependit:
539 3523 628 3581 Orhan
652 3523 801 3586 sccundus,
831 3524 877 3598 qui
906 3523 1006 3582 multas
1030 3523 1110 3582 nrlrcs
1132 3525 1203 3579 Asim
1231 3531 1260 3579 et
1281 3523 1361 3580 Ponti

50 3611 246 3684 ttcrpugnaritz
268 3609 343 3667 lluse
366 3619 456 3668 autem
478 3627 539 3667 cum
554 3609 689 3666 Orhanum
712 3607 777 3665 dolo
800 3610 997 3672 interemisset,
1021 3625 1145 3680 magnam
1167 3617 1271 3682 partem
1288 3609 1358 3666 dsiae

78 3693 101 3749 in
120 3713 191 3752 snam
214 3694 346 3752 ditionem
370 3695 483 3770 redegit.
525 3696 593 3752 Post
614 3693 716 3750 llusem
739 3693 845 3750 culmen
868 3693 974 3770 imperii
997 3694 1031 3751 ad
1053 3701 1159 3768 gentem
1183 3693 1420 3754 litlrmunnamt.r.

77 3778 160 3836 rediit:
181 3779 318 3838 llahomet
339 3780 431 3854 itaque
454 3797 485 3836 en
507 3780 598 3838 cadem
622 3787 704 3854 gente
726 3779 831 3853 potitus
854 3778 968 3854 imperio
991 3778 1155 3840 Saracenos,
1181 3775 1359 3854 Georgianos,

76 3861 177 3929 Persas,
201 3865 373 3940 Cappadoces
397 3866 477 3923 variis
500 3865 604 3939 praeliis
627 3864 712 3928 ludit,
743 3880 897 3940 nomenque
921 3864 1071 3921 'ltrrcorum
1100 3863 1136 3918 ite
1159 3861 1266 3920 celebre
1288 3863 1361 3926 lecit,

77 3955 104 4002 ut
123 3950 170 4007 iam
193 3959 290 4026 gentes
313 3949 427 4024 Europe
451 3947 517 4006 illud
540 3948 756 4006 relormidareot.
801 3949 883 4005 Cuius
906 3950 992 4005 irater
1014 3947 1159 4010 Amorath.
1189 3949 1235 4022 qui
1259 3949 1363 4024 primus

51 4031 214 4093 oromatum
238 4035 264 4092 in
280 4032 415 4109 Europum
439 4053 499 4092 oum
522 4036 642 4092 exercitu
665 4035 786 4099 traiecit,
811 4033 904 4090 multis
926 4051 1018 4108 regnis
1035 4033 1149 4108 Europae
1171 4033 1283 4090 devictis
1305 4050 1360 4089 me·

78 4118 190 4178 motabili
214 4119 263 4177 illo
286 4119 382 4196 praelio
411 4121 443 4176 ad
466 4120 580 4177 vernam
606 4118 768 4176 Vlndislnum
797 4119 976 4175 fortissimum
1004 4136 1097 4194 regern
1126 4117 1272 4194 ilungariae
1301 4135 1363 4176 cum

642 4243 794 4262 —h—

178 4304 220 4354 Ex
238 4303 374 4354 Beneneri
392 4303 425 4354 de
443 4301 518 4354 bello
536 4301 655 4352 Tuccico
674 4302 774 4353 verior.
790 4307 895 4352 auctor.
909 4301 963 4353 vol.
976 4302 1023 4352 IV.
1040 4301 1062 4351 l.
1076 4318 1102 4366 p.
1113 4300 1250 4352 102...115.

525 4370 897 4386 ffl—

137 4435 146 4468 ⁵
164 4437 228 4490 Veri
245 4437 314 4489 milri
332 4438 441 4490 videtur
459 4437 627 4490 simillimum
647 4439 732 4491 etiam
750 4437 830 4490 huius
849 4439 1042 4490 commentcrii
1052 4437 1243 4504 Tranquillum
1257 4435 1362 4488 Andro·

79 4521 160 4574 nicom
178 4529 319 4576 auctorem
339 4539 409 4575 esse.
447 4521 468 4558 ¹⁰
484 4524 558 4575 Plin.
570 4525 606 4574 Η.
618 4525 651 4574 N.
666 4524 714 4574 Vl.
726 4523 752 4572 7.
765 4527 835 4572 sect.
849 4523 874 4574 7.
922 4522 942 4556 ¹⁸
961 4523 1153 4584 extenderent;
1172 4527 1204 4574 n.
1256 4519 1278 4553 ¹¹
1290 4523 1362 4573 non?
1415 4514 1417 4518 ’

79 4603 185 4658 Ccmtct
197 4613 290 4660 tamen
303 4607 491 4658 &lunianum
503 4609 535 4670 1.,
548 4609 656 4660 Mosam
668 4607 818 4660 Tochelebi
832 4613 863 4660 et
872 4607 1057 4660 lduhumetem
1070 4608 1092 4658 1.
1106 4607 1268 4658 Baisnetlris
1280 4605 1362 4666 tilios,

21 4685 27 4706 ⁰
78 4687 246 4746 Ammathous
255 4694 291 4744 11.
311 4693 433 4744 eiusdem
451 4697 582 4759 nepotem
600 4707 672 4744 esse.
697 4693 788 4744 Locus
806 4707 890 4744 sanus
909 4708 962 4746 nou
980 4691 1097 4745 videtur.
1144 4693 1269 4744 celebres
1280 4693 1318 4742 ric
1329 4694 1362 4740 lt.

76 4771 133 4834 sort.
146 4775 265 4830 Celebes
278 4779 296 4827 l.
310 4793 332 4828 e.
351 4776 487 4830 Trclteledl.
