3468 5512
333 426 406 497 464
427 457 550 493 ΕΨΓΤΙΙΙ
563 457 597 492 D!
611 457 726 492 GPAIAGI
739 455 835 492 111310.
847 457 881 492 Il'l'
894 457 988 494 nono
1001 455 1204 492 (unumunurm
1214 455 1346 492 tunultu
1358 455 1476 492 utam.
1487 455 1605 494 lissam·

332 611 461 690 gabalus,
477 620 527 674 ant
542 611 701 674 multorum
717 612 822 673 diversi
837 613 962 674 instituti
977 613 1185 690 parsimoniam
1201 609 1312 672 oderit:
1335 611 1471 690 prolecto
1486 612 1609 675 amabi&

264 733 322 784 aar.
332 721 377 775 est
391 716 492 786 virtus,
510 716 596 776 etiam
611 715 689 792 apud
706 732 756 774 eos
771 733 786 774 a
803 713 909 792 quibus
924 720 1120 792 postergatur.
1158 713 1247 774 Vetus
1263 715 1380 776 Catonis
1396 715 1611 777 condimentum

331 824 374 878 eat
396 816 507 895 pultem
530 816 654 878 miscere
677 834 763 878 caseo
785 823 815 877 et
837 835 905 885 ovo;
934 815 992 876 illis
1014 823 1111 878 antem
1134 832 1205 878 vere
1226 817 1383 880 Gennanis
1405 815 1491 887 olim,
1514 824 1546 879 ut
1566 817 1611 878 atl-

330 919 389 980 buc
410 919 498 980 bodie
521 919 634 989 multis,
664 918 776 998 pultem
804 937 840 979 er
869 933 960 980 arena
991 917 1088 979 cibum
1117 919 1206 981 tuisse
1229 917 1343 980 Plinius
1371 920 1478 980 reiert:
1508 927 1538 980 at
1561 937 1612 980 nor

330 1023 526 1084 transmarina
548 1038 714 1090 coenamus,
742 1025 823 1081 tanta
851 1019 1032 1082 necessitatis
1059 1022 1212 1099 opinione,
1244 1027 1277 1082 ut
1305 1021 1457 1082 decretum
1480 1021 1633 1082 omnbuss

331 1125 438 1202 passim
463 1123 597 1204 patribus
626 1121 748 1184 familias
775 1123 827 1192 sit,-
857 1139 922 1200 qun
945 1122 992 1184 bic
1014 1123 1190 1202 proveniunt
1211 1119 1355 1191 vendere.
1383 1131 1416 1184 ut
1445 1121 1496 1184 illa
1520 1141 1613 1185 eman·

252 1215 391 1286 'anton
435 1223 508 1296 Quae
528 1243 577 1288 ros
599 1241 656 1286 nna
678 1214 866 1304 locupletavit
887 1223 1055 1312 Puoberos,
1076 1227 1126 1304 qui
1149 1225 1243 1286 donec
1265 1243 1319 1286 nos
1341 1225 1382 1286 sic
1398 1243 1540 1287 curamus
1554 1244 1613 1286 cor·

331 1343 419 1406 pora,
443 1326 497 1388 soli
519 1325 658 1408 pecunias
680 1325 790 1388 babent
812 1328 842 1387 ln
866 1327 1042 1398 Germania,
1065 1325 1119 1388 soli
1142 1328 1311 1406 magnificas
1333 1327 1412 1388 ntes
1434 1345 1469 1389 aa
1484 1330 1612 1408 speciosa

331 1427 465 1499 mdillcia3
489 1429 597 1509 quippe
620 1429 786 1516 intantum
809 1437 965 1490 creverunt
986 1428 1027 1490 illi
1049 1429 1205 1508 voluptatis
1227 1437 1336 1490 nostro
1352 1430 1497 1500 ministri,
1523 1439 1554 1490 ut
1568 1449 1613 1492 eo·

329 1549 397 1592 rum
419 1549 490 1610 opes
512 1538 580 1592 anta
602 1529 757 1592 cuiuslibet
779 1547 814 1592 er
836 1530 881 1590 bis
896 1530 1079 1608 principibus
1095 1549 1216 1592 censum
1232 1531 1406 1593 habeantur.
1444 1532 1520 1593 adeo
1536 1541 1642 1593 estrat·

330 1647 387 1693 nos
407 1633 646 1711 peregrinamur,
674 1633 749 1694 odeo
776 1648 836 1694 non
864 1631 1053 1712 intelligimus
1080 1651 1146 1712 qun
1168 1633 1255 1694 modo
1284 1633 1428 1711 decoquo
1451 1635 1614 1696 Germania.

262 1745 319 1796 tn.
332 1733 430 1805 Quare
450 1736 493 1796 sio
515 1742 604 1814 puto,
627 1735 887 1814 prudentissimum
911 1735 1000 1798 luisse
1020 1737 1046 1796 ai
1068 1737 1133 1815 quis
1148 1733 1284 1809 omnino,
1308 1736 1358 1814 qui
1373 1736 1523 1814 superiori
1537 1743 1615 1797 aetate

330 1837 409 1898 buno
431 1838 534 1898 metuit
555 1838 665 1898 nationi
687 1845 795 1899 nostrie
816 1835 933 1908 luxum,
963 1837 1016 1899 bas
1044 1839 1109 1898 vitm
1136 1836 1307 1906 illecebras,
1338 1838 1416 1898 unde
1445 1844 1489 1898 tot
1511 1843 1614 1916 pestes

329 1946 372 1999 tot
393 1937 537 2018 pullulant
558 1938 671 2010 morbi,
701 1938 837 2002 omnibus
865 1939 961 2018 palam
989 1939 1155 2004 videnthua
1182 1937 1220 2002 ab
1242 1939 1289 2001 his
1310 1955 1433 2001 securos
1455 1957 1547 2018 ogere
1569 1941 1614 2019 qui

329 2039 386 2102 illis
413 2059 497 2122 nquo
526 2043 623 2103 animo
652 2047 767 2110 carent,
797 2050 826 2103 et
854 2043 904 2120 qui
931 2043 1039 2102 nostris
1066 2041 1181 2111 herbis,
1211 2048 1279 2104 sunt
1301 2041 1397 2103 adbuc
1420 2041 1511 2122 aliqui
1539 2044 1644 2103 enimc

329 2145 479 2214 Germani,
496 2143 644 2214 condiunt,
667 2143 744 2204 bene
760 2143 868 2206 habitis
883 2150 916 2204 ut
929 2142 1092 2224 plurimum
1106 2143 1283 2224 corporibus
1299 2145 1410 2214 vivere,
1434 2142 1502 2205 illos
1518 2149 1615 2204 contro

329 2248 379 2326 qui
400 2246 508 2326 digitos
529 2245 640 2307 babent
661 2263 750 2306 croco
771 2246 896 2308 inlectos
918 2252 947 2306 ot
969 2247 1186 2308 cinnamomum
1209 2253 1326 2308 ructant
1347 2265 1381 2308 ac
1404 2244 1616 2325 garlopbpllum

257 2420 260 2426 ¹
330 2349 443 2428 spirant
464 2355 494 2409 et
513 2332 550 2408 in'
567 2351 689 2411 restium
711 2347 783 2410 luxu
806 2348 987 2418 delibantur,
1011 2347 1149 2410 omnibus
1169 2348 1278 2427 passim
1301 2347 1446 2408 obnoxios
1468 2347 1615 2424 aegritudi-

261 2449 425 2516 §.mnibus
470 2450 564 2524 Quam
579 2452 700 2532 proprie
714 2451 803 2530 igitur
826 2448 1021 2529 ‘locupletem’
1044 2449 1205 2529 podagram
1220 2447 1516 2529 appellat'satyricos,
1541 2448 1614 2530 quod

261 2687 392 2752 tantm,
415 2689 471 2742 oin
493 2702 541 2743 ana
563 2689 675 2755 innomi
700 2689 783 2755 anina
805 2687 896 2753 trior?
919 2687 972 2754 nir,
997 2687 1044 2741 nit
1067 2685 1209 2754 antonian
1228 2689 1268 2741 aie
1285 2688 1384 2754 onlnem
1401 2694 1446 2741 om
1465 2691 1513 2742 nit
1531 2688 1642 2742 omna„

262 2773 564 2839 §.annuntiantem
586 2775 639 2838 iit,
659 2774 698 2828 rie
720 2773 810 2838 ,intret
828 2774 884 2826 ain
902 2770 953 2828 mia
970 2778 1014 2838 not
1031 2775 1132 2838 bringi.
1155 2771 1233 2826 rarii
1256 2772 1289 2836 tir
1310 2773 1381 2838 oniae
1404 2773 1615 2838 indiuiduam

329 2857 391 2922 taint
409 2864 501 2922 noni,
524 2853 558 2913 mi
576 2873 620 2924 aar
638 2854 716 2924 [blm
734 2857 934 2924 alterationes
952 2863 1041 2924 tamt,
1061 2859 1101 2911 rie
1123 2859 1183 2924 [etit
1205 2858 1296 2922 onina·
1312 2858 1420 2920 notatae
1440 2857 1527 2912 vienn
1544 2859 1614 2923 iam

261 2943 359 2996 §.tntu
377 2941 465 3007 tetam
482 2943 508 3009 [a
525 2946 577 3007 bon
591 2937 624 3007 rai
641 2957 775 3008 renunes,
797 2937 840 3007 ια’)
855 2943 891 3010 [ie
913 2945 953 2998 rin
976 2950 1048 3008 nmen
1069 2942 1149 3006 ilriti
1172 2940 1323 3006 obortarum.
1358 2943 1470 3007 ,otuu
1493 2943 1542 2996 mir
1563 2945 1614 3006 aab

329 3027 397 3092 atta
414 3027 529 3092 taurinen
548 3029 614 3096 [aben
630 3029 670 3080 oie
686 3028 729 3092 tin
746 3025 826 3092 mollio
844 3031 899 3094 nab
915 3035 967 3082 mn
985 3031 1052 3082 otim
1070 3029 1139 3094 irat>
1161 3031 1244 3092 botran
1267 3031 1325 3092 tona
1348 3027 1414 3093 trie,
1436 3029 1494 3082 obet
1514 3035 1561 3082 nen
1580 3029 1614 3080 aii

328 3109 410 3177 narn
427 3125 477 3166 aon
493 3109 595 3177 [oleron
613 3115 650 3176 mi
667 3112 743 3178 taint,
762 3119 810 3166 aar
827 3113 870 3166 one
888 3113 977 3180 terren>
994 3113 1112 3178 [niumm
1130 3113 1200 3178 natea
1219 3111 1307 3166 traam
1326 3112 1386 3180 [rint
1397 3119 1453 3165 nno
1471 3112 1528 3166 batn
1543 3109 1641 3179 notin²³

260 3193 426 3258 §.mittebat
461 3197 571 3260 parumn
586 3203 631 3250 om
647 3198 759 3264 tomara
777 3193 882 3262 millib
901 3189 968 3263 tritt,
986 3205 1030 3251 ma
1049 3211 1072 3250 ea
1090 3211 1140 3252 nar
1157 3199 1199 3262 ita
1215 3204 1259 3250 rm
1278 3198 1365 3261 trinta
1383 3195 1488 3260 trunca
1500 3197 1551 3262 [rin
1563 3198 1611 3249 ott.

329 3347 531 3364 *Μ-

395 3405 553 3486 ²poaterg.]
578 3425 673 3470 anetam
695 3419 809 3470 Hotteno
834 3419 950 3470 Italicum
972 3418 1079 3470 uerbum
1150 3415 1273 3484 Catonia]
1298 3417 1369 3468 Cato
1386 3417 1422 3468 de
1439 3433 1470 3468 ro
1494 3423 1562 3468 ruat
1573 3416 1611 3468 tt.

328 3503 455 3566 „Pultem
473 3505 607 3555 Punicam
625 3504 666 3554 sic
685 3505 810 3570 coquito:
834 3503 947 3555 Libram
971 3503 1052 3555 alicae
1071 3505 1100 3554 in
1119 3519 1218 3570 aquam
1241 3501 1341 3562 indito,
1367 3501 1455 3552 incito
1480 3503 1522 3552 uti
1544 3501 1610 3552 bene

328 3588 450 3650 medeam
474 3589 501 3639 id
524 3589 663 3640 inlnndito
685 3588 714 3638 ln
737 3587 846 3639 alveum
869 3598 979 3654 purum
1004 3603 1036 3638 eo
1055 3589 1132 3639 cnaei
1150 3593 1277 3639 recantes
1295 3587 1327 3638 P.
1346 3587 1397 3638 111.
1417 3587 1509 3637 mallia
1527 3587 1609 3648 1².s.,

327 3689 407 3724 ovum
426 3688 519 3732 unum,
538 3674 630 3724 omnia
647 3689 702 3724 nna
720 3674 884 3739 parminoato
897 3673 977 3724 bena.
997 3674 1037 3724 ita
1050 3674 1163 3738 insipito
1182 3673 1211 3724 in
1229 3671 1320 3722 aulam
1333 3668 1460 3722 novam’'.
1515 3669 1527 3703 ⁴
1544 3669 1609 3720 Plin

327 3758 362 3808 II.
375 3759 408 3810 N.
421 3758 522 3809 XVIII.
536 3757 577 3808 17.
590 3763 659 3809 sect.
672 3759 714 3808 44.
734 3795 775 3823 ‚,..
795 3773 855 3809 cum
875 3758 1029 3810 Germania
1046 3758 1140 3825 populi
1157 3747 1253 3812 serant
1270 3773 1332 3808 eam
1350 3755 1507 3822 (avenam),
1527 3771 1610 3822 neque

308 3843 384 3896 ‚alia
401 3841 477 3910 pulte
495 3840 618 3895 vivant”.
688 3842 844 3895 'uaendere
864 3847 888 3894 1.
957 3841 1126 3894 ²Iluoheroa
1146 3846 1170 3892 2.
1200 3843 1344 3909 Puggeros
1362 3843 1403 3892 10.
1474 3837 1527 3908 sie]
1545 3842 1569 3892 ai
1586 3843 1609 3890 3.

327 3925 349 3960 ¹²
366 3929 570 4002 Loenm'Quare
645 3927 708 3978 illos
727 3933 836 3990 contra,
861 3931 904 3996 qni
924 3931 948 3978 ri
964 3931 1189 3994 interpunctionem
1211 3935 1237 3979 et
1253 3929 1395 3980 mendorum
1414 3925 1609 3992 condempno

328 4013 469 4078 condiunt)
492 4015 675 4076 emendaveris,
706 4015 769 4063 satia
792 4013 853 4063 bene
875 4013 963 4076 labet,
995 4029 1044 4064 non
1067 4017 1216 4064 Intellectum
1236 4014 1274 4066 alo
1296 4013 1411 4077 corrupit
1435 4012 1556 4062 Lnirinar
1578 4013 1610 4072 (et

328 4097 488 4164 Mtincbiua):
506 4099 599 4162 Quare
617 4099 656 4150 aio
675 4103 740 4164 puto
759 4097 999 4164 prudentissimum
1019 4099 1119 4160 inisse,
1143 4124 1177 4133 --
1194 4097 1363 4155 videntibus,
1388 4093 1424 4145 ab
1441 4095 1486 4146 hia
1505 4109 1609 4146 securas

329 4187 400 4248 agat,
421 4183 484 4248 quio
502 4183 559 4234 illia
578 4199 656 4249 aequo
676 4184 766 4233 sulmo
786 4183 876 4235 animo
896 4189 1017 4234 careant
1054 4184 1089 4233 Et
1107 4182 1152 4248 qui
1171 4182 1272 4232 nostris
1290 4181 1383 4231 berbin
1401 4180 1478 4244 (aunt
1495 4207 1529 4218 —
1547 4179 1608 4230 Ger·

327 4267 513 4332 inanitates.)
536 4265 606 4318 bene
630 4266 749 4329 habitis,
778 4271 808 4318 nt
830 4267 974 4334 plurimum
1002 4253 1171 4334 corporibus,
1202 4267 1302 4318 rivere.
1338 4265 1404 4316 Illoa
1428 4271 1542 4330 contin,
1564 4271 1607 4316 etc.

328 4351 455 4402 liuttemta
472 4351 550 4402 innuit
569 4367 638 4402 eoum
655 4369 723 4402 anum
740 4354 843 4418 eiusque
860 4341 952 4403 airn'r'lea
970 4371 1042 4422 qaam
1058 4353 1252 4418 prudentiamne
1270 4355 1386 4402 neeman
1400 4349 1534 4400 Germania
1550 4345 1607 4398 nair

326 4441 425 4499 lumen,
445 4462 476 4472 -
494 4451 547 4486 oron
563 4452 648 4487 omnes
665 4423 790 4488 videmnus
808 4437 840 4488 ob
857 4437 896 4488 leia
914 4438 1039 4502 (pertibus
1057 4445 1082 4490 et
1099 4435 1202 4500 morbis)
1225 4452 1329 4486 remoror
1351 4450 1429 4502 apere
1447 4435 1492 4500 qui
1508 4435 1557 4484 itla'r
1574 4433 1606 4495 iil·

245 4517 254 4534 ⁸
327 4519 446 4587 tenebris)
464 4527 563 4584 omont,
582 4527 606 4572 et
619 4523 696 4587 paln.
709 4523 733 4573 Ιι.
747 4525 873 4586 condiant,
893 4525 1073 4587 annonariam,
1092 4519 1309 4573 iiloroontrobc.
1329 4519 1373 4571 Gi.
1387 4521 1410 4581 ς.
1424 4517 1466 4570 37.
1517 4515 1605 4568 “oon-

327 4607 395 4658 ‹lnnt
413 4609 514 4658 1...4.6.
567 4604 588 4638 ¹⁷
606 4607 787 4658 cinamomum
806 4610 878 4659 imi.
932 4606 1137 4673 caryophyllnm
1155 4609 1180 4658 8.
1204 4603 1411 4672 garyoplryllnm
1431 4605 1472 4654 to.
1527 4602 1548 4635 ¹⁸
1563 4601 1604 4652 tle·

327 4693 372 4745 lic.
386 4695 459 4743 Mo.
513 4689 533 4724 ¹⁹
552 4688 647 4756 satyr]
667 4691 789 4742 Iurenal.
803 4697 854 4742 aot.
869 4691 944 4742 XIII.
958 4690 999 4744 tto.
1052 4691 1076 4724 ¹⁰
1092 4691 1144 4743 abet
1165 4707 1190 4741 n.
1242 4689 1263 4724 ²¹
1281 4691 1350 4753 turb
1368 4691 1435 4740 oneo
1453 4697 1514 4740 ante
1531 4689 1603 4754 onin-

326 4775 349 4810 ²⁸
366 4775 510 4844 alemanna
524 4791 549 4830 a.
