3410 5524
322 456 368 526 80
449 457 570 521 uvrrau'r
590 483 618 518 ru
637 467 1146 533 urcemwinrsnrcsonrtsrrr'‚oxxrro
1166 485 1223 520 tut.
1248 484 1276 519 rt.
1290 484 1355 523 aro.
1368 483 1394 520 a,
1408 477 1467 520 tatt.

252 646 405 707 §.sonetum
428 636 690 718 contemptibilem,
720 637 871 718 desyderia
893 637 1038 700 bonorum
1066 639 1149 700 irrita
1171 655 1309 701 censere:
1337 635 1388 700 sed
1410 637 1488 700 bene
1509 657 1527 700 a
1548 637 1599 700 deo

319 743 428 821 optimo
450 740 577 800 maximo
599 731 789 818 prospectum
811 743 938 822 aequitati
955 748 1018 813 est,
1048 743 1097 820 qui
1119 740 1205 820 quale
1227 748 1309 802 tuum
1331 741 1427 802 scelus
1448 740 1519 812 luit,
1547 739 1600 801 tale

317 845 346 904 in
369 841 522 904 hominum
544 842 769 921 cogitationibus
789 859 825 904 ac
846 859 982 904 sermone
1004 835 1226 911 haberiboluin
1249 859 1338 922 quem
1361 844 1445 904 euim¹
1462 859 1527 904 esse
1549 859 1599 922 pu·

318 952 361 1006 tas
384 945 432 1006 cui
453 951 484 1006 tu
507 945 585 1006 visus
608 945 746 1022 gratiam,
770 944 884 1006 auditus
906 944 1115 1009 iucunditatem
1137 944 1260 1006 alierasi
1282 943 1385 1023 qni-te'
1406 963 1466 1006 uon
1487 960 1599 1006 summo

319 1046 401 1116 odio,
432 1059 546 1108 summa
575 1047 760 1107 execratione
786 1047 970 1107 teterrimum
993 1033 1114 1107 humaui
1135 1047 1251 1125 generis
1273 1047 1423 1107 inimicum
1445 1063 1620 1126 persequas
1659 1037 1662 1046 “

252 1145 390 1221 creaturi
422 1135 474 1209 Cui
501 1147 545 1209 rei
567 1148 597 1221 in
619 1147 722 1208 eadem
735 1145 792 1214 itta
814 1147 850 1208 ad
873 1147 1016 1210 Caesarem
1039 1147 1222 1226 proiectione
1243 1155 1292 1209 tua
1314 1149 1419 1228 ingens
1445 1149 1602 1210 documen·

317 1257 382 1311 tum
409 1250 463 1311 luit
490 1247 539 1310 ille
561 1267 661 1332 ,nuper
682 1234 816 1310 dustrius
839 1267 943 1330 eques,
972 1251 1019 1311 cui
1041 1267 1107 1311 oum
1130 1251 1331 1312 denuntiatum
1354 1252 1454 1312 luisset
1476 1258 1506 1312 te
1528 1249 1602 1311 domi

319 1369 380 1414 suae
400 1357 658 1430 pernoctaturum,
682 1368 741 1412 non
763 1351 851 1413 modo
873 1351 910 1412 ad
933 1369 965 1412 se
986 1354 1121 1432 recipere
1135 1350 1243 1424 noluit,
1267 1371 1369 1414 verum
1393 1354 1479 1414 etiam
1503 1359 1601 1412 coutu-

320 1452 520 1514 meliosissime
548 1455 609 1514 suis
629 1451 688 1513 tibi
716 1452 949 1531 possessionibus
977 1439 1140 1526 interdixit,
1174 1453 1230 1515 boo
1263 1454 1443 1516 creberrime
1476 1471 1601 1524 moscus,

321 1571 473 1634 uunquam
510 1554 566 1617 sibi
608 1554 835 1628 contubernium
872 1541 1010 1616 lutosum⁴
1036 1555 1115 1616 cum'
1136 1553 1173 1616 eo'
1205 1557 1254 1635 qui
1289 1558 1450 1617 amicorum
1484 1571 1631 1616 suorumo

324 1656 465 1719 uxoribus
496 1662 633 1735 stuprum
664 1656 810 1728 intendat,
832 1641 922 1736 ¹ipsos
951 1656 989 1718 ob
1016 1657 1044 1718 id
1073 1657 1153 1721 terro
1183 1675 1217 1718 ac
1251 1656 1362 1738 laqueis
1395 1667 1514 1729 enecet,
1551 1676 1601 1718 ner

324 1758 398 1821 velle
419 1777 502 1822 suam
524 1759 659 1827 domum,
683 1776 752 1820 suos
774 1759 846 1820 deos
866 1767 989 1838 pemtes
1010 1765 1060 1820 tua
1083 1760 1221 1820 incestari
1235 1753 1371 1830 libidine;
1394 1767 1446 1820 tuo
1461 1759 1551 1840 pollui
1564 1759 1601 1820 la-

254 1862 463 1933 §.notrociuim
495 1860 599 1922 deinde
628 1877 694 1922 cum
716 1861 812 1921 iussus
835 1878 952 1941 quoque
973 1868 1051 1923 esset
1071 1869 1101 1923 te
1121 1862 1271 1942 recipere,
1294 1863 1391 1922 omnin
1413 1863 1497 1940 prius
1513 1881 1602 1941 expe·

322 1964 375 2025 riri
396 1961 469 2024 velle
491 1962 575 2034 dixit,
604 1980 691 2042 quam
719 1962 774 2024 sub
796 1969 905 2048 tectum
927 1981 1013 2026 suum
1034 1970 1064 2024 te
1086 1963 1276 2048 admitteretg
1293 1971 1352 2026 nec
1380 1971 1413 2024 ut
1441 1955 1603 2025 admitteret

323 2066 388 2144 cogi
408 2065 515 2144 potuit:
544 2070 576 2124 tu
604 2081 693 2143 vagus
720 2072 807 2145 atque
834 2065 894 2126 ubi·
913 2067 1089 2130 consisteres
1117 2067 1247 2127 incertus
1270 2074 1341 2127 aute
1368 2070 1411 2125 tot
1437 2067 1632 2144 principuus

322 2168 437 2247 agmina
455 2166 619 2256 oberrasti,
646 2167 763 2228 u'emine
790 2168 908 2228 iuterim
926 2167 1104 2230 salutatione
1125 2173 1155 2230 te
1177 2174 1210 2228 ut
1235 2169 1321 2248 prius
1347 2169 1527 2247 excipiente,
1557 2185 1603 2228 no·

321 2271 399 2332 anino
421 2266 596 2348 colloquium
618 2267 818 2354 impertiente,
848 2287 915 2334 cuna
943 2273 1006 2348 ipse
1020 2291 1024 2298 ·
1037 2287 1154 2351 quoqne
1180 2267 1445 2332 immutato.voltu
1476 2289 1511 2330 ac
1534 2270 1604 2330 tar-ie

321 2370 433 2450 aliquos
454 2369 506 2431 tibi
529 2369 672 2432 obnoxios
694 2369 803 2450 alloqui
826 2389 885 2432 non
907 2372 1049 2444 auderes,
1072 2391 1130 2452 quo
1153 2391 1190 2433 ne
1212 2372 1248 2434 ab
1271 2391 1303 2433 se
1325 2357 1522 2450 repellerent:
1546 2371 1604 2431 hmo

228 2511 229 2514 =
321 2473 408 2536 dete
430 2473 528 2552 opinio
551 2479 608 2545 est,
631 2471 689 2534 hoc
709 2473 866 2550 iudicium,
889 2476 931 2535 si'c
952 2481 982 2535 te
1004 2491 1106 2536 omnes
1129 2475 1254 2536 oderunt
1276 2491 1310 2534 ac
1332 2473 1481 2552 perditum
1496 2471 1603 2542 solunt,

321 2577 363 2636 sic
385 2583 434 2660 tua
455 2575 621 2638 recordatio
643 2575 779 2637 omnibus
802 2575 901 2637 odiosa
924 2583 983 2652 est,
1006 2577 1161 2656 prasentia
1182 2567 1345 2645 horribilis,
1369 2574 1524 2636 convictus
1546 2575 1631 2634 tor-o

217 2727 220 2734 ,
254 2677 495 2751 gimmidaudus!
518 2677 645 2738 Proinde
660 2684 740 2738 tuam
755 2676 1014 2755 incomparabilem
1037 2678 1174 2740 malitiam
1196 2676 1328 2757 quamvis
1349 2676 1542 2738 vehementer
1557 2677 1603 2737 ed-

319 2781 426 2848 miror,
457 2784 554 2840 tamen
581 2778 677 2839 adhuc
700 2781 792 2858 magis
814 2780 1017 2840 admirandum
1041 2781 1116 2841 droco
1139 2779 1217 2858 quod
1240 2781 1274 2840 iu·
1293 2779 1341 2839 his'
1360 2779 1485 2840 miseriis
1510 2780 1604 2839 rivere

262 2871 267 2881 ’
320 2887 420 2962 potes:
448 2896 486 2941 au
513 2885 545 2940 tu
564 2897 626 2940 non
649 2883 762 2959 quoties
785 2882 864 2944 solus
886 2899 917 2943 es
939 2881 1113 2962 quotiesque
1135 2889 1248 2966 tecum,
1276 2883 1300 2942 si
1329 2897 1460 2959 unquam
1489 2897 1537 2951 es,
1567 2879 1603 2940 lo-

320 2999 428 3062 queum
449 2982 575 3059 cogitas,
598 2988 648 3042 aut
668 2979 795 3061 aliquam
817 2983 869 3045 tibi
890 3001 1010 3062 rupem,
1034 2983 1160 3062 aliquam
1176 2981 1325 3063 speculam
1341 2983 1501 3062 prospicis,
1527 2982 1603 3043 uude

318 3089 349 3144 te
371 3083 551 3163 precipitem
572 3083 711 3145 abiiciasl
738 3085 904 3147 lnlerorum
926 3103 996 3147 sane
1018 3102 1134 3165 prunas,
1156 3103 1229 3166 quas
1251 3103 1315 3147 esse
1336 3083 1524 3152 nermedis,
1549 3097 1633 3144 nonas

322 3185 444 3256 metuis,
468 3203 563 3266 neque
584 3184 682 3257 illum,
706 3203 794 3266 quem
815 3187 947 3249 tutorum
969 3197 1029 3250 nou
1050 3195 1151 3266 putas,
1174 3189 1296 3249 extremi
1316 3186 1416 3282 indicii
1437 3186 1518 3246 diem
1532 3185 1604 3266 ‘per-

253 3309 320 3360 §.toa
328 3288 489 3350 horrescis:
512 3289 562 3367 qui
583 3286 679 3350 taliter
700 3306 735 3350 ac
756 3295 788 3351 tu
810 3289 930 3350 allectus
952 3295 1010 3361 est,
1034 3305 1130 3368 neque
1151 3289 1238 3350 deum
1255 3289 1343 3351 'timet
1364 3297 1460 3370 neque
1483 3288 1539 3349 bas
1560 3305 1606 3348 res

319 3389 501 3468 magnifacit:
531 3389 599 3450 hinc
627 3396 672 3451 est
694 3391 772 3469 quod
790 3398 826 3452 tu
847 3391 943 3452 lidem-
957 3409 1016 3452 uon
1039 3409 1157 3462 servas,
1186 3391 1265 3472 quod
1287 3385 1492 3454 iusiurandum
1515 3389 1606 3468 negli-

214 3481 218 3488 ’
318 3491 389 3572 gis)
406 3491 517 3554 loedera
539 3492 697 3572 perturbas
726 3500 756 3555 et
777 3492 854 3554 illam
877 3493 1019 3572 nefariam
1041 3501 1120 3554 tuam
1142 3492 1293 3554 libidinem
1316 3493 1517 3554 innocentium
1541 3511 1605 3554 san-

312 3597 406 3673 guiue
428 3591 547 3673 explere
568 3596 681 3665 studes,
705 3596 783 3676 quod
799 3595 1030 3665 interfectiones,
1054 3597 1264 3675 proditionem,
1288 3575 1526 3676 iugratitudinem
1543 3611 1633 3656 see-so

317 3687 466 3761 lera'uon
494 3697 657 3767 existimas,
687 3689 766 3777 quod
793 3715 888 3778 neque
917 3697 1032 3759 laudem
1060 3693 1295 3777 bonum·'neque
1325 3698 1472 3759 inlamiam
1496 3696 1604 3758 malurn

250 3815 438 3874 suanenses.
483 3800 565 3862 mitto
588 3799 666 3860 enim
695 3800 731 3861 de
759 3800 804 3862 his
825 3801 924 3862 dicere
945 3817 1010 3880 quae
1031 3801 1061 3861 in
1082 3800 1158 3861 lama
1181 3805 1249 3861 sunt
1277 3797 1400 3880 quasque
1426 3798 1456 3860 in
1479 3806 1532 3860 tuo
1555 3819 1604 3878 po·

290 3893 296 3930 ³
319 3900 403 3978 pulo,
431 3899 518 3962 intra
537 3905 603 3962 tuas
624 3899 743 3974 urbes,
758 3903 787 3962 in
816 3910 865 3963 tua
888 3900 968 3974 aula,
997 3903 1033 3963 ad
1055 3910 1139 3964 tuum
1160 3919 1253 3983 usque
1276 3901 1415 3962 conclave
1434 3899 1604 3980 pervulgata

318 4007 402 4071 sunt,
425 4001 462 4063 de
476 4007 524 4064 tua
540 3999 652 4064 scilicet
668 4005 734 4064 ritae
755 4001 886 4073 luxuria,
910 4015 998 4083 quam
1019 4011 1139 4064 tuorum
1162 4003 1261 4082 spoliis
1283 4020 1317 4064 ac
1333 4003 1443 4082 rapinis
1458 4005 1605 4069 enutriam

319 4102 355 4164 de
376 4111 425 4165 tua
447 4103 566 4165 ludendi
588 4104 737 4176 aviditate,
766 4105 803 4166 ad
831 4123 918 4185 quam
946 4107 1084 4168 sudorem
1113 4125 1147 4167 ec
1174 4107 1344 4184 sanguinem
1366 4117 1532 4184 pauperum
1556 4113 1634 4165 enta

318 4207 431 4286 quiras;
461 4205 497 4266 de
523 4207 609 4268 toties
623 4206 806 4286 -prooulcato
835 4207 888 4268 abs
915 4214 945 4269 te
973 4207 1101 4288 pudore;
1131 4208 1167 4269 de
1197 4209 1232 4268 iis
1260 4225 1326 4293 quae
1352 4209 1376 4267 si
1398 4206 1484 4268 velim
1507 4207 1603 4272 etiam,

318 4307 391 4366 eitra
413 4307 598 4368 verecundie
619 4325 693 4372 moze
715 4311 856 4370 iacturam
879 4305 1112 4371 commemorare
1132 4303 1213 4372 baud
1234 4311 1360 4388 possim;
1383 4309 1420 4370 de
1434 4315 1485 4370 tua
1500 4325 1604 4386 super·

317 4407 364 4470 bia
387 4413 497 4498 tuoque
518 4411 595 4471 tastu
618 4429 652 4472 ac
678 4419 810 4481 tumore:
839 4411 943 4492 deiude
972 4411 1219 4490 quemadmodum
1247 4429 1280 4472 ea
1309 4427 1375 4488 qne
1405 4410 1537 4472 studiose
1564 4409 1603 4470 tui

318 4516 553 4592 congesserunt,
567 4519 599 4574 tu
619 4512 782 4593 largissime
803 4533 838 4576 ao
859 4516 1110 4595 sumptuosissime
1130 4510 1307 4595 profundas,
1331 4511 1472 4593 dilapides
1493 4529 1532 4572 ac
1547 4512 1604 4572 dis-

384 4715 461 4767 iOl.
480 4729 563 4783 stupra
580 4717 634 4770 vol.
647 4719 670 4770 1.
687 4735 713 4784 p.
726 4717 768 4768 41.
786 4719 809 4781 ξ.
820 4719 847 4769 t.
934 4717 953 4752 ¹¹
973 4735 1006 4770 ac
1025 4721 1048 4770 1.
1068 4723 1096 4769 et
1113 4720 1229 4769 correxit
1243 4711 1280 4768 H.
1370 4713 1391 4749 ¹⁸
1413 4720 1440 4766 te
1462 4714 1603 4766 detentas.

317 4798 338 4835 ⁸²
357 4817 461 4854 censes.
474 4807 505 4854 11.
523 4809 605 4870 putes
624 4807 647 4854 1.
700 4801 722 4835 ³⁴
734 4805 871 4874 enutrias.
885 4807 909 4854 1.
928 4804 1038 4855 toleres.
1057 4803 1173 4855 correxit
1185 4809 1215 4854 11.
1540 4796 1543 4802 '
