3468 5512
514 1149 691 1200 ADDENDA
710 1149 757 1200 AD
777 1150 859 1201 VOL.
877 1151 898 1200 1.
919 1149 998 1201 Peli.
1020 1151 1075 1201 154.

168 1374 332 1455 Steinheim.
707 1387 834 1464 LXVI
845 1389 873 1461 *ι
1205 1406 1438 1486 ΒΗΘ-*ΝΜ

152 1473 355 1486 σ--υ-ι-ιι-..ι

445 1555 606 1620 ALBERTI
629 1559 910 1622 inceleplscopl
933 1558 1141 1621 MOGVNTiNl

774 1677 810 1712 AD

129 1775 142 1814 s
497 1755 700 1815 leunclsovn
722 1757 740 1814 l.
764 1759 962 1816 FRANCORVM
984 1758 1094 1816 REGEM

236 1867 390 1926 flvrrnno
412 1868 543 1926 LEGATO
563 1869 783 1927 selesiensis
805 1868 967 1938 iloenove
990 1869 1169 1926 recreeris
1190 1869 1353 1938 utilene.

236 2018 296 2078 Nos
318 2004 454 2081 isaurus·
475 2019 531 2079 Hei
547 2023 656 2094 precio
681 2027 783 2080 sancte
807 2020 981 2095 Mopunline
1005 2021 1083 2080 sedis
1111 2037 1148 2080 ue
1172 2021 1439 2096 andelrurpensis

150 2122 274 2181 ecclesie
295 2121 535 2196 archiepiscopus
556 2123 647 2180 Sacri
666 2121 796 2182 Romani
815 2121 941 2198 Imperii
961 2107 1267 2196 Arontconoeuorlus
1294 2125 1438 2200 Princeps

150 2221 284 2294 Elector,
307 2223 425 2282 Primos
444 2225 475 2282 in
496 2224 658 2282 Germania
679 2222 801 2283 eccle'sie
814 2223 1074 2284 Hallrerslodensis
1090 2227 1322 2300 administrator,
1347 2227 1438 2286 Mar-

116 2325 219 2395 roclu'o
234 2323 548 2403 Brundendurpensis,
575 2325 770 2399 Stellinensis‚
792 2326 979 2398 Poemenis,
1003 2325 1224 2405 Cassudioram,
1246 2329 1438 2388 Seianorum-

150 2445 208 2504 que
237 2427 315 2496 aas,
344 2425 555 2502 Burpproains
583 2427 852 2502 Noremoorpensn,
874 2435 903 2488 el
922 2427 1040 2502 Bhnple
1065 2431 1215 2504 princeps.
1260 2429 1306 2488 liis
1332 2433 1439 2490 nostris

145 2529 318 2606 potentibus
338 2546 376 2590 oo
394 2529 612 2604 manifestoriis
633 2532 726 2610 literis
741 2528 877 2603 solemur
897 2547 935 2589 oc
953 2537 1050 2590 nolum
1071 2529 1219 2608 fecimus,
1245 2533 1439 2606 quemadmo-

126 2633 222 2692 dum
246 2637 419 2692 strennuum
445 2639 475 2692 el
499 2635 618 2706 eprepie
640 2632 756 2692 doctum
775 2633 892 2704 fidelem
913 2639 1044 2692 nostrum
1069 2651 1108 2694 nc
1127 2635 1329 2716 corniliurium
1355 2635 1439 2696 iliri-

150 2735 239 2794 cnon
262 2735 299 2796 de
323 2735 432 2794 Hulten
451 2737 576 2810 equitem
597 2741 736 2794 auratam
755 2742 783 2793 el
804 2735 950 2794 doctorem
970 2742 1134 2810 presentem
1154 2737 1198 2794 ad
1223 2740 1438 2796 serenissimum

120 2853 192 2904 isac
218 2827 494 2896 christianissimam
522 2837 691 2911 Principem
721 2837 883 2919 dominum·
896 2837 1087 2898 Fronclscum
1115 2838 1304 2898 Francorum
1329 2855 1437 2913 repam,

152 2939 302 2998 domimum
323 2947 353 2998 el
373 2939 501 2998 amicum
523 2943 653 2998 noslru'm
675 2941 849 3018 lepaoimus,
874 2942 957 3012 firmi
974 2957 1013 3000 ao
1033 2942 1096 3000 rati
1112 2956 1179 3000 cum
1198 2943 1260 3002 eius
1281 2943 1439 3002 serenitate

150 3047 251 3100 nostro
269 3042 385 3100 nomine
406 3043 562 3128 perpendi
574 3041 703 3116 foederis
723 3058 833 3113 causa,
855 3047 884 3101 et
901 3043 1092 3126 quorumdem
1110 3045 1236 3102 aliorum
1258 3046 1439 3119 nepotiorum

151 3160 208 3218 pue
226 3144 272 3202 illi
285 3149 427 3220 pretereo
444 3143 552 3202 ibidem
568 3144 765 3222 peropendu,
785 3145 942 3216 finiendm·¹
957 3145 1178 3216 corecludenda,
1201 3161 1239 3204 ac
1259 3148 1290 3204 in
1308 3162 1437 3208 eonven-

152 3247 258 3304 lionem
275 3253 305 3304 ct
330 3246 520 3304 concordiem
536 3247 734 3322 perducendo
749 3249 952 3306 commisimus.
991 3247 1184 3317 Quamobrem
1201 3247 1326 3321 presule
1339 3252 1438 3307 nostro

115 3377 142 3416 ω
160 3347 279 3406 Viriclso
300 3347 339 3406 de
355 3346 462 3408 Hullen
483 3351 575 3423 equiti
597 3355 703 3408 aurato
719 3349 889 3424 plenariam
910 3353 1041 3408 nostram
1060 3351 1091 3406 in
1113 3349 1159 3407 ln's
1174 3355 1344 3424 potestatem
1364 3365 1438 3408 oon-

149 3451 302 3522 cessimus,
329 3451 413 3524 eique
441 3452 540 3524 ripere
566 3467 604 3510 oc
633 3451 737 3510 uirtute
759 3451 941 3526 presentium
960 3453 1115 3510 literarum
1134 3449 1312 3523 facultatem
1333 3451 1438 3509 ciamus

219 3685 241 3718 ¹⁴
259 3685 409 3754 doctorem]
430 3687 536 3738 Proster
553 3687 625 3738 hune
643 3685 732 3736 lenum
751 3684 841 3736 nnllns
859 3687 982 3749 omnino,
1002 3686 1115 3737 sibene
1134 3687 1257 3749 memini,
1277 3687 1306 3738 in
1325 3685 1436 3752 esqueli-

151 3773 202 3823 bus
220 3771 331 3837 seriptis
350 3777 435 3835 extet,
455 3772 501 3836 qui
518 3772 637 3823 doctoris
655 3771 764 3822 nomine
782 3773 933 3822 Hnttennm
952 3772 1094 3838 insigniat.
1124 3771 1173 3822 sed
1191 3777 1267 3823 eerte
1285 3771 1314 3822 in
1326 3771 1437 3838 publico
1493 3795 1504 3817 ο

149 3859 330 3908 instrumento
347 3855 392 3907 hie
410 3857 506 3907 titulus
523 3873 577 3908 nnn
595 3861 743 3924 poneretur
761 3857 795 3907 nb
815 3857 1035 3924 archiepiscopo,
1054 3857 1109 3908 nisi
1127 3873 1188 3908 enm
1200 3857 1310 3909 honoris
1322 3857 1436 3924 grednm

149 3933 210 3993 inre
230 3955 280 3992 suo
297 3941 351 3991 sibi
370 3941 541 4006 edqnivieset
558 3943 713 4005 Retinens,
733 3943 862 4007 qnidqnid
879 3943 939 4008 ipse
958 3944 987 3991 in
1000 3943 1169 3994 Praeietione
1182 3942 1305 3993 Nominis
1324 3941 1359 3992 sd
1372 3941 1436 3992 Orn-

151 4033 208 4077 tnm
227 4025 333 4092 scripte
352 4023 388 4091 (Ι.
403 4043 429 4092 p.
444 4027 516 4092 175.)
535 4033 632 4079 contre
650 4027 743 4078 dicere
762 4028 898 4078 videntur.
933 4027 992 4078 Nisi
1005 4027 1091 4079 verbe
1111 4010 1260 4079 ‘doeto'rem
1273 4031 1436 4096 presentem‘

150 4111 325 4178 apertissime
343 4111 502 4177 legerentur
525 4111 599 4176 (nem
622 4113 655 4162 de
668 4113 814 4163 'edenrete
836 4112 902 4162 mihi
924 4113 1079 4162 transmissi
1104 4111 1222 4180 exempli
1239 4113 1292 4164 fide
1310 4113 1436 4164 dubitare
1480 4103 1481 4106 ¹
1532 4167 1537 4177 ,

150 4196 217 4248 mihi
239 4209 293 4247 non
316 4193 411 4262 licet),
436 4213 489 4248 non
511 4212 620 4276 possem
643 4213 698 4249 non
720 4199 857 4264 snspieeri
880 4201 984 4248 latorem
1007 4199 1159 4263 presentium
1182 4199 1313 4263 seriptum
1336 4198 1435 4248 fuisse:

148 4297 213 4332 nem
231 4285 288 4331 tnm
302 4279 444 4331 edieetnm
463 4283 575 4333 verbum
591 4290 758 4348 presentem,
777 4288 833 4333 tum
852 4283 967 4349 simplex
985 4285 1097 4334 doctoris
1115 4299 1228 4348 nomen,
1252 4283 1352 4334 emisse
1374 4285 1437 4334 iuris

148 4369 278 4432 utriusque
297 4365 467 4428 adiectione,
486 4367 572 4418 hebet
590 4369 660 4432 qnod
678 4367 703 4418 h.
718 4368 736 4421 l.
750 4384 792 4419 me
811 4367 932 4418 offendit.
968 4369 1004 4419 ln
1022 4369 1045 4419 si
1058 4368 1195 4418 doctorem
1209 4367 1376 4435 adgnoscere
1389 4369 1435 4418 de-

79 4452 85 4461 '
148 4453 244 4502 bemns
261 4453 381 4516 equitem
400 4457 529 4515 nostrum,
548 4453 614 4503 iuris
633 4453 771 4504 doctorem
790 4467 850 4504 oum
868 4453 1042 4504 habebimus:
1061 4469 1125 4505 nem
1142 4452 1215 4503 haud
1234 4452 1319 4504 iecile
1337 4454 1436 4503 estium

149 4537 310 4603 magistrum
334 4537 374 4587 ite
397 4537 536 4589 doctorem
560 4536 608 4588 illo
632 4545 754 4604 tempore
778 4538 970 4605 adpellebent3
995 4538 1145 4604 theologiae
1167 4555 1232 4590 vero
1256 4537 1434 4590 medininseve

149 4622 331 4685 doctoretnm,
351 4623 476 4687 quemvis
495 4629 523 4673 et
541 4624 591 4674 hoe
610 4627 725 4689 utroque
743 4624 879 4675 hominem
897 4639 954 4690 prm
972 4623 1065 4674 multis
1084 4624 1321 4675 reverendissimis
1333 4625 1435 4689 gratio·

149 4707 320 4773 sissimisqne
347 4707 459 4774 dignum
483 4709 543 4772 quis
565 4707 682 4772 iudicet,
707 4711 858 4760 iinttennm
882 4709 1009 4775 adeptum
1033 4709 1119 4761 inisse
1141 4723 1221 4760 nemo
1240 4710 1347 4760 dixerit.
1384 4707 1434 4760 Ce-

153 4797 242 4844 terum
262 4792 298 4843 ci.
312 4792 365 4844 vol.
381 4793 403 4843 Ι.
415 4809 442 4858 p.
456 4793 481 4844 5.
496 4808 553 4858 sqq.
568 4807 640 4844 num.
654 4795 690 4845 11.
744 4793 764 4828 ¹⁸
784 4793 1009 4846 concinendende
1027 4802 1066 4845 ert
1082 4797 1108 4844 in
1125 4795 1287 4862 opopropllo.'
