<?xml version="1.0" encoding="UTF-8"?>
<!DOCTYPE html PUBLIC "-//W3C//DTD XHTML 1.0 Transitional//EN"
    "http://www.w3.org/TR/xhtml1/DTD/xhtml1-transitional.dtd">
<html xmlns="http://www.w3.org/1999/xhtml" xml:lang="en" lang="en">
 <head>
  <title>
</title>
<meta http-equiv="Content-Type" content="text/html;charset=utf-8" />
  <meta name='ocr-system' content='tesseract 3.04.00' />
  <meta name='ocr-capabilities' content='ocr_page ocr_carea ocr_par ocr_line ocrx_word'/>
</head>
<body>
  <div class='ocr_page' id='page_1' title='image "./ulrichihuttenie12huttgoog_0226.png"; bbox 0 0 3382 5516; ppageno 0'>
   <div class='ocr_carea' id='block_1_1' title="bbox 193 381 1375 453">
    <p class='ocr_par' dir='ltr' id='par_1_1' title="bbox 193 381 1375 453">
     <span class='ocr_line' id='line_1_1' title="bbox 193 381 1375 453; baseline -0.002 -7"><span class='ocrx_word' id='word_1_1' title='bbox 193 411 340 446; x_wconf 67' lang='lat' dir='ltr'><strong>ramnum</strong></span> <span class='ocrx_word' id='word_1_2' title='bbox 358 411 394 446; x_wconf 77' lang='grc' dir='ltr'><strong>ΑΒ</strong></span> <span class='ocrx_word' id='word_1_3' title='bbox 412 411 584 453; x_wconf 67' lang='lat' dir='ltr'><strong>rutensem</strong></span> <span class='ocrx_word' id='word_1_4' title='bbox 605 399 744 448; x_wconf 71' lang='lat' dir='ltr'><strong>Pessum</strong></span> <span class='ocrx_word' id='word_1_5' title='bbox 761 411 916 447; x_wconf 65' lang='lat' dir='ltr'><strong>hunnorum</strong></span> <span class='ocrx_word' id='word_1_6' title='bbox 935 411 1072 446; x_wconf 73' lang='grc' dir='ltr'><strong>ΒΔῐιΙΑΊῈ</strong></span> <span class='ocrx_word' id='word_1_7' title='bbox 1090 409 1254 447; x_wconf 69' lang='lat' dir='ltr'><strong>onerosus.</strong></span> <span class='ocrx_word' id='word_1_8' title='bbox 1302 381 1375 452; x_wconf 64' lang='lat'><strong>207</strong></span> 
     </span>
    </p>
   </div>
   <div class='ocr_carea' id='block_1_2' title="bbox 96 526 1377 716">
    <p class='ocr_par' dir='ltr' id='par_1_2' title="bbox 96 526 1377 716">
     <span class='ocr_line' id='line_1_2' title="bbox 158 526 1376 631; baseline -0.001 -15"><span class='ocrx_word' id='word_1_9' title='bbox 158 566 318 630; x_wconf 84' lang='lat' dir='ltr'><strong>Repetitam</strong></span> <span class='ocrx_word' id='word_1_10' title='bbox 337 526 397 616; x_wconf 77' lang='lat' dir='ltr'><strong>esse</strong></span> <span class='ocrx_word' id='word_1_11' title='bbox 413 566 489 616; x_wconf 89' lang='lat' dir='ltr'><strong>Tran</strong></span> <span class='ocrx_word' id='word_1_12' title='bbox 508 565 567 615; x_wconf 90' lang='lat' dir='ltr'><strong>uilli</strong></span> <span class='ocrx_word' id='word_1_13' title='bbox 581 567 732 616; x_wconf 86' lang='lat' dir='ltr'><strong>orationem</strong></span> <span class='ocrx_word' id='word_1_14' title='bbox 749 565 873 616; x_wconf 76' lang='lat' dir='ltr'><strong>‘Viennae</strong></span> <span class='ocrx_word' id='word_1_15' title='bbox 888 563 971 615; x_wconf 62' lang='grc'><strong>1541)</strong></span> <span class='ocrx_word' id='word_1_16' title='bbox 996 545 1200 629; x_wconf 61' lang='grc' dir='ltr'><strong>Ὀιιίῑῑίιιςοιιιι</strong></span> <span class='ocrx_word' id='word_1_17' title='bbox 1218 563 1376 631; x_wconf 67' lang='lat' dir='ltr'><strong>(specimen</strong></span> 
     </span>
     <span class='ocr_line' id='line_1_3' title="bbox 96 581 1377 716; baseline 0.002 -17"><span class='ocrx_word' id='word_1_18' title='bbox 96 650 247 716; x_wconf 77' lang='lat' dir='ltr'><strong>liupger-im</strong></span> <span class='ocrx_word' id='word_1_19' title='bbox 260 650 378 700; x_wconf 76' lang='lat' dir='ltr'><strong>literatus</strong></span> <span class='ocrx_word' id='word_1_20' title='bbox 390 657 438 702; x_wconf 85' lang='lat' dir='ltr'><strong>etc.</strong></span> <span class='ocrx_word' id='word_1_21' title='bbox 457 581 507 700; x_wconf 37' lang='lat' dir='ltr'><strong>Fit.³</strong></span> <span class='ocrx_word' id='word_1_22' title='bbox 516 657 544 701; x_wconf 89' lang='lat' dir='ltr'><strong>et</strong></span> <span class='ocrx_word' id='word_1_23' title='bbox 556 651 621 715; x_wconf 87' lang='lat' dir='ltr'><strong>Lps.</strong></span> <span class='ocrx_word' id='word_1_24' title='bbox 636 649 710 700; x_wconf 81' lang='grc'><strong>171-1.</strong></span> <span class='ocrx_word' id='word_1_25' title='bbox 722 650 759 701; x_wconf 81' lang='lat'><strong>4⁰.</strong></span> <span class='ocrx_word' id='word_1_26' title='bbox 772 667 799 716; x_wconf 87' lang='lat' dir='ltr'><strong>p.</strong></span> <span class='ocrx_word' id='word_1_27' title='bbox 814 648 870 716; x_wconf 85' lang='grc' dir='ltr'><strong>16.)Ι</strong></span> <span class='ocrx_word' id='word_1_28' title='bbox 888 653 982 715; x_wconf 84' lang='lat' dir='ltr'><strong>aperte</strong></span> <span class='ocrx_word' id='word_1_29' title='bbox 996 649 1104 712; x_wconf 88' lang='lat' dir='ltr'><strong>quidem</strong></span> <span class='ocrx_word' id='word_1_30' title='bbox 1117 647 1199 714; x_wconf 76' lang='lat' dir='ltr'><strong>dicit,</strong></span> <span class='ocrx_word' id='word_1_31' title='bbox 1218 651 1267 700; x_wconf 89' lang='lat' dir='ltr'><strong>sed</strong></span> <span class='ocrx_word' id='word_1_32' title='bbox 1279 656 1309 700; x_wconf 92' lang='lat' dir='ltr'><strong>ut</strong></span> <span class='ocrx_word' id='word_1_33' title='bbox 1321 650 1377 701; x_wconf 87' lang='lat' dir='ltr'><strong>alia</strong></span> 
     </span>
    </p>
   </div>
   <div class='ocr_carea' id='block_1_3' title="bbox 44 733 1381 2583">
    <p class='ocr_par' dir='ltr' id='par_1_3' title="bbox 94 733 1379 1399">
     <span class='ocr_line' id='line_1_4' title="bbox 96 733 1377 802; baseline 0.003 -18"><span class='ocrx_word' id='word_1_34' title='bbox 96 735 126 784; x_wconf 93' lang='lat' dir='ltr'><strong>de</strong></span> <span class='ocrx_word' id='word_1_35' title='bbox 143 735 198 785; x_wconf 87' lang='lat' dir='ltr'><strong>boc</strong></span> <span class='ocrx_word' id='word_1_36' title='bbox 217 735 378 800; x_wconf 71' lang='lat' dir='ltr'><strong>Tranquillo</strong></span> <span class='ocrx_word' id='word_1_37' title='bbox 396 735 527 786; x_wconf 76' lang='lat' dir='ltr'><strong>Dalmata</strong></span> <span class='ocrx_word' id='word_1_38' title='bbox 544 750 639 800; x_wconf 83' lang='lat' dir='ltr'><strong>pamm</strong></span> <span class='ocrx_word' id='word_1_39' title='bbox 656 739 745 785; x_wconf 91' lang='lat' dir='ltr'><strong>recte:</strong></span> <span class='ocrx_word' id='word_1_40' title='bbox 765 749 828 784; x_wconf 89' lang='lat' dir='ltr'><strong>nam</strong></span> <span class='ocrx_word' id='word_1_41' title='bbox 847 750 873 784; x_wconf 94' lang='lat' dir='ltr'><strong>a.</strong></span> <span class='ocrx_word' id='word_1_42' title='bbox 888 733 960 783; x_wconf 81' lang='grc'><strong>1541.</strong></span> <span class='ocrx_word' id='word_1_43' title='bbox 980 733 1094 784; x_wconf 77' lang='lat' dir='ltr'><strong>Viennae</strong></span> <span class='ocrx_word' id='word_1_44' title='bbox 1107 735 1258 786; x_wconf 76' lang='lat' dir='ltr'><strong>Pannoniae</strong></span> <span class='ocrx_word' id='word_1_45' title='bbox 1276 752 1326 802; x_wconf 88' lang='lat' dir='ltr'><strong>per</strong></span> <span class='ocrx_word' id='word_1_46' title='bbox 1336 737 1377 792; x_wconf 90' lang='lat' dir='ltr'><strong>Io.</strong></span> 
     </span>
     <span class='ocr_line' id='line_1_5' title="bbox 96 818 1377 884; baseline 0.002 -16"><span class='ocrx_word' id='word_1_47' title='bbox 96 819 269 884; x_wconf 78' lang='lat' dir='ltr'><strong>Singrenium</strong></span> <span class='ocrx_word' id='word_1_48' title='bbox 289 820 358 882; x_wconf 86' lang='lat' dir='ltr'><strong>alia,</strong></span> <span class='ocrx_word' id='word_1_49' title='bbox 383 820 481 882; x_wconf 86' lang='lat' dir='ltr'><strong>tertia,</strong></span> <span class='ocrx_word' id='word_1_50' title='bbox 507 819 628 870; x_wconf 89' lang='lat' dir='ltr'><strong>eiusdem</strong></span> <span class='ocrx_word' id='word_1_51' title='bbox 651 821 772 870; x_wconf 84' lang='lat' dir='ltr'><strong>auctoris</strong></span> <span class='ocrx_word' id='word_1_52' title='bbox 790 818 888 870; x_wconf 78' lang='lat' dir='ltr'><strong>Oratio</strong></span> <span class='ocrx_word' id='word_1_53' title='bbox 913 819 950 869; x_wconf 89' lang='lat' dir='ltr'><strong>ad</strong></span> <span class='ocrx_word' id='word_1_54' title='bbox 969 818 1120 869; x_wconf 84' lang='lat' dir='ltr'><strong>Germanos</strong></span> <span class='ocrx_word' id='word_1_55' title='bbox 1143 819 1177 870; x_wconf 91' lang='lat' dir='ltr'><strong>de</strong></span> <span class='ocrx_word' id='word_1_56' title='bbox 1200 819 1274 871; x_wconf 88' lang='lat' dir='ltr'><strong>ballo</strong></span> <span class='ocrx_word' id='word_1_57' title='bbox 1291 821 1377 871; x_wconf 90' lang='lat' dir='ltr'><strong>susci·</strong></span> 
     </span>
     <span class='ocr_line' id='line_1_6' title="bbox 95 889 1377 976; baseline 0 -22"><span class='ocrx_word' id='word_1_58' title='bbox 95 905 194 970; x_wconf 88' lang='lat' dir='ltr'><strong>piendo</strong></span> <span class='ocrx_word' id='word_1_59' title='bbox 214 909 312 954; x_wconf 88' lang='lat' dir='ltr'><strong>contra</strong></span> <span class='ocrx_word' id='word_1_60' title='bbox 328 903 452 976; x_wconf 82' lang='lat' dir='ltr'><strong>Thureoe</strong></span> <span class='ocrx_word' id='word_1_61' title='bbox 469 903 613 970; x_wconf 89' lang='lat' dir='ltr'><strong>publicata</strong></span> <span class='ocrx_word' id='word_1_62' title='bbox 631 909 688 966; x_wconf 89' lang='lat' dir='ltr'><strong>eet,</strong></span> <span class='ocrx_word' id='word_1_63' title='bbox 707 919 767 970; x_wconf 80' lang='lat' dir='ltr'><strong>qum</strong></span> <span class='ocrx_word' id='word_1_64' title='bbox 786 920 803 954; x_wconf 89' lang='lat' dir='ltr'><strong>a</strong></span> <span class='ocrx_word' id='word_1_65' title='bbox 820 919 863 954; x_wconf 88' lang='lat' dir='ltr'><strong>me</strong></span> <span class='ocrx_word' id='word_1_66' title='bbox 882 917 937 954; x_wconf 91' lang='lat' dir='ltr'><strong>nou</strong></span> <span class='ocrx_word' id='word_1_67' title='bbox 954 903 1016 954; x_wconf 88' lang='lat' dir='ltr'><strong>visa</strong></span> <span class='ocrx_word' id='word_1_68' title='bbox 1033 889 1184 954; x_wconf 82' lang='lat' dir='ltr'><strong>seeundum</strong></span> <span class='ocrx_word' id='word_1_69' title='bbox 1202 906 1260 955; x_wconf 89' lang='lat' dir='ltr'><strong>eine</strong></span> <span class='ocrx_word' id='word_1_70' title='bbox 1278 905 1377 956; x_wconf 89' lang='lat' dir='ltr'><strong>descri-</strong></span> 
     </span>
     <span class='ocr_line' id='line_1_7' title="bbox 95 987 1379 1055; baseline 0.003 -17"><span class='ocrx_word' id='word_1_71' title='bbox 95 990 217 1054; x_wconf 87' lang='lat' dir='ltr'><strong>ptionem</strong></span> <span class='ocrx_word' id='word_1_72' title='bbox 235 1005 278 1055; x_wconf 86' lang='lat' dir='ltr'><strong>ap.</strong></span> <span class='ocrx_word' id='word_1_73' title='bbox 291 989 378 1040; x_wconf 87' lang='lat' dir='ltr'><strong>Denie</strong></span> <span class='ocrx_word' id='word_1_74' title='bbox 395 988 413 1039; x_wconf 93' lang='lat' dir='ltr'><strong>l.</strong></span> <span class='ocrx_word' id='word_1_75' title='bbox 428 1004 452 1039; x_wconf 90' lang='lat' dir='ltr'><strong>c.</strong></span> <span class='ocrx_word' id='word_1_76' title='bbox 465 1005 493 1055; x_wconf 94' lang='lat' dir='ltr'><strong>p.</strong></span> <span class='ocrx_word' id='word_1_77' title='bbox 504 987 562 1038; x_wconf 77' lang='lat'><strong>402.</strong></span> <span class='ocrx_word' id='word_1_78' title='bbox 578 1004 618 1054; x_wconf 90' lang='lat' dir='ltr'><strong>sq.</strong></span> <span class='ocrx_word' id='word_1_79' title='bbox 633 989 667 1039; x_wconf 93' lang='lat' dir='ltr'><strong>ab</strong></span> <span class='ocrx_word' id='word_1_80' title='bbox 685 993 801 1054; x_wconf 89' lang='lat' dir='ltr'><strong>utraque</strong></span> <span class='ocrx_word' id='word_1_81' title='bbox 818 989 847 1039; x_wconf 91' lang='lat' dir='ltr'><strong>iu</strong></span> <span class='ocrx_word' id='word_1_82' title='bbox 865 993 957 1039; x_wconf 88' lang='lat' dir='ltr'><strong>nostro</strong></span> <span class='ocrx_word' id='word_1_83' title='bbox 975 987 1114 1039; x_wconf 80' lang='lat' dir='ltr'><strong>volumine</strong></span> <span class='ocrx_word' id='word_1_84' title='bbox 1132 991 1252 1055; x_wconf 88' lang='lat' dir='ltr'><strong>repetita</strong></span> <span class='ocrx_word' id='word_1_85' title='bbox 1269 989 1379 1042; x_wconf 81' lang='lat' dir='ltr'><strong>diversa</strong></span> 
     </span>
     <span class='ocr_line' id='line_1_8' title="bbox 97 1073 1376 1139; baseline 0.003 -17"><span class='ocrx_word' id='word_1_86' title='bbox 97 1079 147 1124; x_wconf 86' lang='lat' dir='ltr'><strong>est:</strong></span> <span class='ocrx_word' id='word_1_87' title='bbox 172 1090 239 1124; x_wconf 83' lang='lat' dir='ltr'><strong>nam</strong></span> <span class='ocrx_word' id='word_1_88' title='bbox 257 1075 316 1139; x_wconf 89' lang='lat' dir='ltr'><strong>ipse</strong></span> <span class='ocrx_word' id='word_1_89' title='bbox 334 1073 505 1124; x_wconf 72' lang='lat' dir='ltr'>Andronicus</span> <span class='ocrx_word' id='word_1_90' title='bbox 524 1073 563 1124; x_wconf 88' lang='lat' dir='ltr'><strong>ibi</strong></span> <span class='ocrx_word' id='word_1_91' title='bbox 585 1073 690 1138; x_wconf 87' lang='lat' dir='ltr'><strong>„multo</strong></span> <span class='ocrx_word' id='word_1_92' title='bbox 709 1075 791 1124; x_wconf 87' lang='lat' dir='ltr'><strong>aute”</strong></span> <span class='ocrx_word' id='word_1_93' title='bbox 810 1075 851 1124; x_wconf 91' lang='lat' dir='ltr'><strong>ait</strong></span> <span class='ocrx_word' id='word_1_94' title='bbox 874 1073 998 1136; x_wconf 77' lang='lat' dir='ltr'><strong>„italicis</strong></span> <span class='ocrx_word' id='word_1_95' title='bbox 1015 1074 1153 1124; x_wconf 77' lang='lat' dir='ltr'><strong>memoriae</strong></span> <span class='ocrx_word' id='word_1_96' title='bbox 1170 1074 1233 1125; x_wconf 90' lang='lat' dir='ltr'><strong>diuo</strong></span> <span class='ocrx_word' id='word_1_97' title='bbox 1251 1076 1376 1126; x_wconf 81' lang='lat' dir='ltr'><strong>Maximi·</strong></span> 
     </span>
     <span class='ocr_line' id='line_1_9' title="bbox 95 1156 1378 1233; baseline 0.002 -26"><span class='ocrx_word' id='word_1_98' title='bbox 95 1157 167 1208; x_wconf 86' lang='lat' dir='ltr'><strong>liano</strong></span> <span class='ocrx_word' id='word_1_99' title='bbox 187 1156 293 1209; x_wconf 81' lang='lat' dir='ltr'><strong>Caesari</strong></span> <span class='ocrx_word' id='word_1_100' title='bbox 312 1159 475 1223; x_wconf 76' lang='lat' dir='ltr'><strong>germenurir</strong></span> <span class='ocrx_word' id='word_1_101' title='bbox 493 1159 625 1224; x_wconf 76' lang='lat' dir='ltr'><strong>Principii</strong></span> <span class='ocrx_word' id='word_1_102' title='bbox 643 1156 773 1224; x_wconf 79' lang='lat' dir='ltr'><strong>Augustae</strong></span> <span class='ocrx_word' id='word_1_103' title='bbox 792 1159 930 1208; x_wconf 75' lang='lat' dir='ltr'><strong>constantii</strong></span> <span class='ocrx_word' id='word_1_104' title='bbox 949 1159 1056 1223; x_wconf 82' lang='lat' dir='ltr'><strong>agenti,</strong></span> <span class='ocrx_word' id='word_1_105' title='bbox 1076 1158 1147 1233; x_wconf 79' lang='lat' dir='ltr'><strong>quqd</strong></span> <span class='ocrx_word' id='word_1_106' title='bbox 1165 1159 1207 1208; x_wconf 90' lang='lat' dir='ltr'><strong>illi</strong></span> <span class='ocrx_word' id='word_1_107' title='bbox 1225 1157 1297 1222; x_wconf 72' lang='lat' dir='ltr'><strong>fere,</strong></span> <span class='ocrx_word' id='word_1_108' title='bbox 1316 1159 1378 1210; x_wconf 88' lang='lat' dir='ltr'><strong>ulti·</strong></span> 
     </span>
     <span class='ocr_line' id='line_1_10' title="bbox 95 1241 1379 1309; baseline 0.003 -18"><span class='ocrx_word' id='word_1_109' title='bbox 95 1257 164 1292; x_wconf 87' lang='lat' dir='ltr'><strong>mum</strong></span> <span class='ocrx_word' id='word_1_110' title='bbox 188 1243 343 1293; x_wconf 81' lang='lat' dir='ltr'><strong>bumanorr&#39;r</strong></span> <span class='ocrx_word' id='word_1_111' title='bbox 366 1259 478 1309; x_wconf 88' lang='lat' dir='ltr'><strong>opernm</strong></span> <span class='ocrx_word' id='word_1_112' title='bbox 500 1241 565 1305; x_wconf 82' lang='lat' dir='ltr'><strong>init,</strong></span> <span class='ocrx_word' id='word_1_113' title='bbox 595 1243 745 1309; x_wconf 73' lang='lat' dir='ltr'><strong>predixerit</strong></span> <span class='ocrx_word' id='word_1_114' title='bbox 768 1241 863 1293; x_wconf 89' lang='lat' dir='ltr'><strong>oblata</strong></span> <span class='ocrx_word' id='word_1_115' title='bbox 888 1243 1025 1305; x_wconf 89' lang='lat' dir='ltr'><strong>oratione,</strong></span> <span class='ocrx_word' id='word_1_116' title='bbox 1054 1257 1107 1308; x_wconf 84' lang='lat' dir='ltr'><strong>qua</strong></span> <span class='ocrx_word' id='word_1_117' title='bbox 1131 1245 1322 1296; x_wconf 75' lang='lat' dir='ltr'><strong>continebitur</strong></span> <span class='ocrx_word' id='word_1_118' title='bbox 1339 1248 1379 1296; x_wconf 83' lang='lat'><strong>..&#39;&#39;</strong></span> 
     </span>
     <span class='ocr_line' id='line_1_11' title="bbox 94 1324 1043 1399; baseline -0.001 -19"><span class='ocrx_word' id='word_1_119' title='bbox 94 1327 146 1391; x_wconf 68' lang='lat' dir='ltr'><strong>„br</strong></span> <span class='ocrx_word' id='word_1_120' title='bbox 164 1324 239 1382; x_wconf 79' lang='lat' dir='ltr'><strong>nulle</strong></span> <span class='ocrx_word' id='word_1_121' title='bbox 257 1325 310 1394; x_wconf 79' lang='lat' dir='ltr'><strong>elle</strong></span> <span class='ocrx_word' id='word_1_122' title='bbox 328 1325 366 1382; x_wconf 81' lang='lat' dir='ltr'><strong>tie</strong></span> <span class='ocrx_word' id='word_1_123' title='bbox 383 1325 515 1399; x_wconf 81' lang='lat' dir='ltr'><strong>ttinqeute</strong></span> <span class='ocrx_word' id='word_1_124' title='bbox 534 1325 629 1393; x_wconf 71' lang='grc'><strong>(1111111</strong></span> <span class='ocrx_word' id='word_1_125' title='bbox 646 1326 704 1392; x_wconf 77' lang='lat' dir='ltr'><strong>uach</strong></span> <span class='ocrx_word' id='word_1_126' title='bbox 722 1327 818 1382; x_wconf 75' lang='lat' dir='ltr'><strong>alumni</strong></span> <span class='ocrx_word' id='word_1_127' title='bbox 835 1325 978 1391; x_wconf 70' lang='grc' dir='ltr'><strong>1111111111Ι</strong></span> <span class='ocrx_word' id='word_1_128' title='bbox 996 1327 1043 1379; x_wconf 76' lang='lat' dir='ltr'><strong>bc.</strong></span> 
     </span>
    </p>

    <p class='ocr_par' dir='ltr' id='par_1_4' title="bbox 44 1411 1381 2583">
     <span class='ocr_line' id='line_1_12' title="bbox 159 1411 1380 1480; baseline 0.003 -18"><span class='ocrx_word' id='word_1_129' title='bbox 159 1413 204 1462; x_wconf 92' lang='lat' dir='ltr'><strong>De</strong></span> <span class='ocrx_word' id='word_1_130' title='bbox 224 1412 282 1463; x_wconf 86' lang='lat' dir='ltr'><strong>vita</strong></span> <span class='ocrx_word' id='word_1_131' title='bbox 299 1411 380 1462; x_wconf 92' lang='lat' dir='ltr'><strong>huius</strong></span> <span class='ocrx_word' id='word_1_132' title='bbox 397 1411 559 1474; x_wconf 82' lang='lat' dir='ltr'>Andronici,</span> <span class='ocrx_word' id='word_1_133' title='bbox 586 1427 664 1476; x_wconf 89' lang='lat' dir='ltr'><strong>quem</strong></span> <span class='ocrx_word' id='word_1_134' title='bbox 683 1413 859 1478; x_wconf 84' lang='lat' dir='ltr'><strong>Rugusunum</strong></span> <span class='ocrx_word' id='word_1_135' title='bbox 882 1413 969 1462; x_wconf 81' lang='lat' dir='ltr'><strong>fuisse</strong></span> <span class='ocrx_word' id='word_1_136' title='bbox 994 1429 1026 1463; x_wconf 83' lang='lat' dir='ltr'><strong>ex</strong></span> <span class='ocrx_word' id='word_1_137' title='bbox 1049 1413 1231 1480; x_wconf 79' lang='lat' dir='ltr'><strong>inscriptione</strong></span> <span class='ocrx_word' id='word_1_138' title='bbox 1250 1416 1380 1466; x_wconf 74' lang='lat' dir='ltr'><strong>carminis</strong></span> 
     </span>
     <span class='ocr_line' id='line_1_13' title="bbox 95 1495 1378 1563; baseline 0.003 -17"><span class='ocrx_word' id='word_1_139' title='bbox 95 1496 304 1548; x_wconf 71' lang='lat' dir='ltr'><strong>vindobonensi</strong></span> <span class='ocrx_word' id='word_1_140' title='bbox 327 1495 451 1561; x_wconf 88' lang='lat' dir='ltr'><strong>exemplo</strong></span> <span class='ocrx_word' id='word_1_141' title='bbox 475 1497 618 1562; x_wconf 88' lang='lat' dir='ltr'><strong>Pomponi&#39;</strong></span> <span class='ocrx_word' id='word_1_142' title='bbox 630 1495 712 1547; x_wconf 83' lang='lat' dir='ltr'><strong>Melea</strong></span> <span class='ocrx_word' id='word_1_143' title='bbox 735 1498 806 1563; x_wconf 88' lang='lat' dir='ltr'><strong>quod</strong></span> <span class='ocrx_word' id='word_1_144' title='bbox 829 1512 854 1547; x_wconf 87' lang='lat' dir='ltr'><strong>a.</strong></span> <span class='ocrx_word' id='word_1_145' title='bbox 870 1495 943 1548; x_wconf 82' lang='lat'><strong>1518.</strong></span> <span class='ocrx_word' id='word_1_146' title='bbox 958 1496 1006 1548; x_wconf 82' lang='lat' dir='ltr'><strong>iol.</strong></span> <span class='ocrx_word' id='word_1_147' title='bbox 1027 1497 1130 1562; x_wconf 89' lang='lat' dir='ltr'><strong>prodiit</strong></span> <span class='ocrx_word' id='word_1_148' title='bbox 1152 1499 1199 1562; x_wconf 85' lang='lat' dir='ltr'><strong>(ci.</strong></span> <span class='ocrx_word' id='word_1_149' title='bbox 1218 1499 1378 1550; x_wconf 80' lang='lat' dir='ltr'><strong>Daniele.</strong></span> 
     </span>
     <span class='ocr_line' id='line_1_14' title="bbox 44 1569 1378 1650; baseline 0.003 -20"><span class='ocrx_word' id='word_1_150' title='bbox 44 1569 48 1580; x_wconf 60' lang='grc'><strong>“</strong></span> <span class='ocrx_word' id='word_1_151' title='bbox 96 1599 120 1648; x_wconf 88' lang='lat' dir='ltr'><strong>p.</strong></span> <span class='ocrx_word' id='word_1_152' title='bbox 134 1579 207 1645; x_wconf 84' lang='grc'><strong>187.)</strong></span> <span class='ocrx_word' id='word_1_153' title='bbox 229 1581 336 1630; x_wconf 86' lang='lat' dir='ltr'><strong>adiecto</strong></span> <span class='ocrx_word' id='word_1_154' title='bbox 355 1581 465 1644; x_wconf 89' lang='lat' dir='ltr'><strong>ecimus,</strong></span> <span class='ocrx_word' id='word_1_155' title='bbox 484 1582 584 1647; x_wconf 87' lang='lat' dir='ltr'><strong>quique</strong></span> <span class='ocrx_word' id='word_1_156' title='bbox 603 1597 620 1631; x_wconf 89' lang='lat' dir='ltr'><strong>a</strong></span> <span class='ocrx_word' id='word_1_157' title='bbox 631 1579 778 1632; x_wconf 82' lang='lat' dir='ltr'><strong>Parthenia</strong></span> <span class='ocrx_word' id='word_1_158' title='bbox 790 1579 938 1632; x_wconf 78' lang='lat' dir='ltr'><strong>Dalmatiae</strong></span> <span class='ocrx_word' id='word_1_159' title='bbox 957 1581 1057 1648; x_wconf 92' lang='lat' dir='ltr'><strong>populo</strong></span> <span class='ocrx_word' id='word_1_160' title='bbox 1071 1583 1142 1648; x_wconf 87' lang='lat' dir='ltr'><strong>apud</strong></span> <span class='ocrx_word' id='word_1_161' title='bbox 1152 1584 1271 1648; x_wconf 74' lang='lat' dir='ltr'><strong>Litium,</strong></span> <span class='ocrx_word' id='word_1_162' title='bbox 1284 1586 1378 1650; x_wconf 87' lang='lat' dir='ltr'>Pomp.</span> 
     </span>
     <span class='ocr_line' id='line_1_15' title="bbox 95 1665 1379 1736; baseline 0.004 -20"><span class='ocrx_word' id='word_1_163' title='bbox 95 1665 205 1728; x_wconf 79' lang='lat' dir='ltr'><strong>Melam,</strong></span> <span class='ocrx_word' id='word_1_164' title='bbox 225 1665 353 1728; x_wconf 82' lang='lat' dir='ltr'><strong>Plinium,</strong></span> <span class='ocrx_word' id='word_1_165' title='bbox 372 1665 489 1716; x_wconf 89' lang='lat' dir='ltr'><strong>Diouem</strong></span> <span class='ocrx_word' id='word_1_166' title='bbox 502 1665 640 1728; x_wconf 79' lang='lat' dir='ltr'><strong>Caesium,</strong></span> <span class='ocrx_word' id='word_1_167' title='bbox 660 1665 831 1731; x_wconf 71' lang='lat' dir='ltr'><strong>Stephanum</strong></span> <span class='ocrx_word' id='word_1_168' title='bbox 841 1667 918 1732; x_wconf 64' lang='lat' dir='ltr'><strong>Byr„</strong></span> <span class='ocrx_word' id='word_1_169' title='bbox 938 1666 1009 1716; x_wconf 88' lang='lat' dir='ltr'><strong>alios</strong></span> <span class='ocrx_word' id='word_1_170' title='bbox 1026 1673 1176 1718; x_wconf 84' lang='lat' dir='ltr'><strong>memorato</strong></span> <span class='ocrx_word' id='word_1_171' title='bbox 1196 1668 1246 1732; x_wconf 84' lang='lat' dir='ltr'><strong>(ci.</strong></span> <span class='ocrx_word' id='word_1_172' title='bbox 1261 1671 1379 1736; x_wconf 81' lang='lat' dir='ltr'><strong>interpp.</strong></span> 
     </span>
     <span class='ocr_line' id='line_1_16' title="bbox 96 1742 1381 1817; baseline 0.002 -17"><span class='ocrx_word' id='word_1_173' title='bbox 96 1751 130 1800; x_wconf 84' lang='lat' dir='ltr'><strong>ad</strong></span> <span class='ocrx_word' id='word_1_174' title='bbox 141 1742 216 1802; x_wconf 87' lang='lat' dir='ltr'><strong>Plin.</strong></span> <span class='ocrx_word' id='word_1_175' title='bbox 228 1751 264 1800; x_wconf 86' lang='grc' dir='ltr'><strong>Η.</strong></span> <span class='ocrx_word' id='word_1_176' title='bbox 276 1751 309 1800; x_wconf 86' lang='lat' dir='ltr'><strong>N.</strong></span> <span class='ocrx_word' id='word_1_177' title='bbox 322 1750 373 1800; x_wconf 86' lang='lat'><strong>111.</strong></span> <span class='ocrx_word' id='word_1_178' title='bbox 386 1749 429 1800; x_wconf 79' lang='lat'><strong>22.</strong></span> <span class='ocrx_word' id='word_1_179' title='bbox 442 1755 510 1801; x_wconf 88' lang='lat' dir='ltr'><strong>sect.</strong></span> <span class='ocrx_word' id='word_1_180' title='bbox 524 1747 577 1815; x_wconf 79' lang='lat'><strong>26.)</strong></span> <span class='ocrx_word' id='word_1_181' title='bbox 595 1751 774 1802; x_wconf 78' lang='lat' dir='ltr'><strong>Parthenium</strong></span> <span class='ocrx_word' id='word_1_182' title='bbox 791 1765 853 1802; x_wconf 88' lang='lat' dir='ltr'><strong>ecee</strong></span> <span class='ocrx_word' id='word_1_183' title='bbox 871 1750 1032 1817; x_wconf 84' lang='lat' dir='ltr'><strong>adpellavit,</strong></span> <span class='ocrx_word' id='word_1_184' title='bbox 1052 1751 1130 1800; x_wconf 91' lang='lat' dir='ltr'><strong>multi</strong></span> <span class='ocrx_word' id='word_1_185' title='bbox 1142 1749 1196 1803; x_wconf 78' lang='lat' dir='ltr'><strong>ndn</strong></span> <span class='ocrx_word' id='word_1_186' title='bbox 1209 1752 1321 1804; x_wconf 90' lang='lat' dir='ltr'><strong>multum</strong></span> <span class='ocrx_word' id='word_1_187' title='bbox 1333 1753 1381 1802; x_wconf 90' lang='lat' dir='ltr'><strong>hn-</strong></span> 
     </span>
     <span class='ocr_line' id='line_1_17' title="bbox 95 1823 1379 1901; baseline 0.003 -16"><span class='ocrx_word' id='word_1_188' title='bbox 95 1836 174 1898; x_wconf 90' lang='lat' dir='ltr'><strong>bent,</strong></span> <span class='ocrx_word' id='word_1_189' title='bbox 193 1836 299 1901; x_wconf 89' lang='lat' dir='ltr'><strong>optima</strong></span> <span class='ocrx_word' id='word_1_190' title='bbox 316 1835 448 1884; x_wconf 88' lang='lat' dir='ltr'><strong>Denieius</strong></span> <span class='ocrx_word' id='word_1_191' title='bbox 466 1833 514 1886; x_wconf 89' lang='lat' dir='ltr'><strong>l.c.</strong></span> <span class='ocrx_word' id='word_1_192' title='bbox 554 1823 737 1900; x_wconf 73' lang='grc' dir='ltr'><strong>Πο1ι3ιοοπον</strong></span> <span class='ocrx_word' id='word_1_193' title='bbox 754 1835 891 1886; x_wconf 87' lang='lat' dir='ltr'><strong>bominem</strong></span> <span class='ocrx_word' id='word_1_194' title='bbox 909 1837 994 1886; x_wconf 82' lang='lat' dir='ltr'><strong>luisse</strong></span> <span class='ocrx_word' id='word_1_195' title='bbox 1012 1851 1067 1887; x_wconf 89' lang='lat' dir='ltr'><strong>non</strong></span> <span class='ocrx_word' id='word_1_196' title='bbox 1084 1836 1172 1888; x_wconf 88' lang='lat' dir='ltr'><strong>solum</strong></span> <span class='ocrx_word' id='word_1_197' title='bbox 1190 1854 1224 1888; x_wconf 88' lang='lat' dir='ltr'><strong>ex</strong></span> <span class='ocrx_word' id='word_1_198' title='bbox 1243 1839 1302 1888; x_wconf 89' lang='lat' dir='ltr'><strong>eius</strong></span> <span class='ocrx_word' id='word_1_199' title='bbox 1319 1853 1379 1888; x_wconf 87' lang='lat' dir='ltr'><strong>ora-</strong></span> 
     </span>
     <span class='ocr_line' id='line_1_18' title="bbox 94 1917 1380 1988; baseline 0.003 -19"><span class='ocrx_word' id='word_1_200' title='bbox 94 1923 170 1972; x_wconf 89' lang='lat' dir='ltr'><strong>tione</strong></span> <span class='ocrx_word' id='word_1_201' title='bbox 190 1920 234 1970; x_wconf 88' lang='lat' dir='ltr'><strong>‘de</strong></span> <span class='ocrx_word' id='word_1_202' title='bbox 252 1917 381 1970; x_wconf 75' lang='lat' dir='ltr'><strong>laudibus</strong></span> <span class='ocrx_word' id='word_1_203' title='bbox 400 1918 565 1986; x_wconf 76' lang='lat' dir='ltr'><strong>eloquentiae</strong></span> <span class='ocrx_word' id='word_1_204' title='bbox 584 1921 689 1986; x_wconf 75' lang='lat' dir='ltr'><strong>Lipsiae</strong></span> <span class='ocrx_word' id='word_1_205' title='bbox 712 1919 738 1970; x_wconf 91' lang='lat' dir='ltr'><strong>d.</strong></span> <span class='ocrx_word' id='word_1_206' title='bbox 751 1919 793 1974; x_wconf 78' lang='lat'><strong>23.</strong></span> <span class='ocrx_word' id='word_1_207' title='bbox 805 1921 875 1986; x_wconf 77' lang='lat' dir='ltr'><strong>sug.</strong></span> <span class='ocrx_word' id='word_1_208' title='bbox 896 1937 920 1971; x_wconf 86' lang='lat' dir='ltr'><strong>a.</strong></span> <span class='ocrx_word' id='word_1_209' title='bbox 935 1919 1009 1972; x_wconf 79' lang='grc'><strong>1518.</strong></span> <span class='ocrx_word' id='word_1_210' title='bbox 1026 1923 1217 1988; x_wconf 71' lang='lat' dir='ltr'><strong>pronunciata*</strong></span> <span class='ocrx_word' id='word_1_211' title='bbox 1242 1922 1329 1986; x_wconf 89' lang='lat' dir='ltr'><strong>(inest</strong></span> <span class='ocrx_word' id='word_1_212' title='bbox 1351 1925 1380 1974; x_wconf 90' lang='lat' dir='ltr'><strong>in</strong></span> 
     </span>
     <span class='ocr_line' id='line_1_19' title="bbox 99 2003 1380 2071; baseline 0.002 -17"><span class='ocrx_word' id='word_1_213' title='bbox 99 2005 195 2056; x_wconf 87' lang='lat' dir='ltr'><strong>eodem</strong></span> <span class='ocrx_word' id='word_1_214' title='bbox 214 2003 342 2054; x_wconf 88' lang='lat' dir='ltr'><strong>biblioth.</strong></span> <span class='ocrx_word' id='word_1_215' title='bbox 354 2011 467 2055; x_wconf 86' lang='lat' dir='ltr'><strong>senatus</strong></span> <span class='ocrx_word' id='word_1_216' title='bbox 479 2006 569 2070; x_wconf 73' lang='lat' dir='ltr'><strong>Lipe.*</strong></span> <span class='ocrx_word' id='word_1_217' title='bbox 576 2004 726 2067; x_wconf 78' lang='lat' dir='ltr'><strong>volumine,</strong></span> <span class='ocrx_word' id='word_1_218' title='bbox 748 2021 781 2054; x_wconf 84' lang='lat' dir='ltr'><strong>ex</strong></span> <span class='ocrx_word' id='word_1_219' title='bbox 799 2019 852 2071; x_wconf 90' lang='lat' dir='ltr'><strong>qno</strong></span> <span class='ocrx_word' id='word_1_220' title='bbox 870 2007 1023 2056; x_wconf 83' lang='lat' dir='ltr'><strong>orationem</strong></span> <span class='ocrx_word' id='word_1_221' title='bbox 1041 2006 1076 2056; x_wconf 85' lang='lat' dir='ltr'><strong>ad</strong></span> <span class='ocrx_word' id='word_1_222' title='bbox 1088 2006 1239 2057; x_wconf 86' lang='lat' dir='ltr'><strong>Germanos</strong></span> <span class='ocrx_word' id='word_1_223' title='bbox 1256 2007 1380 2058; x_wconf 86' lang='lat' dir='ltr'><strong>habitam</strong></span> 
     </span>
     <span class='ocr_line' id='line_1_20' title="bbox 95 2085 1379 2158; baseline 0.002 -19"><span class='ocrx_word' id='word_1_224' title='bbox 95 2087 247 2156; x_wconf 82' lang='lat' dir='ltr'><strong>desumpsi)</strong></span> <span class='ocrx_word' id='word_1_225' title='bbox 266 2088 394 2154; x_wconf 83' lang='lat' dir='ltr'><strong>probavit</strong></span> <span class='ocrx_word' id='word_1_226' title='bbox 411 2090 555 2152; x_wconf 80' lang='lat' dir='ltr'><strong>Danielus,</strong></span> <span class='ocrx_word' id='word_1_227' title='bbox 575 2091 623 2139; x_wconf 86' lang='lat' dir='ltr'><strong>sed</strong></span> <span class='ocrx_word' id='word_1_228' title='bbox 642 2089 718 2138; x_wconf 89' lang='lat' dir='ltr'><strong>illum</strong></span> <span class='ocrx_word' id='word_1_229' title='bbox 733 2085 820 2140; x_wconf 73' lang='lat' dir='ltr'><strong>”etiam</strong></span> <span class='ocrx_word' id='word_1_230' title='bbox 839 2097 903 2141; x_wconf 87' lang='lat' dir='ltr'><strong>ante</strong></span> <span class='ocrx_word' id='word_1_231' title='bbox 924 2107 1004 2156; x_wconf 86' lang='lat' dir='ltr'><strong>quum</strong></span> <span class='ocrx_word' id='word_1_232' title='bbox 1021 2091 1197 2142; x_wconf 83' lang='lat' dir='ltr'><strong>Germaniam</strong></span> <span class='ocrx_word' id='word_1_233' title='bbox 1215 2108 1379 2158; x_wconf 80' lang='lat' dir='ltr'><strong>pervagare-</strong></span> 
     </span>
     <span class='ocr_line' id='line_1_21' title="bbox 95 2175 1379 2242; baseline 0.002 -19"><span class='ocrx_word' id='word_1_234' title='bbox 95 2181 151 2233; x_wconf 88' lang='lat' dir='ltr'><strong>tur,</strong></span> <span class='ocrx_word' id='word_1_235' title='bbox 175 2175 204 2225; x_wconf 92' lang='lat' dir='ltr'><strong>in</strong></span> <span class='ocrx_word' id='word_1_236' title='bbox 222 2175 374 2224; x_wconf 80' lang='lat' dir='ltr'><strong>Tuccarum</strong></span> <span class='ocrx_word' id='word_1_237' title='bbox 391 2175 491 2225; x_wconf 89' lang='lat' dir='ltr'><strong>linibus</strong></span> <span class='ocrx_word' id='word_1_238' title='bbox 510 2175 608 2237; x_wconf 88' lang='lat' dir='ltr'><strong>t&#39;uiese,</strong></span> <span class='ocrx_word' id='word_1_239' title='bbox 634 2175 704 2240; x_wconf 90' lang='lat' dir='ltr'><strong>quod</strong></span> <span class='ocrx_word' id='word_1_240' title='bbox 723 2191 756 2224; x_wconf 83' lang='lat' dir='ltr'><strong>ex</strong></span> <span class='ocrx_word' id='word_1_241' title='bbox 774 2175 897 2224; x_wconf 88' lang='lat' dir='ltr'><strong>oratione</strong></span> <span class='ocrx_word' id='word_1_242' title='bbox 917 2175 952 2225; x_wconf 86' lang='lat' dir='ltr'><strong>ud</strong></span> <span class='ocrx_word' id='word_1_243' title='bbox 971 2175 1122 2226; x_wconf 82' lang='lat' dir='ltr'><strong>Germanos</strong></span> <span class='ocrx_word' id='word_1_244' title='bbox 1139 2175 1237 2227; x_wconf 92' lang='lat' dir='ltr'><strong>habita</strong></span> <span class='ocrx_word' id='word_1_245' title='bbox 1255 2175 1379 2242; x_wconf 89' lang='lat' dir='ltr'><strong>adparet,</strong></span> 
     </span>
     <span class='ocr_line' id='line_1_22' title="bbox 95 2259 1381 2328; baseline 0.003 -20"><span class='ocrx_word' id='word_1_246' title='bbox 95 2275 149 2310; x_wconf 91' lang='lat' dir='ltr'><strong>non</strong></span> <span class='ocrx_word' id='word_1_247' title='bbox 167 2261 344 2322; x_wconf 85' lang='lat' dir='ltr'><strong>memoravit,</strong></span> <span class='ocrx_word' id='word_1_248' title='bbox 368 2261 470 2328; x_wconf 89' lang='lat' dir='ltr'><strong>quippe</strong></span> <span class='ocrx_word' id='word_1_249' title='bbox 494 2260 540 2326; x_wconf 90' lang='lat' dir='ltr'><strong>qui</strong></span> <span class='ocrx_word' id='word_1_250' title='bbox 562 2259 634 2316; x_wconf 84' lang='lat' dir='ltr'><strong>hanc</strong></span> <span class='ocrx_word' id='word_1_251' title='bbox 659 2260 814 2309; x_wconf 84' lang='lat' dir='ltr'><strong>orationem</strong></span> <span class='ocrx_word' id='word_1_252' title='bbox 836 2273 891 2309; x_wconf 90' lang='lat' dir='ltr'><strong>non</strong></span> <span class='ocrx_word' id='word_1_253' title='bbox 908 2259 1011 2310; x_wconf 82' lang='lat' dir='ltr'><strong>vidisse</strong></span> <span class='ocrx_word' id='word_1_254' title='bbox 1029 2259 1152 2322; x_wconf 81' lang='lat' dir='ltr'><strong>ridetur,</strong></span> <span class='ocrx_word' id='word_1_255' title='bbox 1176 2275 1229 2312; x_wconf 90' lang='lat' dir='ltr'><strong>nec</strong></span> <span class='ocrx_word' id='word_1_256' title='bbox 1245 2261 1381 2312; x_wconf 80' lang='lat' dir='ltr'><strong>Partheni</strong></span> 
     </span>
     <span class='ocr_line' id='line_1_23' title="bbox 96 2341 1380 2412; baseline 0.002 -18"><span class='ocrx_word' id='word_1_257' title='bbox 96 2343 245 2409; x_wconf 76' lang='lat' dir='ltr'><strong>epistulam</strong></span> <span class='ocrx_word' id='word_1_258' title='bbox 263 2343 298 2394; x_wconf 88' lang='lat' dir='ltr'><strong>ad</strong></span> <span class='ocrx_word' id='word_1_259' title='bbox 310 2344 545 2395; x_wconf 86' lang='lat' dir='ltr'><strong>Pirckheimerum</strong></span> <span class='ocrx_word' id='word_1_260' title='bbox 557 2359 610 2407; x_wconf 85' lang='lat' dir='ltr'><strong>„ex</strong></span> <span class='ocrx_word' id='word_1_261' title='bbox 622 2341 728 2409; x_wconf 64' lang='lat' dir='ltr'><strong>Lypeia</strong></span> <span class='ocrx_word' id='word_1_262' title='bbox 739 2359 783 2394; x_wconf 90' lang='grc' dir='ltr'><strong>ιιι.</strong></span> <span class='ocrx_word' id='word_1_263' title='bbox 792 2343 862 2394; x_wconf 82' lang='lat' dir='ltr'><strong>Non.</strong></span> <span class='ocrx_word' id='word_1_264' title='bbox 874 2343 998 2394; x_wconf 86' lang='lat' dir='ltr'><strong>ianuarii</strong></span> <span class='ocrx_word' id='word_1_265' title='bbox 1010 2348 1125 2400; x_wconf 83' lang='lat' dir='ltr'><strong>unxrx.”</strong></span> <span class='ocrx_word' id='word_1_266' title='bbox 1143 2347 1275 2412; x_wconf 83' lang='lat' dir='ltr'><strong>scriptam</strong></span> <span class='ocrx_word' id='word_1_267' title='bbox 1293 2345 1380 2410; x_wconf 79' lang='lat' dir='ltr'><strong>(ileu-</strong></span> 
     </span>
     <span class='ocr_line' id='line_1_24' title="bbox 96 2426 1380 2497; baseline 0.002 -19"><span class='ocrx_word' id='word_1_268' title='bbox 96 2431 190 2479; x_wconf 87' lang='lat' dir='ltr'><strong>manni</strong></span> <span class='ocrx_word' id='word_1_269' title='bbox 208 2429 323 2479; x_wconf 88' lang='lat' dir='ltr'><strong>Ducum.</strong></span> <span class='ocrx_word' id='word_1_270' title='bbox 337 2428 442 2482; x_wconf 87' lang='lat' dir='ltr'><strong>literar.</strong></span> <span class='ocrx_word' id='word_1_271' title='bbox 455 2445 482 2496; x_wconf 92' lang='lat' dir='ltr'><strong>p.</strong></span> <span class='ocrx_word' id='word_1_272' title='bbox 495 2426 554 2480; x_wconf 78' lang='lat'><strong>321.</strong></span> <span class='ocrx_word' id='word_1_273' title='bbox 568 2427 654 2495; x_wconf 77' lang='lat' dir='ltr'><strong>sqq),</strong></span> <span class='ocrx_word' id='word_1_274' title='bbox 680 2444 733 2494; x_wconf 91' lang='lat' dir='ltr'><strong>qua</strong></span> <span class='ocrx_word' id='word_1_275' title='bbox 757 2431 829 2480; x_wconf 89' lang='lat' dir='ltr'><strong>inter</strong></span> <span class='ocrx_word' id='word_1_276' title='bbox 847 2426 904 2478; x_wconf 93' lang='lat' dir='ltr'><strong>alia</strong></span> <span class='ocrx_word' id='word_1_277' title='bbox 923 2432 1035 2494; x_wconf 89' lang='lat' dir='ltr'><strong>questus</strong></span> <span class='ocrx_word' id='word_1_278' title='bbox 1054 2437 1096 2480; x_wconf 87' lang='lat' dir='ltr'><strong>est</strong></span> <span class='ocrx_word' id='word_1_279' title='bbox 1113 2431 1154 2480; x_wconf 90' lang='lat' dir='ltr'><strong>sic</strong></span> <span class='ocrx_word' id='word_1_280' title='bbox 1179 2431 1267 2494; x_wconf 83' lang='lat' dir='ltr'><strong>„Erro</strong></span> <span class='ocrx_word' id='word_1_281' title='bbox 1286 2431 1380 2497; x_wconf 90' lang='lat' dir='ltr'><strong>procul</strong></span> 
     </span>
     <span class='ocr_line' id='line_1_25' title="bbox 96 2513 1378 2583; baseline 0.003 -20"><span class='ocrx_word' id='word_1_282' title='bbox 96 2529 113 2563; x_wconf 92' lang='lat' dir='ltr'><strong>a</strong></span> <span class='ocrx_word' id='word_1_283' title='bbox 130 2515 225 2580; x_wconf 87' lang='lat' dir='ltr'><strong>patria</strong></span> <span class='ocrx_word' id='word_1_284' title='bbox 248 2515 277 2578; x_wconf 75' lang='lat' dir='ltr'><strong>in</strong></span> <span class='ocrx_word' id='word_1_285' title='bbox 301 2515 430 2564; x_wconf 79' lang='lat' dir='ltr'><strong>extremis</strong></span> <span class='ocrx_word' id='word_1_286' title='bbox 453 2519 588 2564; x_wconf 89' lang='lat' dir='ltr'><strong>terrarum</strong></span> <span class='ocrx_word' id='word_1_287' title='bbox 610 2515 749 2579; x_wconf 89' lang='lat' dir='ltr'><strong>partibus,</strong></span> <span class='ocrx_word' id='word_1_288' title='bbox 773 2527 974 2578; x_wconf 87' lang='lat' dir='ltr'><strong>nonnumquam</strong></span> <span class='ocrx_word' id='word_1_289' title='bbox 993 2514 1064 2564; x_wconf 87' lang='lat' dir='ltr'><strong>inter</strong></span> <span class='ocrx_word' id='word_1_290' title='bbox 1086 2513 1250 2567; x_wconf 84' lang='lat' dir='ltr'><strong>inhumanae</strong></span> <span class='ocrx_word' id='word_1_291' title='bbox 1273 2522 1378 2583; x_wconf 78' lang='lat' dir='ltr'><strong>gentes,</strong></span> 
     </span>
    </p>
   </div>
   <div class='ocr_carea' id='block_1_4' title="bbox 95 2597 1455 2667">
    <p class='ocr_par' dir='ltr' id='par_1_5' title="bbox 95 2597 1455 2667">
     <span class='ocr_line' id='line_1_26' title="bbox 95 2597 1455 2667; baseline 0.006 -19"><span class='ocrx_word' id='word_1_292' title='bbox 95 2601 156 2649; x_wconf 87' lang='lat' dir='ltr'><strong>sine</strong></span> <span class='ocrx_word' id='word_1_293' title='bbox 175 2613 233 2666; x_wconf 89' lang='lat' dir='ltr'><strong>spe,</strong></span> <span class='ocrx_word' id='word_1_294' title='bbox 253 2601 314 2650; x_wconf 88' lang='lat' dir='ltr'><strong>sine</strong></span> <span class='ocrx_word' id='word_1_295' title='bbox 332 2597 448 2658; x_wconf 70' lang='lat' dir='ltr'><strong>audlio,</strong></span> <span class='ocrx_word' id='word_1_296' title='bbox 469 2599 538 2650; x_wconf 88' lang='lat' dir='ltr'><strong>adeo</strong></span> <span class='ocrx_word' id='word_1_297' title='bbox 550 2597 733 2664; x_wconf 84' lang='lat' dir='ltr'><strong>pertinaciter</strong></span> <span class='ocrx_word' id='word_1_298' title='bbox 744 2597 905 2664; x_wconf 83' lang='lat' dir='ltr'><strong>insequente</strong></span> <span class='ocrx_word' id='word_1_299' title='bbox 919 2599 1044 2662; x_wconf 84' lang='lat' dir='ltr'><strong>fortuna,</strong></span> <span class='ocrx_word' id='word_1_300' title='bbox 1063 2605 1094 2650; x_wconf 88' lang='lat' dir='ltr'><strong>nt</strong></span> <span class='ocrx_word' id='word_1_301' title='bbox 1110 2616 1297 2667; x_wconf 84' lang='lat' dir='ltr'><strong>saepenumero</strong></span> <span class='ocrx_word' id='word_1_302' title='bbox 1314 2603 1380 2652; x_wconf 81' lang='lat' dir='ltr'><strong>vitre</strong></span> <span class='ocrx_word' id='word_1_303' title='bbox 1444 2635 1455 2656; x_wconf 67' lang='grc' dir='ltr'><strong>ι</strong></span> 
     </span>
    </p>
   </div>
   <div class='ocr_carea' id='block_1_5' title="bbox 69 2682 1441 4632">
    <p class='ocr_par' dir='ltr' id='par_1_6' title="bbox 95 2682 1441 3854">
     <span class='ocr_line' id='line_1_27' title="bbox 96 2682 1379 2748; baseline 0.002 -13"><span class='ocrx_word' id='word_1_304' title='bbox 96 2685 188 2736; x_wconf 89' lang='lat' dir='ltr'><strong>odium</strong></span> <span class='ocrx_word' id='word_1_305' title='bbox 205 2684 274 2734; x_wconf 89' lang='lat' dir='ltr'><strong>mihi</strong></span> <span class='ocrx_word' id='word_1_306' title='bbox 291 2683 473 2736; x_wconf 86' lang='lat' dir='ltr'><strong>suboriatur.”</strong></span> <span class='ocrx_word' id='word_1_307' title='bbox 508 2684 551 2734; x_wconf 89' lang='lat' dir='ltr'><strong>De</strong></span> <span class='ocrx_word' id='word_1_308' title='bbox 569 2685 646 2735; x_wconf 89' lang='lat' dir='ltr'><strong>Petri</strong></span> <span class='ocrx_word' id='word_1_309' title='bbox 658 2682 804 2734; x_wconf 84' lang='lat' dir='ltr'><strong>Mosellani</strong></span> <span class='ocrx_word' id='word_1_310' title='bbox 822 2683 940 2746; x_wconf 85' lang='lat' dir='ltr'><strong>invidia,</strong></span> <span class='ocrx_word' id='word_1_311' title='bbox 961 2699 1015 2748; x_wconf 87' lang='lat' dir='ltr'><strong>qua</strong></span> <span class='ocrx_word' id='word_1_312' title='bbox 1033 2685 1068 2734; x_wconf 92' lang='lat' dir='ltr'><strong>ad</strong></span> <span class='ocrx_word' id='word_1_313' title='bbox 1079 2685 1222 2735; x_wconf 88' lang='lat' dir='ltr'><strong>Erasmum</strong></span> <span class='ocrx_word' id='word_1_314' title='bbox 1239 2683 1303 2737; x_wconf 85' lang='lat' dir='ltr'><strong>Rbt.</strong></span> <span class='ocrx_word' id='word_1_315' title='bbox 1316 2685 1379 2738; x_wconf 83' lang='grc'><strong>(1.6.</strong></span> 
     </span>
     <span class='ocr_line' id='line_1_28' title="bbox 95 2761 1441 2836; baseline 0.004 -17"><span class='ocrx_word' id='word_1_316' title='bbox 95 2770 156 2820; x_wconf 87' lang='lat' dir='ltr'><strong>lan.</strong></span> <span class='ocrx_word' id='word_1_317' title='bbox 170 2784 196 2820; x_wconf 87' lang='lat' dir='ltr'><strong>a.</strong></span> <span class='ocrx_word' id='word_1_318' title='bbox 210 2767 284 2819; x_wconf 76' lang='lat'><strong>1519.</strong></span> <span class='ocrx_word' id='word_1_319' title='bbox 297 2769 410 2835; x_wconf 83' lang='lat' dir='ltr'><strong>scripsit</strong></span> <span class='ocrx_word' id='word_1_320' title='bbox 426 2770 559 2835; x_wconf 88' lang='lat' dir='ltr'><strong>„impium</strong></span> <span class='ocrx_word' id='word_1_321' title='bbox 578 2768 713 2836; x_wconf 87' lang='lat' dir='ltr'><strong>quendem</strong></span> <span class='ocrx_word' id='word_1_322' title='bbox 731 2768 896 2820; x_wconf 82' lang='lat' dir='ltr'><strong>nebulonem</strong></span> <span class='ocrx_word' id='word_1_323' title='bbox 913 2770 1008 2820; x_wconf 85' lang='lat' dir='ltr'><strong>nescio</strong></span> <span class='ocrx_word' id='word_1_324' title='bbox 1027 2770 1087 2835; x_wconf 89' lang='lat' dir='ltr'><strong>quie</strong></span> <span class='ocrx_word' id='word_1_325' title='bbox 1105 2770 1193 2820; x_wconf 89' lang='lat' dir='ltr'><strong>malus</strong></span> <span class='ocrx_word' id='word_1_326' title='bbox 1217 2769 1380 2836; x_wconf 76' lang='lat' dir='ltr'><strong>aquilo&#39;[re·</strong></span> <span class='ocrx_word' id='word_1_327' title='bbox 1439 2761 1441 2766; x_wconf 44' lang='lat'>¹</span> 
     </span>
     <span class='ocr_line' id='line_1_29' title="bbox 96 2851 1379 2924; baseline 0.001 -19"><span class='ocrx_word' id='word_1_328' title='bbox 96 2855 171 2906; x_wconf 73' lang='lat' dir='ltr'><strong>otim</strong></span> <span class='ocrx_word' id='word_1_329' title='bbox 189 2860 311 2905; x_wconf 69' lang='lat' dir='ltr'><strong>ausuum</strong></span> <span class='ocrx_word' id='word_1_330' title='bbox 329 2851 501 2920; x_wconf 86' lang='lat' dir='ltr'><strong>accusasset]</strong></span> <span class='ocrx_word' id='word_1_331' title='bbox 523 2854 552 2904; x_wconf 90' lang='lat' dir='ltr'><strong>in</strong></span> <span class='ocrx_word' id='word_1_332' title='bbox 574 2854 646 2905; x_wconf 91' lang='lat' dir='ltr'><strong>hanc</strong></span> <span class='ocrx_word' id='word_1_333' title='bbox 669 2851 889 2924; x_wconf 73' lang='lat' dir='ltr'><strong>scholamnobis</strong></span> <span class='ocrx_word' id='word_1_334' title='bbox 909 2869 942 2904; x_wconf 86' lang='lat' dir='ltr'><strong>ex</strong></span> <span class='ocrx_word' id='word_1_335' title='bbox 960 2854 1021 2920; x_wconf 84' lang='lat' dir='ltr'><strong>ipsa</strong></span> <span class='ocrx_word' id='word_1_336' title='bbox 1038 2869 1124 2920; x_wconf 87' lang='lat' dir='ltr'><strong>usque</strong></span> <span class='ocrx_word' id='word_1_337' title='bbox 1142 2854 1285 2906; x_wconf 84' lang='lat' dir='ltr'><strong>Dalmatia</strong></span> <span class='ocrx_word' id='word_1_338' title='bbox 1303 2856 1379 2906; x_wconf 84' lang='lat' dir='ltr'><strong>inve·</strong></span> 
     </span>
     <span class='ocr_line' id='line_1_30' title="bbox 95 2937 1381 3006; baseline 0.002 -16"><span class='ocrx_word' id='word_1_339' title='bbox 95 2941 154 2990; x_wconf 79' lang='lat' dir='ltr'><strong>xit”</strong></span> <span class='ocrx_word' id='word_1_340' title='bbox 175 2939 295 3004; x_wconf 82' lang='lat' dir='ltr'><strong>(Erasmi</strong></span> <span class='ocrx_word' id='word_1_341' title='bbox 311 2939 384 3006; x_wconf 85' lang='lat' dir='ltr'><strong>Epp.</strong></span> <span class='ocrx_word' id='word_1_342' title='bbox 395 2939 428 2989; x_wconf 88' lang='lat' dir='ltr'><strong>L.</strong></span> <span class='ocrx_word' id='word_1_343' title='bbox 441 2940 473 2989; x_wconf 90' lang='lat' dir='ltr'><strong>B.</strong></span> <span class='ocrx_word' id='word_1_344' title='bbox 489 2937 562 2988; x_wconf 77' lang='lat'><strong>1700.</strong></span> <span class='ocrx_word' id='word_1_345' title='bbox 575 2937 783 3002; x_wconf 71' lang='lat' dir='ltr'><strong>noemmin),</strong></span> <span class='ocrx_word' id='word_1_346' title='bbox 804 2937 878 2988; x_wconf 89' lang='lat' dir='ltr'><strong>etde</strong></span> <span class='ocrx_word' id='word_1_347' title='bbox 891 2938 999 2988; x_wconf 87' lang='lat' dir='ltr'><strong>Erasmi</strong></span> <span class='ocrx_word' id='word_1_348' title='bbox 1012 2938 1047 2990; x_wconf 87' lang='lat' dir='ltr'><strong>ad</strong></span> <span class='ocrx_word' id='word_1_349' title='bbox 1059 2938 1262 3004; x_wconf 83' lang='lat' dir='ltr'><strong>Tranquillum,</strong></span> <span class='ocrx_word' id='word_1_350' title='bbox 1282 2941 1328 3006; x_wconf 90' lang='lat' dir='ltr'><strong>qni</strong></span> <span class='ocrx_word' id='word_1_351' title='bbox 1340 2942 1381 2992; x_wconf 88' lang='lat' dir='ltr'><strong>in·</strong></span> 
     </span>
     <span class='ocr_line' id='line_1_31' title="bbox 95 3021 1381 3090; baseline 0.002 -17"><span class='ocrx_word' id='word_1_352' title='bbox 95 3027 179 3074; x_wconf 87' lang='lat' dir='ltr'><strong>terim</strong></span> <span class='ocrx_word' id='word_1_353' title='bbox 189 3025 314 3075; x_wconf 83' lang='lat' dir='ltr'><strong>Loranio</strong></span> <span class='ocrx_word' id='word_1_354' title='bbox 327 3023 425 3076; x_wconf 88' lang='lat' dir='ltr'><strong>relicto</strong></span> <span class='ocrx_word' id='word_1_355' title='bbox 437 3025 559 3075; x_wconf 87' lang='lat' dir='ltr'><strong>Parisios</strong></span> <span class='ocrx_word' id='word_1_356' title='bbox 571 3028 697 3087; x_wconf 87' lang='lat' dir='ltr'><strong>venerut</strong></span> <span class='ocrx_word' id='word_1_357' title='bbox 718 3025 744 3074; x_wconf 92' lang='lat' dir='ltr'><strong>d.</strong></span> <span class='ocrx_word' id='word_1_358' title='bbox 757 3021 866 3076; x_wconf 78' lang='lat' dir='ltr'><strong>28.Iun.</strong></span> <span class='ocrx_word' id='word_1_359' title='bbox 876 3021 953 3086; x_wconf 79' lang='lat'>1519</span> <span class='ocrx_word' id='word_1_360' title='bbox 972 3030 1003 3074; x_wconf 89' lang='lat' dir='ltr'><strong>ut</strong></span> <span class='ocrx_word' id='word_1_361' title='bbox 1014 3025 1086 3075; x_wconf 90' lang='lat' dir='ltr'><strong>hunc</strong></span> <span class='ocrx_word' id='word_1_362' title='bbox 1105 3039 1210 3090; x_wconf 90' lang='lat' dir='ltr'><strong>quoque</strong></span> <span class='ocrx_word' id='word_1_363' title='bbox 1229 3027 1301 3076; x_wconf 89' lang='lat' dir='ltr'><strong>inter</strong></span> <span class='ocrx_word' id='word_1_364' title='bbox 1318 3041 1381 3077; x_wconf 87' lang='lat' dir='ltr'><strong>euos</strong></span> 
     </span>
     <span class='ocr_line' id='line_1_32' title="bbox 97 3107 1383 3178; baseline 0.003 -20"><span class='ocrx_word' id='word_1_365' title='bbox 97 3109 280 3161; x_wconf 85' lang='lat' dir='ltr'><strong>admiratores</strong></span> <span class='ocrx_word' id='word_1_366' title='bbox 298 3125 332 3160; x_wconf 86' lang='lat' dir='ltr'><strong>ac</strong></span> <span class='ocrx_word' id='word_1_367' title='bbox 349 3108 507 3160; x_wconf 87' lang='lat' dir='ltr'><strong>laudatores</strong></span> <span class='ocrx_word' id='word_1_368' title='bbox 526 3115 574 3158; x_wconf 89' lang='lat' dir='ltr'><strong>aut</strong></span> <span class='ocrx_word' id='word_1_369' title='bbox 592 3109 725 3160; x_wconf 89' lang='lat' dir='ltr'><strong>retineret</strong></span> <span class='ocrx_word' id='word_1_370' title='bbox 747 3117 795 3160; x_wconf 91' lang='lat' dir='ltr'><strong>aut</strong></span> <span class='ocrx_word' id='word_1_371' title='bbox 818 3111 1004 3176; x_wconf 90' lang='lat' dir='ltr'><strong>conquireret,</strong></span> <span class='ocrx_word' id='word_1_372' title='bbox 1027 3111 1134 3178; x_wconf 81' lang='lat' dir='ltr'><strong>scripta</strong></span> <span class='ocrx_word' id='word_1_373' title='bbox 1158 3109 1277 3175; x_wconf 83' lang='lat' dir='ltr'><strong>epistula</strong></span> <span class='ocrx_word' id='word_1_374' title='bbox 1296 3107 1383 3178; x_wconf 61' lang='lat' dir='ltr'><strong>(Epps</strong></span> 
     </span>
     <span class='ocr_line' id='line_1_33' title="bbox 97 3193 1382 3259; baseline 0.001 -13"><span class='ocrx_word' id='word_1_375' title='bbox 97 3197 159 3246; x_wconf 85' lang='lat' dir='ltr'><strong>citt.</strong></span> <span class='ocrx_word' id='word_1_376' title='bbox 173 3209 199 3244; x_wconf 90' lang='lat' dir='ltr'><strong>n.</strong></span> <span class='ocrx_word' id='word_1_377' title='bbox 213 3195 403 3258; x_wconf 65' lang='lat' dir='ltr'><strong>occasura),</strong></span> <span class='ocrx_word' id='word_1_378' title='bbox 426 3198 457 3244; x_wconf 93' lang='lat' dir='ltr'><strong>nt</strong></span> <span class='ocrx_word' id='word_1_379' title='bbox 475 3193 509 3244; x_wconf 89' lang='lat' dir='ltr'><strong>de</strong></span> <span class='ocrx_word' id='word_1_380' title='bbox 528 3193 641 3246; x_wconf 85' lang='lat' dir='ltr'><strong>incertis</strong></span> <span class='ocrx_word' id='word_1_381' title='bbox 664 3194 778 3259; x_wconf 91' lang='lat' dir='ltr'><strong>reliquis</strong></span> <span class='ocrx_word' id='word_1_382' title='bbox 800 3195 918 3246; x_wconf 85' lang='lat' dir='ltr'><strong>bominis</strong></span> <span class='ocrx_word' id='word_1_383' title='bbox 941 3195 993 3247; x_wconf 82' lang='lat' dir='ltr'><strong>iuti</strong></span> <span class='ocrx_word' id='word_1_384' title='bbox 1025 3195 1157 3245; x_wconf 84' lang='lat' dir='ltr'><strong>Danielus</strong></span> <span class='ocrx_word' id='word_1_385' title='bbox 1173 3195 1382 3282; x_wconf 77' lang='lat' dir='ltr'><strong>laridandus</strong></span> 
     </span>
     <span class='ocr_line' id='line_1_34' title="bbox 97 3212 1380 3360; baseline 0.001 -30"><span class='ocrx_word' id='word_1_386' title='bbox 97 3285 148 3342; x_wconf 88' lang='lat' dir='ltr'><strong>est,</strong></span> <span class='ocrx_word' id='word_1_387' title='bbox 164 3292 277 3347; x_wconf 73' lang='lat' dir='ltr'><strong>quocum</strong></span> <span class='ocrx_word' id='word_1_388' title='bbox 288 3280 325 3330; x_wconf 85' lang='grc' dir='ltr'><strong>ο1.</strong></span> <span class='ocrx_word' id='word_1_389' title='bbox 333 3278 659 3330; x_wconf 77' lang='lat' dir='ltr'><strong>etiamtiammerGeech.</strong></span> <span class='ocrx_word' id='word_1_390' title='bbox 673 3278 721 3330; x_wconf 89' lang='lat' dir='ltr'><strong>des</strong></span> <span class='ocrx_word' id='word_1_391' title='bbox 733 3295 799 3330; x_wconf 88' lang='lat' dir='ltr'><strong>osm.</strong></span> <span class='ocrx_word' id='word_1_392' title='bbox 806 3279 918 3330; x_wconf 85' lang='lat' dir='ltr'><strong>Reicbs.</strong></span> <span class='ocrx_word' id='word_1_393' title='bbox 932 3212 1024 3330; x_wconf 51' lang='lat' dir='ltr'><strong>Pesla</strong></span> <span class='ocrx_word' id='word_1_394' title='bbox 1035 3277 1107 3330; x_wconf 81' lang='grc'><strong>1884.</strong></span> <span class='ocrx_word' id='word_1_395' title='bbox 1100 3283 1186 3360; x_wconf 64' lang='lat' dir='ltr'><strong>.tqu</strong></span> <span class='ocrx_word' id='word_1_396' title='bbox 1191 3280 1228 3332; x_wconf 88' lang='lat'><strong>11.</strong></span> <span class='ocrx_word' id='word_1_397' title='bbox 1241 3275 1380 3346; x_wconf 78' lang='lat' dir='ltr'><strong>p.182.sq.</strong></span> 
     </span>
     <span class='ocr_line' id='line_1_35' title="bbox 97 3363 1381 3444; baseline 0.001 -29"><span class='ocrx_word' id='word_1_398' title='bbox 97 3365 227 3416; x_wconf 87' lang='lat' dir='ltr'><strong>Ceterum</strong></span> <span class='ocrx_word' id='word_1_399' title='bbox 245 3365 317 3415; x_wconf 89' lang='lat' dir='ltr'><strong>hunc</strong></span> <span class='ocrx_word' id='word_1_400' title='bbox 333 3363 519 3417; x_wconf 80' lang='lat' dir='ltr'><strong>Andronicum</strong></span> <span class='ocrx_word' id='word_1_401' title='bbox 538 3363 649 3430; x_wconf 67' lang='grc' dir='ltr'><strong>ὥςηιιιιι</strong></span> <span class='ocrx_word' id='word_1_402' title='bbox 668 3379 729 3414; x_wconf 87' lang='lat' dir='ltr'><strong>esse</strong></span> <span class='ocrx_word' id='word_1_403' title='bbox 747 3365 841 3415; x_wconf 90' lang='lat' dir='ltr'><strong>iudico</strong></span> <span class='ocrx_word' id='word_1_404' title='bbox 859 3366 936 3415; x_wconf 90' lang='lat' dir='ltr'><strong>cuiue</strong></span> <span class='ocrx_word' id='word_1_405' title='bbox 953 3365 1013 3414; x_wconf 86' lang='lat' dir='ltr'><strong>vita</strong></span> <span class='ocrx_word' id='word_1_406' title='bbox 1036 3363 1195 3444; x_wconf 87' lang='lat' dir='ltr'><strong>scriptaque</strong></span> <span class='ocrx_word' id='word_1_407' title='bbox 1218 3363 1381 3430; x_wconf 82' lang='lat' dir='ltr'><strong>diligentius</strong></span> 
     </span>
     <span class='ocr_line' id='line_1_36' title="bbox 97 3436 1429 3516; baseline 0.001 -17"><span class='ocrx_word' id='word_1_408' title='bbox 97 3465 181 3516; x_wconf 85' lang='lat' dir='ltr'><strong>quam</strong></span> <span class='ocrx_word' id='word_1_409' title='bbox 198 3449 287 3500; x_wconf 89' lang='lat' dir='ltr'><strong>adhuc</strong></span> <span class='ocrx_word' id='word_1_410' title='bbox 306 3448 411 3499; x_wconf 83' lang='lat' dir='ltr'><strong>iactum</strong></span> <span class='ocrx_word' id='word_1_411' title='bbox 429 3453 485 3511; x_wconf 89' lang='lat' dir='ltr'><strong>est,</strong></span> <span class='ocrx_word' id='word_1_412' title='bbox 511 3449 545 3500; x_wconf 85' lang='lat' dir='ltr'><strong>ab</strong></span> <span class='ocrx_word' id='word_1_413' title='bbox 561 3448 704 3500; x_wconf 84' lang='lat' dir='ltr'><strong>oblivione</strong></span> <span class='ocrx_word' id='word_1_414' title='bbox 727 3449 915 3500; x_wconf 78' lang='lat' dir='ltr'><strong>vindicentur·</strong></span> <span class='ocrx_word' id='word_1_415' title='bbox 938 3449 1083 3516; x_wconf 76' lang='lat' dir='ltr'><strong>ingenium</strong></span> <span class='ocrx_word' id='word_1_416' title='bbox 1101 3436 1231 3512; x_wconf 78' lang='lat' dir='ltr'><strong>lr&#39;om&#39;inis,</strong></span> <span class='ocrx_word' id='word_1_417' title='bbox 1256 3451 1382 3513; x_wconf 84' lang='lat' dir='ltr'><strong>quamvis</strong></span> <span class='ocrx_word' id='word_1_418' title='bbox 1425 3438 1429 3451; x_wconf 71' lang='grc'><em>’</em></span> 
     </span>
     <span class='ocr_line' id='line_1_37' title="bbox 97 3533 1380 3614; baseline 0 -28"><span class='ocrx_word' id='word_1_419' title='bbox 97 3549 154 3586; x_wconf 88' lang='lat' dir='ltr'><strong>uon</strong></span> <span class='ocrx_word' id='word_1_420' title='bbox 172 3549 303 3585; x_wconf 89' lang='lat' dir='ltr'><strong>summurn</strong></span> <span class='ocrx_word' id='word_1_421' title='bbox 321 3534 418 3598; x_wconf 83' lang='lat' dir='ltr'><strong>inerit,</strong></span> <span class='ocrx_word' id='word_1_422' title='bbox 437 3549 516 3590; x_wconf 82' lang='lat' dir='ltr'><strong>suurn</strong></span> <span class='ocrx_word' id='word_1_423' title='bbox 533 3537 625 3586; x_wconf 78' lang='lat' dir='ltr'><strong>tamen</strong></span> <span class='ocrx_word' id='word_1_424' title='bbox 644 3539 672 3586; x_wconf 91' lang='lat' dir='ltr'><strong>et</strong></span> <span class='ocrx_word' id='word_1_425' title='bbox 689 3549 770 3589; x_wconf 80' lang='lat' dir='ltr'><strong>renam</strong></span> <span class='ocrx_word' id='word_1_426' title='bbox 789 3535 851 3598; x_wconf 83' lang='lat' dir='ltr'><strong>init,</strong></span> <span class='ocrx_word' id='word_1_427' title='bbox 869 3539 901 3584; x_wconf 93' lang='lat' dir='ltr'><strong>ut</strong></span> <span class='ocrx_word' id='word_1_428' title='bbox 918 3539 974 3591; x_wconf 83' lang='lat' dir='ltr'><strong>tum</strong></span> <span class='ocrx_word' id='word_1_429' title='bbox 992 3533 1070 3614; x_wconf 69' lang='lat' dir='ltr'><strong>multi</strong></span> <span class='ocrx_word' id='word_1_430' title='bbox 1088 3535 1207 3599; x_wconf 86' lang='lat' dir='ltr'><strong>propriis</strong></span> <span class='ocrx_word' id='word_1_431' title='bbox 1224 3535 1281 3584; x_wconf 83' lang='lat' dir='ltr'><strong>suis</strong></span> <span class='ocrx_word' id='word_1_432' title='bbox 1300 3535 1380 3586; x_wconf 87' lang='lat' dir='ltr'><strong>etia</strong></span> 
     </span>
     <span class='ocr_line' id='line_1_38' title="bbox 98 3607 1381 3685; baseline 0 -17"><span class='ocrx_word' id='word_1_433' title='bbox 98 3619 195 3670; x_wconf 87' lang='lat' dir='ltr'><strong>ciebne</strong></span> <span class='ocrx_word' id='word_1_434' title='bbox 212 3625 240 3671; x_wconf 90' lang='lat' dir='ltr'><strong>et</strong></span> <span class='ocrx_word' id='word_1_435' title='bbox 257 3618 416 3672; x_wconf 82' lang='lat' dir='ltr'><strong>doctrinse&#39;</strong></span> <span class='ocrx_word' id='word_1_436' title='bbox 402 3621 548 3685; x_wconf 76' lang='lat' dir='ltr'><strong>ipsiusque</strong></span> <span class='ocrx_word' id='word_1_437' title='bbox 572 3624 679 3670; x_wconf 81' lang='lat' dir='ltr'><strong>naturse</strong></span> <span class='ocrx_word' id='word_1_438' title='bbox 703 3619 800 3671; x_wconf 85' lang='lat' dir='ltr'><strong>habitu</strong></span> <span class='ocrx_word' id='word_1_439' title='bbox 818 3635 851 3670; x_wconf 95' lang='lat' dir='ltr'><strong>ac</strong></span> <span class='ocrx_word' id='word_1_440' title='bbox 874 3610 994 3670; x_wconf 85' lang='lat' dir='ltr'><strong>moribus</strong></span> <span class='ocrx_word' id='word_1_441' title='bbox 1017 3607 1126 3671; x_wconf 79' lang='lat' dir='ltr'><strong>utentes</strong></span> <span class='ocrx_word' id='word_1_442' title='bbox 1148 3618 1296 3682; x_wconf 81' lang='lat' dir='ltr'><strong>vivebant,</strong></span> <span class='ocrx_word' id='word_1_443' title='bbox 1321 3635 1381 3669; x_wconf 84' lang='lat' dir='ltr'><strong>crrm</strong></span> 
     </span>
     <span class='ocr_line' id='line_1_39' title="bbox 97 3691 1382 3772; baseline 0 -18"><span class='ocrx_word' id='word_1_444' title='bbox 97 3703 180 3754; x_wconf 90' lang='lat' dir='ltr'><strong>hodie</strong></span> <span class='ocrx_word' id='word_1_445' title='bbox 198 3707 277 3770; x_wconf 85' lang='lat' dir='ltr'><strong>quasi</strong></span> <span class='ocrx_word' id='word_1_446' title='bbox 294 3691 463 3756; x_wconf 78' lang='lat' dir='ltr'><strong>eommubem</strong></span> <span class='ocrx_word' id='word_1_447' title='bbox 480 3705 603 3772; x_wconf 89' lang='lat' dir='ltr'><strong>speciem</strong></span> <span class='ocrx_word' id='word_1_448' title='bbox 620 3703 744 3772; x_wconf 88' lang='lat' dir='ltr'><strong>plerique</strong></span> <span class='ocrx_word' id='word_1_449' title='bbox 767 3706 826 3757; x_wconf 86' lang='lat' dir='ltr'><strong>iere</strong></span> <span class='ocrx_word' id='word_1_450' title='bbox 849 3720 943 3756; x_wconf 87' lang='lat' dir='ltr'><strong>omnes</strong></span> <span class='ocrx_word' id='word_1_451' title='bbox 964 3704 1068 3754; x_wconf 88' lang='lat' dir='ltr'><strong>babere</strong></span> <span class='ocrx_word' id='word_1_452' title='bbox 1091 3703 1234 3770; x_wconf 82' lang='lat' dir='ltr'><strong>magisque</strong></span> <span class='ocrx_word' id='word_1_453' title='bbox 1257 3705 1382 3770; x_wconf 85' lang='lat' dir='ltr'><strong>exempla</strong></span> 
     </span>
     <span class='ocr_line' id='line_1_40' title="bbox 99 3790 658 3854; baseline 0.004 -16"><span class='ocrx_word' id='word_1_454' title='bbox 99 3803 181 3854; x_wconf 86' lang='lat' dir='ltr'><strong>quarn</strong></span> <span class='ocrx_word' id='word_1_455' title='bbox 198 3792 268 3840; x_wconf 91' lang='lat' dir='ltr'><strong>certi</strong></span> <span class='ocrx_word' id='word_1_456' title='bbox 285 3791 409 3842; x_wconf 85' lang='lat' dir='ltr'><strong>homines</strong></span> <span class='ocrx_word' id='word_1_457' title='bbox 428 3805 489 3842; x_wconf 86' lang='lat' dir='ltr'><strong>esse</strong></span> <span class='ocrx_word' id='word_1_458' title='bbox 506 3790 658 3841; x_wconf 87' lang='lat' dir='ltr'><strong>videamur.</strong></span> 
     </span>
    </p>

    <p class='ocr_par' dir='ltr' id='par_1_7' title="bbox 69 3867 1436 4632">
     <span class='ocr_line' id='line_1_41' title="bbox 170 3867 1382 3947; baseline 0 -23"><span class='ocrx_word' id='word_1_459' title='bbox 170 3875 245 3936; x_wconf 76' lang='lat' dir='ltr'><strong>Quod</strong></span> <span class='ocrx_word' id='word_1_460' title='bbox 263 3875 358 3927; x_wconf 89' lang='lat' dir='ltr'><strong>addidi</strong></span> <span class='ocrx_word' id='word_1_461' title='bbox 375 3875 629 3947; x_wconf 78' lang='lat' dir='ltr'><strong>cornmqptariolum</strong></span> <span class='ocrx_word' id='word_1_462' title='bbox 651 3877 686 3926; x_wconf 89' lang='lat' dir='ltr'><strong>de</strong></span> <span class='ocrx_word' id='word_1_463' title='bbox 704 3877 815 3928; x_wconf 80' lang='lat' dir='ltr'><strong>&#39;I&#39;urciei</strong></span> <span class='ocrx_word' id='word_1_464' title='bbox 834 3877 912 3942; x_wconf 79' lang='lat' dir='ltr'><strong>regni</strong></span> <span class='ocrx_word' id='word_1_465' title='bbox 934 3867 1145 3939; x_wconf 75' lang='lat' dir='ltr'><strong>constitutione,</strong></span> <span class='ocrx_word' id='word_1_466' title='bbox 1169 3876 1270 3941; x_wconf 89' lang='lat' dir='ltr'><strong>primo,</strong></span> <span class='ocrx_word' id='word_1_467' title='bbox 1294 3882 1324 3924; x_wconf 91' lang='lat' dir='ltr'><strong>nt</strong></span> <span class='ocrx_word' id='word_1_468' title='bbox 1341 3876 1382 3924; x_wconf 87' lang='lat' dir='ltr'><strong>vi·</strong></span> 
     </span>
     <span class='ocr_line' id='line_1_42' title="bbox 98 3959 1382 4026; baseline 0 -15"><span class='ocrx_word' id='word_1_469' title='bbox 98 3959 181 4011; x_wconf 83' lang='lat' dir='ltr'><strong>datur</strong></span> <span class='ocrx_word' id='word_1_470' title='bbox 196 3960 297 4012; x_wconf 88' lang='lat' dir='ltr'><strong>decimi</strong></span> <span class='ocrx_word' id='word_1_471' title='bbox 314 3961 388 4012; x_wconf 86' lang='lat' dir='ltr'><strong>sexti</strong></span> <span class='ocrx_word' id='word_1_472' title='bbox 404 3959 501 4012; x_wconf 81' lang='lat' dir='ltr'><strong>saeculi</strong></span> <span class='ocrx_word' id='word_1_473' title='bbox 519 3960 653 4012; x_wconf 86' lang='lat' dir='ltr'><strong>decennio</strong></span> <span class='ocrx_word' id='word_1_474' title='bbox 672 3961 797 4025; x_wconf 85' lang='lat' dir='ltr'><strong>barbaro,</strong></span> <span class='ocrx_word' id='word_1_475' title='bbox 817 3979 870 4013; x_wconf 90' lang='lat' dir='ltr'><strong>uon</strong></span> <span class='ocrx_word' id='word_1_476' title='bbox 888 3963 1011 4024; x_wconf 90' lang='lat' dir='ltr'><strong>indocte,</strong></span> <span class='ocrx_word' id='word_1_477' title='bbox 1037 3961 1072 4011; x_wconf 89' lang='lat' dir='ltr'><strong>ab</strong></span> <span class='ocrx_word' id='word_1_478' title='bbox 1092 3963 1152 4026; x_wconf 85' lang='lat' dir='ltr'><strong>ipso</strong></span> <span class='ocrx_word' id='word_1_479' title='bbox 1170 3965 1262 4011; x_wconf 90' lang='lat' dir='ltr'><strong>nostro</strong></span> <span class='ocrx_word' id='word_1_480' title='bbox 1280 3959 1382 4011; x_wconf 79' lang='lat' dir='ltr'><strong>Andro·</strong></span> 
     </span>
     <span class='ocr_line' id='line_1_43' title="bbox 99 4045 1382 4113; baseline 0.002 -17"><span class='ocrx_word' id='word_1_481' title='bbox 99 4047 166 4096; x_wconf 91' lang='lat' dir='ltr'><strong>nico</strong></span> <span class='ocrx_word' id='word_1_482' title='bbox 177 4051 240 4110; x_wconf 87' lang='lat' dir='ltr'><strong>puto</strong></span> <span class='ocrx_word' id='word_1_483' title='bbox 259 4045 402 4109; x_wconf 58' lang='grc'><strong>(111136.</strong></span> <span class='ocrx_word' id='word_1_484' title='bbox 409 4047 480 4112; x_wconf 87' lang='lat' dir='ltr'><strong>sqq.)</strong></span> <span class='ocrx_word' id='word_1_485' title='bbox 493 4046 634 4113; x_wconf 88' lang='lat' dir='ltr'><strong>scripturn,</strong></span> <span class='ocrx_word' id='word_1_486' title='bbox 654 4047 778 4112; x_wconf 83' lang='lat' dir='ltr'><strong>quamvis</strong></span> <span class='ocrx_word' id='word_1_487' title='bbox 789 4061 845 4098; x_wconf 91' lang='lat' dir='ltr'><strong>non</strong></span> <span class='ocrx_word' id='word_1_488' title='bbox 862 4046 938 4097; x_wconf 91' lang='lat' dir='ltr'><strong>nulla</strong></span> <span class='ocrx_word' id='word_1_489' title='bbox 955 4061 1051 4112; x_wconf 90' lang='lat' dir='ltr'><strong>parum</strong></span> <span class='ocrx_word' id='word_1_490' title='bbox 1068 4046 1150 4097; x_wconf 91' lang='lat' dir='ltr'><strong>hodie</strong></span> <span class='ocrx_word' id='word_1_491' title='bbox 1169 4047 1283 4111; x_wconf 77' lang='lat' dir='ltr'><strong>cognita</strong></span> <span class='ocrx_word' id='word_1_492' title='bbox 1296 4045 1382 4112; x_wconf 84' lang='lat' dir='ltr'><strong>expli·</strong></span> 
     </span>
     <span class='ocr_line' id='line_1_44' title="bbox 99 4131 1381 4198; baseline -0.001 -17"><span class='ocrx_word' id='word_1_493' title='bbox 99 4135 155 4193; x_wconf 86' lang='lat' dir='ltr'><strong>cet,</strong></span> <span class='ocrx_word' id='word_1_494' title='bbox 171 4139 227 4182; x_wconf 87' lang='lat' dir='ltr'><strong>non</strong></span> <span class='ocrx_word' id='word_1_495' title='bbox 244 4131 308 4184; x_wconf 89' lang='lat' dir='ltr'><strong>ideo</strong></span> <span class='ocrx_word' id='word_1_496' title='bbox 326 4132 432 4184; x_wconf 81' lang='lat' dir='ltr'><strong>iactum</strong></span> <span class='ocrx_word' id='word_1_497' title='bbox 451 4135 502 4194; x_wconf 90' lang='lat' dir='ltr'><strong>est,</strong></span> <span class='ocrx_word' id='word_1_498' title='bbox 521 4136 553 4181; x_wconf 92' lang='lat' dir='ltr'><strong>ut</strong></span> <span class='ocrx_word' id='word_1_499' title='bbox 570 4131 635 4197; x_wconf 91' lang='lat' dir='ltr'><strong>quid</strong></span> <span class='ocrx_word' id='word_1_500' title='bbox 653 4133 687 4182; x_wconf 90' lang='lat' dir='ltr'><strong>de</strong></span> <span class='ocrx_word' id='word_1_501' title='bbox 704 4133 805 4184; x_wconf 82' lang='lat' dir='ltr'><strong>ancis</strong></span> <span class='ocrx_word' id='word_1_502' title='bbox 820 4131 896 4183; x_wconf 90' lang='lat' dir='ltr'><strong>illiue</strong></span> <span class='ocrx_word' id='word_1_503' title='bbox 914 4131 1043 4198; x_wconf 86' lang='lat' dir='ltr'><strong>temporis</strong></span> <span class='ocrx_word' id='word_1_504' title='bbox 1060 4131 1141 4183; x_wconf 88' lang='lat' dir='ltr'><strong>hodie</strong></span> <span class='ocrx_word' id='word_1_505' title='bbox 1159 4131 1293 4184; x_wconf 85' lang='lat' dir='ltr'><strong>discenda</strong></span> <span class='ocrx_word' id='word_1_506' title='bbox 1310 4136 1381 4194; x_wconf 92' lang='lat' dir='ltr'><strong>eunt,</strong></span> 
     </span>
     <span class='ocr_line' id='line_1_45' title="bbox 100 4215 1381 4284; baseline 0.002 -18"><span class='ocrx_word' id='word_1_507' title='bbox 100 4215 151 4266; x_wconf 87' lang='lat' dir='ltr'><strong>sed</strong></span> <span class='ocrx_word' id='word_1_508' title='bbox 169 4219 200 4264; x_wconf 89' lang='lat' dir='ltr'><strong>ut</strong></span> <span class='ocrx_word' id='word_1_509' title='bbox 215 4216 278 4266; x_wconf 88' lang='lat' dir='ltr'><strong>inde</strong></span> <span class='ocrx_word' id='word_1_510' title='bbox 297 4219 435 4270; x_wconf 85' lang='lat' dir='ltr'><strong>discamus</strong></span> <span class='ocrx_word' id='word_1_511' title='bbox 453 4217 518 4283; x_wconf 88' lang='lat' dir='ltr'><strong>quid</strong></span> <span class='ocrx_word' id='word_1_512' title='bbox 536 4233 569 4268; x_wconf 92' lang='lat' dir='ltr'><strong>eo</strong></span> <span class='ocrx_word' id='word_1_513' title='bbox 587 4219 735 4284; x_wconf 88' lang='lat' dir='ltr'><strong>tempore&#39;</strong></span> <span class='ocrx_word' id='word_1_514' title='bbox 728 4234 757 4268; x_wconf 85' lang='grc' dir='ltr'><strong>ιιι</strong></span> <span class='ocrx_word' id='word_1_515' title='bbox 770 4218 920 4268; x_wconf 86' lang='lat' dir='ltr'><strong>Germania</strong></span> <span class='ocrx_word' id='word_1_516' title='bbox 937 4218 971 4268; x_wconf 91' lang='lat' dir='ltr'><strong>de</strong></span> <span class='ocrx_word' id='word_1_517' title='bbox 983 4217 1081 4268; x_wconf 81' lang='lat' dir='ltr'><strong>Tercle</strong></span> <span class='ocrx_word' id='word_1_518' title='bbox 1099 4217 1240 4268; x_wconf 89' lang='lat' dir='ltr'><strong>docerent.</strong></span> <span class='ocrx_word' id='word_1_519' title='bbox 1276 4217 1381 4283; x_wconf 89' lang='lat' dir='ltr'><strong>quade</strong></span> 
     </span>
     <span class='ocr_line' id='line_1_46' title="bbox 101 4283 1383 4369; baseline 0.002 -19"><span class='ocrx_word' id='word_1_520' title='bbox 101 4314 191 4350; x_wconf 85' lang='lat' dir='ltr'><strong>causa</strong></span> <span class='ocrx_word' id='word_1_521' title='bbox 207 4306 233 4350; x_wconf 86' lang='lat' dir='ltr'><strong>et</strong></span> <span class='ocrx_word' id='word_1_522' title='bbox 250 4317 284 4352; x_wconf 88' lang='lat' dir='ltr'><strong>ne</strong></span> <span class='ocrx_word' id='word_1_523' title='bbox 302 4318 363 4353; x_wconf 81' lang='lat' dir='ltr'><strong>mea</strong></span> <span class='ocrx_word' id='word_1_524' title='bbox 381 4302 525 4354; x_wconf 83' lang='lat' dir='ltr'><strong>adnotatio</strong></span> <span class='ocrx_word' id='word_1_525' title='bbox 541 4304 653 4354; x_wconf 90' lang='lat' dir='ltr'><strong>nimium</strong></span> <span class='ocrx_word' id='word_1_526' title='bbox 673 4306 859 4365; x_wconf 85' lang='lat' dir='ltr'><strong>excresceret,</strong></span> <span class='ocrx_word' id='word_1_527' title='bbox 877 4301 947 4352; x_wconf 91' lang='lat' dir='ltr'><strong>nibil</strong></span> <span class='ocrx_word' id='word_1_528' title='bbox 965 4283 1030 4352; x_wconf 87' lang='lat' dir='ltr'><strong>iere</strong></span> <span class='ocrx_word' id='word_1_529' title='bbox 1041 4303 1096 4354; x_wconf 86' lang='lat' dir='ltr'><strong>niai</strong></span> <span class='ocrx_word' id='word_1_530' title='bbox 1112 4307 1223 4369; x_wconf 85' lang='lat' dir='ltr'><strong>apertos</strong></span> <span class='ocrx_word' id='word_1_531' title='bbox 1240 4317 1383 4368; x_wconf 86' lang='lat' dir='ltr'><strong>operarum</strong></span> 
     </span>
     <span class='ocr_line' id='line_1_47' title="bbox 101 4386 1383 4453; baseline 0.002 -19"><span class='ocrx_word' id='word_1_532' title='bbox 101 4400 209 4435; x_wconf 82' lang='lat' dir='ltr'><strong>errores</strong></span> <span class='ocrx_word' id='word_1_533' title='bbox 231 4402 248 4435; x_wconf 90' lang='lat' dir='ltr'><strong>a</strong></span> <span class='ocrx_word' id='word_1_534' title='bbox 269 4387 410 4438; x_wconf 79' lang='lat' dir='ltr'><strong>lieusnero</strong></span> <span class='ocrx_word' id='word_1_535' title='bbox 434 4387 517 4438; x_wconf 80' lang='lat' dir='ltr'><strong>editae</strong></span> <span class='ocrx_word' id='word_1_536' title='bbox 538 4389 683 4453; x_wconf 78' lang='lat' dir='ltr'><strong>scripturas</strong></span> <span class='ocrx_word' id='word_1_537' title='bbox 708 4390 883 4440; x_wconf 78' lang='lat' dir='ltr'><strong>correximus.</strong></span> <span class='ocrx_word' id='word_1_538' title='bbox 920 4386 1030 4438; x_wconf 88' lang='lat' dir='ltr'><strong>Similes</strong></span> <span class='ocrx_word' id='word_1_539' title='bbox 1053 4389 1187 4439; x_wconf 87' lang='lat' dir='ltr'><strong>orationis</strong></span> <span class='ocrx_word' id='word_1_540' title='bbox 1204 4404 1229 4437; x_wconf 88' lang='lat' dir='ltr'><strong>a.</strong></span> <span class='ocrx_word' id='word_1_541' title='bbox 1245 4386 1333 4450; x_wconf 70' lang='lat' dir='ltr'><strong>ium,</strong></span> <span class='ocrx_word' id='word_1_542' title='bbox 1352 4391 1383 4438; x_wconf 91' lang='lat' dir='ltr'><strong>ut</strong></span> 
     </span>
     <span class='ocr_line' id='line_1_48' title="bbox 69 4471 1436 4539; baseline 0.001 -19"><span class='ocrx_word' id='word_1_543' title='bbox 69 4473 75 4480; x_wconf 94' lang='lat'>&#39;</span> <span class='ocrx_word' id='word_1_544' title='bbox 100 4471 224 4533; x_wconf 83' lang='lat' dir='ltr'><strong>ridetur,</strong></span> <span class='ocrx_word' id='word_1_545' title='bbox 247 4472 359 4538; x_wconf 71' lang='lat' dir='ltr'><strong>scriptae</strong></span> <span class='ocrx_word' id='word_1_546' title='bbox 382 4477 476 4538; x_wconf 86' lang='lat' dir='ltr'><strong>partes</strong></span> <span class='ocrx_word' id='word_1_547' title='bbox 499 4475 613 4538; x_wconf 90' lang='lat' dir='ltr'><strong>repetiit</strong></span> <span class='ocrx_word' id='word_1_548' title='bbox 631 4473 696 4524; x_wconf 81' lang='lat' dir='ltr'><strong>Sim.</strong></span> <span class='ocrx_word' id='word_1_549' title='bbox 710 4472 859 4525; x_wconf 86' lang='lat' dir='ltr'><strong>Schardius</strong></span> <span class='ocrx_word' id='word_1_550' title='bbox 882 4471 946 4523; x_wconf 83' lang='lat' dir='ltr'><strong>hiet.</strong></span> <span class='ocrx_word' id='word_1_551' title='bbox 965 4473 1055 4539; x_wconf 85' lang='lat' dir='ltr'><strong>operis</strong></span> <span class='ocrx_word' id='word_1_552' title='bbox 1074 4472 1137 4538; x_wconf 86' lang='lat' dir='ltr'><strong>(Iud</strong></span> <span class='ocrx_word' id='word_1_553' title='bbox 1159 4473 1288 4538; x_wconf 69' lang='lat' dir='ltr'><strong>bibliogr.</strong></span> <span class='ocrx_word' id='word_1_554' title='bbox 1301 4472 1381 4523; x_wconf 87' lang='lat' dir='ltr'><strong>Hutt.</strong></span> <span class='ocrx_word' id='word_1_555' title='bbox 1417 4499 1436 4532; x_wconf 59' lang='grc' dir='ltr'><strong>ς</strong></span> 
     </span>
     <span class='ocr_line' id='line_1_49' title="bbox 101 4551 787 4632; baseline 0.006 -27"><span class='ocrx_word' id='word_1_556' title='bbox 101 4569 129 4620; x_wconf 89' lang='lat' dir='ltr'><strong>p.</strong></span> <span class='ocrx_word' id='word_1_557' title='bbox 142 4551 206 4605; x_wconf 73' lang='lat'><strong>80⁸.</strong></span> <span class='ocrx_word' id='word_1_558' title='bbox 217 4571 242 4610; x_wconf 90' lang='lat' dir='ltr'><strong>n.</strong></span> <span class='ocrx_word' id='word_1_559' title='bbox 254 4556 311 4609; x_wconf 75' lang='lat' dir='ltr'><strong>ut.</strong></span> <span class='ocrx_word' id='word_1_560' title='bbox 326 4559 386 4621; x_wconf 82' lang='lat' dir='ltr'><strong>cit.)</strong></span> <span class='ocrx_word' id='word_1_561' title='bbox 405 4563 469 4610; x_wconf 85' lang='lat' dir='ltr'><strong>torn.</strong></span> <span class='ocrx_word' id='word_1_562' title='bbox 482 4559 518 4612; x_wconf 92' lang='lat'><strong>11.</strong></span> <span class='ocrx_word' id='word_1_563' title='bbox 534 4558 597 4611; x_wconf 89' lang='lat' dir='ltr'><strong>coll.</strong></span> <span class='ocrx_word' id='word_1_564' title='bbox 615 4557 787 4632; x_wconf 59' lang='lat'><strong>1583...1512.</strong></span> 
     </span>
    </p>
   </div>
   <div class='ocr_carea' id='block_1_6' title="bbox 0 0 1702 5516">
    <p class='ocr_par' dir='ltr' id='par_1_8' title="bbox 0 0 1702 5516">
     <span class='ocr_line' id='line_1_50' title="bbox 0 0 1702 5516; baseline 0 0"><span class='ocrx_word' id='word_1_565' title='bbox 0 0 1702 5516; x_wconf 95' lang='lat' dir='ltr'><strong> </strong></span> 
     </span>
    </p>
   </div>
  </div>
 </body>
</html>
