3382 5516
351 423 422 496 194
487 449 679 490 CONSVLTA'HO
697 452 861 489 0181217724
879 441 1034 490 raoros‘tn
1051 454 1087 488 AB
1105 453 1295 491 antonomasia
1314 453 1349 489 ΕΤ
1362 455 1387 490 C.
1399 453 1425 489 Δ.
1441 449 1497 489 llll.

347 629 407 670 cum
428 613 533 668 caeteris
555 613 728 686 congregatis
757 629 865 685 operam
894 611 1010 674 dabunt,
1040 620 1070 668 ut
1098 609 1222 668 nonnulli
1245 603 1404 686 scytharum
1432 631 1481 670 seu
1503 614 1618 669 Tartaro·

347 714 422 759 rum.
446 698 491 770 qui
514 697 640 758 Polonis,
664 696 794 754 llntltenis
816 705 843 751 et
866 697 992 753 lloldaiis
1016 695 1120 751 linitimi
1143 704 1222 758 sunt.
1251 697 1420 752 convenienti
1444 698 1618 772 stipendioin

347 782 545 856 expeditionem
573 781 727 837 alliciantur
754 791 782 837 ct
807 781 1002 838 conducantur.
1047 782 1094 855 qui
1124 798 1176 838 una
1205 799 1265 841 euru
1288 781 1416 838 lloldavis
1447 791 1474 839 et
1499 783 1616 843 valendis.

347 867 393 941 qui
415 867 529 922 Maiores
559 866 634 940 llysii
664 864 745 939 vulgo
774 867 962 928 nominantur.
991 865 1037 940 qui
1067 865 1145 922 lacile
1174 866 1207 922 alr
1235 883 1266 922 ea
1296 866 1441 923 tributaria
1466 868 1618 929 conditione,

347 968 426 1026 qnam
448 969 509 1008 cum
532 950 626 1008 l'orcis
648 947 759 1013 liabent,
782 952 901 1024 separari
925 959 1071 1025 poterunt,
1100 951 1213 1025 primurn
1235 952 1304 1008 hane
1325 952 1440 1025 proximi
1464 955 1528 1008 anni
1549 963 1632 1025 expe-⁵

346 1036 477 1093 ditionem
506 1049 567 1092 cum
595 1035 715 1093 Poloniae
743 1036 813 1109 Rege
842 1027 1005 1111 suscspiant,
1042 1044 1071 1091 et
1098 1035 1228 1092 llinorem
1257 1036 1338 1092 etiarn
1362 1035 1515 1093 valachiam
1543 1053 1619 1092 ιιιιιιι

347 1122 463 1177 trahant

422 1213 475 1266 24.
497 1203 547 1274 Qui
571 1205 678 1280 quidem
702 1205 808 1262 'lactari
830 1205 911 1261 etiam
932 1206 1055 1278 pecunie
1077 1205 1205 1278 praemiis
1228 1213 1259 1261 at
1280 1205 1465 1262 necessarium
1487 1205 1618 1266 uidebitur,

346 1291 418 1348 ultra
445 1291 536 1348 debita
563 1289 696 1366 stipendia
724 1298 892 1379 poteronta
918 1297 1011 1374 sancta
1034 1289 1102 1346 Sede
1129 1297 1157 1346 et
1185 1288 1245 1346 aliis
1272 1290 1449 1364 congregatis
1477 1299 1618 1365 opportune

345 1377 1642 1433 invitarit·

431 1467 473 1521 25.
496 1459 528 1516 Et
543 1460 586 1517 his
601 1459 689 1516 tribus
705 1459 870 1522 nationibus.
893 1457 1062 1533 Scytharum,
1084 1457 1223 1518 actuaria
1245 1475 1275 1516 ac
1290 1457 1422 1518 Valaclriae
1436 1459 1534 1534 copiis.
1555 1475 1618 1514 exer·

345 1545 445 1603 sitibus
467 1546 524 1620 suis
547 1544 670 1607 adiectis,
699 1545 802 1619 poterit
824 1543 1015 1600 serenissimus
1036 1542 1156 1602 Poloniae
1177 1539 1232 1603 liex
1254 1545 1411 1640 predictam
1432 1543 1618 1618 expeditionem

347 1647 422 1688 suam
437 1629 620 1686 Semendriam
643 1646 734 1686 versus
757 1637 785 1684 et
806 1628 918 1685 Chiliam
941 1628 1069 1703 oppidum
1091 1628 1225 1702 dirigere.
1252 1629 1344 1703 iisque
1362 1628 1431 1686 locis
1454 1628 1528 1685 lelici
1548 1629 1617 1684 ductu

347 1716 524 1810 expugnatis,
547 1713 735 1788 presidiisque
757 1714 784 1770 in
806 1714 846 1770 eis
869 1731 919 1788 pro
942 1714 1102 1770 necessitate
1130 1711 1285 1775 collocatis.
1307 1714 1340 1770 ad
1362 1713 1484 1788 hyberna
1505 1731 1564 1770 cunr
1581 1731 1618 1769 co·

347 1799 401 1874 piis
425 1799 551 1856 omnibus
573 1799 681 1854 reverti.
1626 1804 1641 1840 ιι

431 1890 474 1945 nti.
496 1883 573 1951 Quod
596 1883 704 1972 quidem
726 1899 757 1958 ea
779 1883 885 1939 ratione
907 1881 1013 1939 facilius
1035 1881 1121 1939 eidem
1135 1881 1256 1964 Poloniae
1272 1883 1330 1955 regi
1346 1883 1469 1939 loturum
1485 1889 1536 1945 est,
1558 1881 1617 1956 quod

348 1969 497 2026 'lurcorum
520 1976 650 2042 tyrannus
673 1951 727 2022 ιιοιι
749 1967 780 2024 ad
804 1985 849 2023 eas
872 1968 1013 2040 regiones,
1044 1967 1091 2023 sed
1119 1951 1211 2041 poti'lrs
1233 1967 1265 2022 ad
1286 1967 1497 2024 conservandam
1520 1966 1617 2041 Syriam.

347 2053 472 2110 Arabiam
494 2061 522 2109 ct
543 2052 674 2114 dlricam,
705 2069 771 2126 quas
801 2069 888 2126 nuper
916 2069 971 2110 snae
996 2051 1094 2108 ditioni
1124 2051 1252 2152 calliopii,
1281 2061 1328 2108 aut
1356 2069 1451 2109 versus
1474 2051 1540 2107 alias
1560 2053 1618 2108 Asia

346 2147 439 2214 partes
462 2139 578 2194 animum
602 2137 732 2193 intendet.

432 2229 475 2283 27
498 2221 619 2279 Secundo
642 2231 732 2278 autern
754 2221 835 2278 huius
857 2217 1034 2295 suscipiendae
1056 2221 1235 2294 expeditionis
1256 2234 1343 2284 anno,
1367 2221 1413 2294 qui
1436 2175 1490 2276 erit
1510 2221 1642 2276 amman

348 2327 438 2366 nonus
467 2314 531 2382 post
558 2305 730 2362 millesimum
759 2313 787 2362 et
815 2305 1077 2380 quingentesimum,
1106 2305 1298 2362 llaximilianus
1321 2307 1409 2362 l'aeear
1437 2314 1466 2361 et
1486 2306 1617 2361 Lusitania

349 2412 397 2450 seu
418 2390 594 2464 Portugalliae
611 2391 664 2446 Rex
687 2399 839 2464 susceptam
862 2391 889 2445 ia
912 2391 1000 2446 diriea
1023 2389 1221 2464 expeditionem
1244 2390 1373 2465 prosequi
1396 2389 1480 2446 latius
1502 2397 1618 2464 poterunt
1684 2449 1685 2452 Ἴ

312 2491 316 2498 “
347 2487 375 2536 ιι
397 2476 470 2534 ultra
492 2476 634 2536 nicanum
657 2483 684 2531 et
706 2474 892 2560 Alexandriam
914 2475 1049 2549 proficisci
1071 2475 1195 2549 viresque
1225 2492 1287 2531 suas
1309 2475 1396 2538 diris,
1426 2473 1579 2540 Mauritania
1597 2480 1618 2528 et
1684 2479 1685 2565 p

346 2561 481 2620 Araliilius
503 2538 638 2634 stipendio
661 2553 802 2616 lonductis
824 2553 938 2632 augere.
966 2560 1119 2634 prasertim
1141 2577 1202 2615 cum
1225 2577 1256 2616 ex
1279 2559 1480 2619 llaruelxiorum
1502 2567 1530 2615 et
1550 2559 1617 2614 Penio

282 2669 286 2676 ’
347 2647 533 2720 llontanisqne
558 2643 662 2702 Arabiae
689 2645 781 2718 regnis
810 2661 895 2720 usque
925 2644 957 2700 ad
986 2650 1098 2700 centena
1127 2642 1210 2700 millia
1236 2643 1351 2700 militum
1375 2643 1454 2742 leeile
1481 2643 1642 2719 comparatio

386 2732 463 2788 ssint

347 2749 383 2806 [¹⁰
431 2823 474 2875 28.
497 2814 554 2870 lluc
576 2821 665 2870 autem
688 2813 808 2870 meando
829 2813 1009 2887 expeditionis
1040 2831 1109 2870 annu
1138 2815 1240 2888 poterit
1268 2815 1459 2870 serenissimus
1481 2813 1617 2888 daglorun

348 2901 402 2956 llex
425 2917 485 2956 cuin
508 2897 594 2955 classe
616 2906 644 2954 et
666 2897 829 2956 exercitibus
852 2898 911 2954 suis
934 2898 966 2954 ad
988 2891 1046 2955 eam
1075 2896 1233 2955 ulteriorem
1262 2899 1460 2972 expeditionem
1483 2897 1578 2954 Caesam
1596 2905 1618 2951 et
1683 2897 1684 2968 ζ

347 2985 476 3041 Lusitano
499 2983 622 3056 adiungi,
652 2999 731 3057 quem
758 2983 944 3039 sanctissimus
967 2983 1092 3040 dominus
1115 2983 1209 3048 noster
1231 2999 1283 3040 nna
1304 3000 1365 3040 oum
1387 2986 1494 3040 caterio
1516 2997 1616 3055 congre·

348 3070 419 3142 gatis
446 3085 555 3124 monere
585 3067 675 3124 obiter
701 3062 852 3130 debebunt,
880 3075 911 3124 nt
932 3084 990 3124 earn
1013 3067 1104 3129 fidem.
1136 3085 1216 3141 quam
1239 3068 1367 3124 Cesarea!
1390 3067 1522 3124 llaiestati
1548 3069 1572 3124 in
1597 3064 1642 3122 id*

257 3193 262 3200 ·
349 3153 547 3211 sanctissimum
570 3153 709 3225 irogotiuiu
731 3153 869 3215 astrinxit,
898 3153 926 3209 in
954 3151 1004 3208 hac
1032 3151 1121 3210 oblata
1150 3153 1290 3210 occasione
1318 3169 1425 3210 servare
1447 3167 1501 3210 non
1524 3152 1618 3208 abnuat

348 3237 462 3296 Etcum
486 3238 547 3311 ipso
569 3236 719 3310 anglorum
741 3237 813 3310 llege
837 3245 967 3310 poterunt
989 3238 1068 3294 etiam
1092 3237 1179 3296 Dardae
1202 3239 1256 3294 Rex
1277 3246 1305 3294 et
1326 3255 1388 3294 oum
1403 3253 1436 3293 eo
1452 3235 1618 3310 llagnuslla·

348 3325 434 3400 gister
454 3321 572 3380 Prussiae
589 3339 656 3400 ⁸oum
678 3323 765 3396 copiis
787 3339 933 3394 segonnam
955 3330 1036 3396 atque
1064 3321 1327 3380 ditionumsuarum
1354 3339 1386 3380 aa
1412 3339 1473 3379 oum
1496 3322 1618 3378 liutheno·

349 3491 550 3505 uun-annau·-

417 3590 522 3642 ¹dabit
540 3592 565 3642 4.
602 3587 661 3653 eeu]
680 3591 799 3640 ιι2...4.
834 3587 864 3622 ²⁸
882 3589 912 3639 in
931 3604 1053 3654 expuam.
1068 3593 1092 3654 4,
1128 3588 1185 3639 ⁸et
1202 3570 1341 3640 condona
1356 3593 1381 3642 4.
1417 3585 1617 3640 ιΜίιίἱι.ιιι.

348 3679 421 3728 2...4.
441 3675 534 3728 Maeci.
571 3671 630 3740 qui]
649 3679 678 3724 et
695 3676 721 3726 4.
755 3670 936 3738 ο241272.
970 3673 1174 3740 ”stipendiod
1211 3671 1232 3706 ¹¹
1249 3671 1301 3739 28]
1321 3671 1362 3723 28.
1377 3677 1402 3723 2.
1439 3673 1618 3738 Mandasset.

349 3759 370 3794 ¹⁸
388 3761 577 3811 neronianam.
590 3761 616 3809 4.
651 3757 827 3823 praedonem
845 3761 993 3822 eumad.
1035 3757 1056 3790 ¹¹
1074 3757 1243 3808 Samealriam
1263 3761 1287 3808 1.
1329 3757 1472 3809 Smedram
1489 3763 1545 3811 23.
1562 3757 1617 3808 Sare-
1681 3781 1682 3792 ι

348 3847 454 3908 deceno,
473 3841 647 3910 Speaaerota
665 3842 785 3902 Graecis,
809 3842 927 3892 nomano
944 3843 1001 3892 otim
1017 3837 1121 3893 dareus
1140 3856 1223 3895 mons.
1241 3843 1364 3894 Modram
1381 3843 1456 3894 dubet
1476 3845 1501 3895 4.
1517 3849 1541 3892 et
1557 3843 1618 3891 mati·

349 3931 397 3980 tem
418 3929 607 3980 adnotationem
630 3926 753 3976 Modram
776 3941 837 3977 eese
859 3925 996 3978 coloniam
1013 3927 1188 3978 Tartarorunr
1211 3927 1383 3996 Aklperman,
1409 3935 1438 3978 et
1461 3929 1511 3979 hoc
1533 3939 1617 3977 nomen

348 4028 399 4079 pro
416 4014 546 4079 primario
564 4011 686 4068 nomiae,
711 4011 782 4075 quod
798 4011 827 4062 in
846 4011 1034 4078 appellatione
1051 4011 1228 4062 Moneaetron
1243 4009 1335 4064 adhue
1354 4017 1575 4078 cognosceretur,
1596 4009 1617 4055 ιιι

349 4111 427 4148 usum
443 4099 563 4148 venisse.
598 4093 684 4160 chit]
699 4095 955 4146 KittaBeaaarnbtoe.
992 4096 1108 4163 Opidum
1122 4099 1146 4145 2.
1182 4095 1255 4160 iiaq.]
1274 4097 1316 4147 nia
1329 4100 1353 4150 4.
1391 4095 1412 4128 ¹⁸
1431 4093 1538 4162 oollae]
1556 4095 1616 4144 loea-

348 4182 386 4232 ais
404 4185 475 4235 2...4.
510 4179 626 4230 hiberna
645 4181 670 4229 4.
706 4176 798 4245 1628]
818 4181 1013 4257 Ηίιιιιιιιιιειιιιιι
1030 4184 1119 4230 neuma
1137 4180 1211 4231 dalet
1224 4185 1249 4232 2.
1284 4179 1306 4214 ¹⁷
1324 4197 1404 4246 qaam
1423 4181 1586 4232 anoharnm
1597 4177 1617 4225 4.

293 4261 298 4272 '
351 4265 575 4330 ¹⁹part.As.2.3.
611 4262 731 4314 intendit
743 4265 815 4316 1....7.
849 4264 873 4298 ²⁰
890 4262 1029 4331 27.L29.2.
1043 4271 1069 4316 ct
1080 4269 1118 4315 sic
1130 4267 1249 4329 deinceps
1261 4266 1359 4316 ιιιιιιιιιο
1377 4267 1497 4316 maiorem
1507 4275 1617 4313 am

349 4349 434 4400 labet.
468 4348 640 4400 hainoensi.
673 4344 831 4398 ”Africam
841 4350 866 4398 4.
900 4347 925 4382 ¹⁸
934 4349 1091 4400 Aloeierum
1100 4353 1125 4400 2.
1134 4353 1164 4400 3.
1178 4349 1341 4416 dloagerum
1351 4353 1376 4400 4.
1411 4345 1616 4400 Mauritlaaaial.

349 4433 372 4469 ¹⁴
391 4439 419 4486 et
435 4427 467 4484 F.
481 4449 528 4484 om.
543 4437 567 4484 4.
601 4429 624 4462 ²⁵
641 4429 761 4483 Arabiae
780 4433 804 4481 4.
844 4431 867 4466 ²¹
885 4429 989 4500 antem]
1007 4439 1064 4484 tum
1083 4437 1107 4484 4.
1141 4433 1164 4468 ⁸⁸
1182 4430 1280 4499 exere]
1300 4434 1387 4501 copiis
1406 4439 1430 4486 4.
1465 4431 1487 4467 ⁹
1503 4427 1616 4498 nundin

350 4517 467 4570 finitimo
485 4519 560 4570 1...3.
596 4529 652 4566 una
669 4527 716 4566 ora.
730 4518 755 4566 4.
791 4514 814 4548 ³⁰
831 4531 940 4568 movere
959 4509 984 4570 4.
1019 4517 1134 4570 debebit
1146 4521 1171 4569 4.
1207 4517 1227 4552 ⁸¹
1246 4519 1377 4584 astringit
1390 4521 1414 4569 4.
1433 4513 1552 4597 petrium]
1569 4514 1617 4578 liga

350 4603 376 4654 d.
391 4601 430 4654 te.
444 4602 507 4654 Oet.
520 4617 545 4652 a.
560 4597 635 4652 tota.
653 4599 727 4650 inter
742 4599 855 4667 Papam,
876 4603 1082 4668 Imperatorem,
1096 4603 1291 4668 Hispaniarum
1304 4601 1466 4670 Angliaeqoe
1484 4613 1561 4667 reges
1576 4609 1615 4664 pre
1679 4595 1680 4634 ι

333 4689 511 4742 .deleneione
524 4685 661 4737 Ecclesiae
674 4684 752 4734 inita.
787 4685 809 4716 ³²
820 4687 918 4736 Daciae
931 4691 1002 4744 2.,.4.
1023 4687 1093 4736 Dan.
1107 4683 1150 4752 tt]
1163 4685 1349 4744 Chdstieanns
1360 4687 1396 4737 11.
1432 4687 1470 4738 27.
1479 4673 1614 4743 mmm]

349 4773 478 4825 Albertun
495 4769 779 4834 Brandeabargenaie.
826 4767 849 4802 ⁸⁸
867 4783 901 4820 ae
919 4771 1056 4822 diatonum
1074 4775 1099 4822 2.
1136 4787 1169 4822 ae
1187 4770 1327 4822 ditionum.
1341 4772 1366 4822 4.
