3444 5518
314 408 387 481 360
408 437 511 474 osuio
524 435 693 472 Colbssllffl
706 435 811 472 REVM
824 435 982 474 ΙΟΥΙΜΙΙΙ
995 435 1031 472 Μ
1044 435 1165 474 sturm
1179 434 1303 472 cunum
1315 435 1349 472 H
1362 435 1457 474 RVH-A
1469 434 1613 472 nucum.

314 596 407 654 ‘ctitiis
430 585 602 652 sermonibus
623 594 657 650 dc
680 592 757 650 vobis
779 593 1008 667 negotiabuntur,
1038 593 1137 667 quibus
1160 593 1289 654 iudicium
1309 594 1363 652 iam
1385 581 1453 652 olim
1476 611 1537 652 non
1560 603 1615 651 tar-

315 682 381 744 dat,
410 689 439 736 et
467 678 585 754 perditio
612 676 724 736 illorum
753 694 808 734 non
835 679 982 735 ‹lormitat'.
1028 679 1124 736 ‘Novit’
1145 678 1218 735 enim
1241 679 1377 736 ‘dominus
1398 680 1462 754 pios
1486 696 1504 734 e
1527 688 1614 738 teota-

313 767 397 823 ‘tione
419 765 541 838 eripere,
570 763 686 820 iniustos
709 770 799 820 autem
821 763 849 819 in
869 763 941 822 diem
964 763 1056 820 iudicii
1080 763 1232 838 puniendos
1254 779 1377 827 servare,
1406 765 1528 821 maxime
1548 781 1612 820 sero

313 851 386 908 ‘illos
408 848 456 923 qni
477 863 587 906 monem
609 855 755 922 sequentes
777 848 1047 922 inconcupiscentia
1070 846 1233 923 pollutionis
1255 848 1409 912 ambulant,
1433 865 1465 906 ac
1488 849 1612 906 domina·

313 936 413 992 ‘tiones
439 941 630 997 contemnunt,
660 933 788 994 audaces,
816 932 968 1006 praelracti,
996 933 1044 1007 qni
1067 933 1156 1007 gloria
1177 931 1366 1008 precellentes
1397 949 1453 990 non
1485 942 1642 990 verentess

315 1019 449 1078 ‘convitiis
471 1020 622 1084 incessere,
651 1035 712 1074 cum
736 1017 788 1091 ipsi
811 1016 915 1091 angeli,
946 1018 992 1091 qui
1015 1025 1080 1074 sunt
1101 1015 1202 1074 robore
1224 1035 1255 1074 ac
1276 1018 1377 1074 virtute
1398 1018 1536 1081 melotes.
1559 1035 1613 1076 uon

245 1106 418 1166 §.tt‘leruut
439 1103 569 1160 adversus
590 1119 651 1160 sese
673 1101 744 1176 apud
764 1101 903 1159 dominnm
925 1102 1084 1162 maledicum
1108 1102 1245 1160 iudicium.
1288 1111 1318 1158 at
1346 1102 1392 1160 isti
1419 1102 1508 1160 veluti
1532 1101 1613 1158 bruta

314 1189 483 1252 animantia,
509 1196 606 1244 natura
627 1187 719 1261 genita
741 1187 769 1244 iu
790 1195 932 1261 capturam
954 1196 983 1244 et
1004 1187 1156 1262 pernitiem,
1179 1187 1206 1242 in
1229 1187 1272 1243 his
1294 1203 1355 1261 qua
1370 1204 1425 1244 non
1441 1187 1612 1260 intelligunt.

315 1274 515 1332 'maledicentes
538 1274 566 1330 in
588 1272 740 1347 perditione
763 1289 812 1328 sua
833 1272 977 1346 peribunt,
1008 1281 1181 1346 reportantes
1204 1272 1354 1330 mercedem
1377 1272 1538 1334 iruustitiae,
1561 1289 1612 1346 pro

315 1359 464 1433 ‘voluptate
485 1359 616 1416 ducentes
636 1357 663 1414 si
684 1357 712 1413 in
733 1356 805 1413 diem
832 1355 936 1414 delitiis
964 1357 1106 1421 lrusutur,
1134 1355 1209 1414 labes
1238 1375 1270 1414 ac
1291 1355 1417 1419 maculae,
1446 1356 1496 1430 qui
1519 1357 1643 1414 consi-se

316 1452 419 1501 ‘rantes
441 1443 468 1500 in
491 1442 633 1500 erroribus
656 1441 713 1498 suis
736 1441 869 1498 insultant
890 1440 983 1505 vohis,
1014 1440 1109 1502 oculos
1131 1441 1263 1498 habentes
1285 1441 1382 1515 plenos
1403 1439 1556 1504 adultere,
1584 1449 1613 1496 et

317 1529 373 1604 ‘qui
401 1545 417 1584 a
444 1529 581 1602 peccando
611 1544 720 1583 cessare
747 1525 884 1590 nesciant,
913 1527 1066 1584 inescantes
1093 1527 1198 1582 animas
1225 1525 1377 1590 instabiles,
1404 1541 1455 1583 eor
1477 1525 1612 1582 habentes

319 1613 503 1672 ‘exercitatum
526 1612 642 1686 rapinis,
672 1610 844 1670 execrabiles·
864 1610 912 1670 lilii
940 1612 989 1686 qui
1011 1611 1106 1670 relicta
1136 1619 1210 1668 reeta
1236 1611 1279 1667 via
1305 1611 1502 1668 abemverunt
1524 1611 1611 1668 secuti

319 1700 397 1755 ‘viam
419 1697 489 1754 baal.
528 1697 574 1753 lsti
591 1703 658 1753 sunt
673 1694 764 1752 sontes
780 1713 850 1770 aqua
866 1704 1000 1760 carentes,
1023 1694 1130 1754 nebulae
1147 1712 1207 1769 qum
1224 1713 1238 1752 a
1253 1693 1373 1771 procella
1389 1695 1527 1758 feruntur.
1551 1693 1610 1768 qei-

249 1785 309 1836 l·³⁵·
322 1783 381 1840 ‘bus
396 1782 485 1855 caligo
501 1779 676 1838 tenebrarum
698 1781 726 1838 iu
748 1788 882 1838 aeternnm
903 1788 1009 1838 servata
1031 1781 1090 1838 est’.
1126 1781 1159 1836 lli
1181 1789 1246 1836 sunt
1268 1788 1394 1854 ‘quorum
1415 1779 1512 1853 lingua
1529 1780 1607 1854 ignis.
1621 1797 1641 1834 u

318 1866 501 1924 ‘incoercibile
516 1864 632 1927 malum.
656 1865 735 1940 plena
757 1881 860 1933 veneno
883 1866 1049 1932 mortifero';
1072 1867 1119 1940 qui
1141 1873 1169 1922 et
1191 1872 1287 1922 contra
1308 1863 1449 1921 ominum
1471 1863 1610 1920 mendacia

318 1952 432 2025 lingunt.
463 1951 574 2007 *Levate
596 1949 707 2012 oculos,
729 1967 747 2006 o
769 1950 907 2024 principes
929 1951 1089 2020 Christiani,
1118 1950 1232 2024 aspicite
1260 1957 1329 2024 quot
1350 1949 1524 2006 surrexerint
1544 1949 1610 2004 Por-

317 2035 423 2112 phyrii,
451 2035 513 2110 qui,
542 2043 574 2092 ut
595 2033 653 2098 ille,
681 2043 800 2092 sanctam
822 2035 992 2109 disrumpere
1014 2035 1138 2091 nituntur
1159 2033 1342 2108 evangelicam
1363 2033 1526 2090 doctrinam.
1564 2032 1609 2089 obi

316 2121 363 2178 ubi
378 2118 455 2177 Pauli
471 2119 610 2176 institutio
626 2127 765 2183 servatur,
788 2119 835 2194 qui
851 2119 913 2176 'lito
935 2119 1057 2176 scribens
1079 2118 1167 2193 qualis
1182 2118 1328 2193 episcopus
1343 2116 1488 2192 eligendus
1503 2119 1550 2180 sit,
1571 2117 1608 2172 di·

317 2222 382 2262 cens
398 2205 563 2262 ‘Constituas
579 2221 628 2280 per
642 2203 766 2262 civitates
781 2203 967 2280 presbyteros,
991 2205 1062 2260 sicut
1076 2219 1129 2277 ego
1145 2203 1195 2260 tibi
1210 2203 1346 2276 disposui:
1370 2203 1394 2260 si
1409 2202 1473 2276 quis
1487 2210 1531 2259 est
1548 2203 1639 2259 cineas

318 2290 454 2356 crimine,
486 2289 568 2345 unius
595 2289 689 2345 uxoris
717 2289 772 2352 vir,
800 2287 873 2346 filios
902 2288 1004 2348 habens
1025 2287 1134 2351 fideles,
1163 2289 1268 2344 nonin
1290 2281 1463 2345 accusatione
1485 2285 1607 2346 luxurie.

317 2382 374 2432 ‘ant
396 2391 451 2430 oon
473 2373 614 2430 subditos:
637 2381 749 2447 oportet
770 2372 841 2429 enim
863 2372 1023 2448 episcopum
1044 2372 1103 2430 sinc
1124 2373 1237 2430 crimine
1258 2389 1318 2429 csse
1339 2380 1469 2446 tanquam
1491 2371 1536 2427 dci
1557 2371 1608 2427 dis·

318 2458 515 2534 ‘pennatorum
544 2475 600 2515 uon
622 2465 795 2533 protervum,
824 2473 879 2514 noo
901 2457 1072 2520 iracundum,
1101 2457 1157 2514 ison
1178 2455 1359 2518 vinolentum.
1387 2473 1442 2512 non
1464 2471 1607 2530 pereusso-

317 2553 398 2608 rem.
422 2559 478 2600 oon
494 2543 583 2617 turpis
598 2541 667 2600 lucri
680 2543 878 2619 appetitorem,
902 2542 949 2599 sed
964 2540 1142 2616 hospitalem,
1164 2541 1299 2598 bonorum
1315 2549 1472 2602 amatorem.
1496 2547 1606 2602 eastum,

320 2628 439 2690 iustum.
464 2636 596 2690 sanctum,
619 2627 811 2689 continentem,
835 2626 1004 2683 obtinentem
1018 2641 1080 2682 eum
1096 2625 1142 2701 qui
1158 2625 1307 2683 secundnm
1320 2625 1473 2682 doctrinam
1487 2632 1533 2682 est
1548 2623 1635 2682 [iden

320 2711 382 2769 ‘lem
397 2729 559 2774 sermonem,
576 2719 607 2768 ut
622 2719 721 2786 potens
737 2711 773 2768 sit
787 2709 926 2770 consolari
941 2711 970 2766 in
984 2711 1109 2767 doctrina
1124 2727 1190 2768 sana
1205 2718 1233 2768 et
1247 2710 1464 2767 contradicentes
1480 2725 1606 2783 affluere:

319 2805 394 2854 ‘sunt
414 2797 486 2852 enim
508 2796 587 2854 multi
609 2804 637 2854 ot
659 2813 715 2852 oon
737 2795 848 2859 subditi,
872 2794 1009 2869 vaniloqui
1025 2803 1053 2850 et
1068 2795 1198 2852 mentium
1213 2795 1386 2869 deceptores,
1410 2795 1458 2868 qni
1472 2795 1608 2850 universas

250 2880 488 2938 §.esurierunt
509 2881 615 2945 domos,
636 2881 765 2940 docentes
787 2897 849 2954 que
871 2897 926 2937 non
949 2887 1077 2955 oportet,
1101 2880 1190 2955 turpis
1212 2879 1281 2936 lucri
1304 2879 1417 2937 eausal’
1439 2895 1502 2935 nam
1517 2879 1609 2935 domos

318 2965 465 3022 comeduut
486 2964 644 3028 viduarum,
666 2966 731 3022 dum
753 2963 804 3022 sub
827 2972 963 3040 pretextu
978 2964 1105 3039 precibus
1119 2963 1234 3039 prolixis
1250 2971 1410 3039 prccanurra
1432 2971 1555 3038 purgant
1569 2979 1608 3018 en·

318 3049 448 3106 terionem
470 3048 562 3124 poculi
584 3050 738 3124 patinaeque
759 3057 877 3124 partem,
905 3039 1040 3108 caeoerum‘
1061 3050 1135 3106 intus
1162 3048 1236 3123 pleni
1264 3054 1328 3105 sunt
1349 3047 1444 3123 rapina
1465 3056 1495 3104 et
1516 3048 1634 3110 intenso

257 3189 264 3198 ,
318 3134 456 3208 perantia;
479 3131 583 3190 similos
605 3143 670 3191 sunt
691 3134 845 3210 sepulchris
867 3134 1012 3198 dealbatis,
1036 3152 1095 3208 quae
1118 3133 1186 3190 loris
1209 3133 1316 3208 quidem
1332 3139 1465 3208 apparent
1480 3133 1632 3208 speciosa·

318 3219 392 3275 intus
414 3235 477 3274 vero
499 3217 579 3292 plena
603 3227 668 3275 sunt
690 3219 798 3277 ossibus
813 3229 985 3276 mortuorum
1002 3217 1136 3293 plenaque
1151 3218 1295 3294 spurcitia:
1317 3217 1366 3292 qui
1381 3233 1474 3274 sanam
1488 3219 1607 3275 nesciunt

316 3303 482 3367 doctrinam,
512 3303 576 3377 quia
598 3303 734 3362 Christum
757 3305 887 3378 ignorant
908 3311 936 3360 et
958 3303 1117 3378 negligunt:
1147 3311 1245 3379 putant
1272 3303 1344 3360 enim
1372 3303 1400 3360 in
1426 3301 1519 3360 serbis
1547 3301 1607 3359 sesi·

317 3397 459 3463 ptursrum
482 3405 544 3445 esse
566 3387 747 3463 evangelium,
770 3405 825 3445 non
848 3388 875 3444 in
898 3405 995 3450 sensu,
1018 3388 1046 3444 in
1062 3388 1219 3463 superficie,
1242 3386 1491 3450 coniunctionis,
1514 3387 1540 3446 in
1556 3403 1607 3444 ser

210 3506 220 3518 ·
316 3489 427 3552 monum
450 3472 538 3536 loliis,
562 3489 617 3538 non
640 3473 779 3530 inradies
801 3473 926 3530 rationis.
970 3471 1048 3540 Quod
1069 3472 1165 3528 beeius
1188 3469 1249 3535 ille,
1272 3473 1395 3529 Decimus
1417 3472 1495 3536 dioc,
1518 3472 1634 3546 lapsnsu

317 3575 391 3622 snm,
415 3556 489 3614 bulla
512 3560 640 3632 praesenti
664 3559 796 3622 ostendit,
825 3575 904 3632 quam
927 3555 1047 3615 avaritie
1069 3556 1175 3620 studet,
1203 3556 1552 3631 simplicescircumveoit,
1577 3555 1605 3611 ad

316 3641 424 3700 lihitum
447 3659 538 3699 sacras
560 3643 670 3700 adducit
690 3643 797 3706 literas,
821 3643 952 3700 corticem
973 3640 1054 3706 colit,
1077 3641 1178 3700 incedit
1199 3641 1334 3705 larvatus,
1363 3641 1483 3715 predam
1507 3641 1604 3714 querit

247 3735 375 3786 §.acuon
396 3726 543 3786 Christum.
587 3728 715 3802 ignoras,
743 3727 799 3784 beo
820 3727 939 3794 mcime,
971 3735 1045 3784 ‘tnnc
1072 3727 1162 3784 solum
1185 3726 1351 3801 scripturam
1379 3725 1526 3800 prodesse,
1552 3741 1605 3782 usn
1704 3737 1705 3746 ¹

318 3811 429 3886 ‘absque
452 3811 562 3868 Christo
585 3830 639 3870 non
662 3812 779 3875 dicitur',
802 3819 834 3868 ut
855 3813 894 3868 ait
910 3812 993 3870 divus
1015 3811 1211 3886 hieronymus,
1240 3819 1310 3868 ‘oum
1332 3810 1435 3884 absque
1459 3817 1605 3886 patrenus

253 3919 257 3928 ·
318 3897 481 3969 'profertum
504 3915 566 3954 cum
589 3897 648 3954 sine
671 3897 848 3972 spiritunon
870 3913 929 3954 eam
952 3897 1072 3954 insinuat
1087 3894 1135 3954 ille
1149 3896 1196 3970 qui
1212 3895 1354 3970 praedicam
1376 3893 1501 3969 alioquin
1516 3893 1633 3952 endis-u

316 4063 519 4076 *—

384 4159 397 4198 ¹
413 4163 496 4216 Novit
514 4162 649 4231 dominns]
670 4164 746 4216 Petr.
759 4163 779 4216 l.
791 4179 817 4215 c.
829 4179 856 4214 s.
868 4162 959 4215 9...17.
1014 4160 1036 4196 ¹⁸
1052 4161 1150 4228 lingue
1165 4161 1241 4229 ignis
1259 4159 1303 4228 tc]
1325 4161 1424 4213 Iscebl
1441 4177 1487 4228 ep.
1500 4158 1604 4213 11th

315 4244 368 4281 ’Μ’
384 4239 525 4313 Porpblrli
538 4251 561 4299 1.
574 4253 600 4300 2.
619 4249 787 4316 Porphyrius
799 4245 903 4300 Plotini
921 4246 1082 4313 discipulus,
1102 4245 1280 4314 philosophus
1297 4245 1524 4312 neoplstenieus,
1541 4246 1607 4296 inter

317 4329 375 4382 etta
396 4330 482 4382 multa
504 4336 602 4384 contre
626 4333 799 4386 Christianos
822 4333 943 4398 scripsit.
966 4333 986 4396 †
1009 4331 1068 4384 325.
1089 4333 1135 4384 De
1160 4347 1193 4383 eo
1215 4332 1246 4382 in
1270 4330 1347 4382 bulla
1364 4330 1476 4384 dixerut
1498 4331 1556 4382 Leo
1576 4329 1605 4380 X.

316 4413 337 4448 ¹⁹
355 4415 434 4466 Poul.
448 4431 493 4483 ep.
506 4417 608 4468 ed'l'it.
622 4418 643 4468 1.
656 4415 745 4469 5...11.
798 4415 821 4452 ¹⁰
838 4415 945 4483 dicens]
963 4416 1047 4468 scribe
1065 4417 1143 4467 dicit.
1201 4413 1256 4450 Μ
1273 4417 1345 4467 dom.
1358 4413 1441 4482 cortu]
1464 4415 1605 4467 schlatth.

315 4499 418 4550 xxm.
436 4498 474 4550 ll.
532 4499 554 4534 ¹⁸
571 4499 660 4569 perp]
681 4503 717 4552 cf.
730 4503 945 4557 natenxxm.
959 4501 1001 4552 25.
1060 4499 1083 4534 ³⁰
1100 4499 1184 4566 plens
1197 4503 1221 4552 1.
1235 4505 1261 4552 2.
1319 4499 1342 4534 ¹¹
1360 4499 1479 4566 slmiles]
1493 4500 1558 4551 ibid.
1569 4498 1606 4547 ll.

315 4581 337 4618 ³⁴
355 4585 515 4649 Hieronym.
529 4586 611 4652 poulo
629 4590 692 4652 post
711 4587 815 4638 citoud.
835 4587 879 4638 cl.
894 4587 981 4637 einsd.
994 4598 1090 4637 comm.
1105 4587 1133 4636 in
1146 4585 1229 4637 Amos
1242 4586 1275 4637 V.
1291 4585 1313 4636 l.
1328 4585 1388 4649 (Vl.
1400 4583 1475 4647 wi.)
1520 4584 1543 4618 ὅ
1559 4585 1605 4636 lte·

316 4685 375 4730 rum
393 4667 551 4721 nominibus
569 4675 667 4720 auctor
679 4669 756 4734 lunia,
777 4672 848 4737 qnod
860 4671 946 4722 semel
960 4671 995 4734 (5.
1008 4667 1064 4736 26.)
1078 4671 1196 4736 posituro
1209 4671 1280 4722 sutis
1294 4675 1364 4721 erat.
1398 4667 1421 4703 ⁸²
1439 4663 1605 4734 asomum]

317 4769 414 4807 comm.
427 4754 456 4806 ln
469 4769 511 4820 ep.
525 4755 561 4808 cd
574 4754 691 4808 Gelotl.
708 4757 746 4806 ll,
762 4757 801 4807 12.
816 4757 886 4819 (VII.
899 4772 926 4822 p.
939 4754 1010 4820 386.)
