3464 5526
233 423 356 464 amm
376 423 405 460 1!
424 423 517 460 ΜΟΙΙ
534 422 812 460 ἮΙΤΕΙΡΙΒῦΙΙΙΕΙ
831 421 933 458 ORATIO
952 421 984 457 11.
1004 420 1116 458 triavus.
1130 416 1157 454 Δ.
1172 413 1229 456 lbii·
1270 465 1276 496 o
1326 390 1373 462 27

87 579 155 639 sinai
178 577 406 658 fortissimique,
428 577 550 647 illudat,
578 595 631 640 sua
653 583 770 640 tueatur
791 574 947 646 maleficia,
976 593 1031 636 nos
1058 575 1095 636 ab
1123 577 1308 663 aucupatiope
1325 593 1373 638 ra·

88 679 190 760 pellat
235 680 329 747 ‘Unde
349 677 434 755 istud'
456 678 562 759 aliquis
581 680 660 741 dicet
681 678 918 741 ‘commentumi'
951 679 1013 739 scio
1038 679 1116 739 enim
1140 681 1251 756 paucos
1278 678 1443 758 auspi-oo.

88 784 151 844 cari
172 782 255 862 quod
275 798 330 860 ego
352 781 449 850 rideo;
475 781 562 842 ‘unde
584 781 663 844 hunc
684 787 744 844 tam
763 779 894 860 rcpantc'
912 779 989 842 dicat
1010 777 1156 840 'metumt'
1185 797 1245 840 non
1266 799 1302 842 ox
1320 779 1377 842 levi

88 884 189 963 aliquo
210 882 383 946 rumusculo
401 891 451 945 aut
473 881 550 962 vulgi
570 900 721 946 sermone:
741 889 836 952 certa,
854 881 1008 952 Germani,
1033 889 1061 944 et
1081 883 1138 942 nisi
1160 880 1313 944 consilium
1333 882 1376 943 in·
1459 899 1461 902 ·

71 988 277 1056 stercasserit,
294 979 459 1065 pemiciosa
475 985 542 1046 huic
559 987 669 1046 nationi
683 991 833 1064 comperta
850 983 960 1054 habeo,
977 999 1043 1046 oum
1059 982 1149 1044 Gallis
1165 984 1263 1046 iacere
1279 985 1375 1052 istum,

89 1095 119 1166 pt
139 1087 291 1174 Helvetios
311 1087 461 1148 finitimam
482 1086 567 1148 nobis
586 1093 704 1165 gentem
725 1085 890 1152 sollicitare,
925 1091 954 1146 et
975 1093 1007 1146 ut
1028 1084 1194 1164 intelligatis
1212 1103 1300 1171 quarn
1318 1104 1376 1148 nou

88 1193 259 1268 importuna
281 1191 317 1250 sit
334 1188 398 1251 haec
420 1207 484 1249 moa
505 1190 665 1259 festinatio,
687 1187 798 1250 bellum
819 1195 984 1267 comparat,
1010 1187 1088 1265 quod
1109 1195 1211 1249 contra
1232 1187 1308 1250 hanc
1325 1207 1375 1268 pa·

90 1294 191 1361 triam,
214 1292 299 1353 iocos
321 1298 408 1371 etque
428 1307 495 1352 aras
516 1297 631 1352 nostras
657 1292 778 1352 omittat.
818 1289 893 1351 llum
919 1289 976 1350 hoc
1003 1289 1158 1352 consilium
1186 1297 1443 1360 maturescatan.

90 1395 143 1454 hoo
164 1394 286 1454 interim
305 1394 382 1456 misit
410 1392 469 1454 huc
494 1390 692 1463 oratoroulos,
720 1393 770 1472 qui
798 1392 964 1454 excusando
991 1398 1115 1471 tempus,
1132 1391 1241 1454 ducant
1267 1410 1376 1473 vosquo

65 1495 233 1575 toprecihus
251 1501 376 1556 tentent:
395 1493 473 1575 quod
489 1496 514 1556 si
530 1512 566 1556 ex
580 1495 676 1554 auimo
694 1493 794 1563 cedat,
820 1492 1017 1556 conditionem
1031 1495 1163 1573 accipiat,
1180 1501 1210 1556 et
1223 1495 1260 1556 ad
1276 1496 1375 1574 peiora

90 1599 184 1660 indies
206 1596 403 1677 perpetranda
428 1616 461 1658 se
488 1602 635 1667 reservet;
662 1597 707 1656 sin
731 1597 843 1666 minus,
874 1596 910 1657 ad
933 1595 1010 1656 istud
1043 1613 1075 1657 se
1103 1598 1225 1676 recipiat
1252 1597 1373 1678 asylum,

91 1701 168 1761 unde
193 1697 280 1760 nobis
301 1700 475 1778 perniciem,
505 1699 557 1760 toti
579 1699 743 1761 Germanias
763 1699 924 1758 vastitatem
944 1696 1055 1760 interra
1077 1701 1193 1776 cogitat.
1238 1699 1443 1771 Quamvisiao.

90 1805 167 1874 enim
188 1799 288 1862 nullus
308 1802 345 1862 sit
365 1801 422 1862 hoc
443 1800 557 1866 latrone
578 1797 765 1868 imbecillior,
788 1797 886 1860 nullus
905 1798 1048 1860 desertior
1069 1818 1110 1883 ac¹
1124 1800 1297 1880 desperatus
1313 1821 1375 1866 ma·

89 1907 145 1982 gis,
169 1905 240 1984 quia
264 1910 361 1964 tamen
380 1901 452 1964 nilail
473 1909 531 1964 tam
551 1908 653 1980 turpe,
681 1909 740 1962 um
763 1900 960 1976 execrandum
987 1921 1023 1964 ac
1051 1901 1300 1966 abhominandum
1322 1912 1374 1976 est,

63 2006 167 2086 equod
190 2023 253 2068 non
274 2023 361 2068 suum
382 2003 438 2066 sibi
460 2005 654 2084 patrocinium
671 2003 792 2074 haheat,
815 2009 845 2064 et
858 2004 886 2063 in
902 2021 936 2064 ea
952 2003 1006 2066 iste
1025 2009 1157 2084 tempora
1178 2007 1287 2078 incidit,
1311 2010 1376 2086 qui·

88 2109 140 2168 hos
162 2125 254 2170 namo
277 2125 336 2168 non
363 2125 424 2168 suae
452 2106 602 2186 cupiditati
631 2106 768 2168 tiduciam
793 2123 905 2185 ponera
933 2089 1040 2175 audet}
1070 2107 1180 2168 invenit
1200 2107 1374 2187 quibuscum

89 2229 171 2272 suern
193 2210 271 2272 hauc
293 2211 441 2272 fortunam
468 2210 680 2279 communicet,
710 2225 784 2288 quos
805 2209 911 2272 sinon
935 2206 1082 2270 scelerum
1103 2227 1225 2272 suorum
1247 2210 1374 2274 asserto-

89 2331 150 2382 res,
175 2311 256 2394 (uam
271 2315 300 2374 in
315 2329 404 2390 quem
425 2311 484 2372 hoo
505 2309 605 2380 cadat,
626 2317 686 2372 tam
708 2311 843 2390 inpium,
863 2317 922 2372 tam
944 2309 980 2370 ab
1001 2309 1181 2374 humanitate
1203 2311 1375 2378 derelictum

89 2435 150 2476 osse
174 2403 322 2496 neminem
345 2415 427 2492 puto)
454 2413 561 2476 veteris
581 2411 685 2476 saltem
713 2430 782 2492 erga
809 2431 863 2474 nos
886 2413 999 2476 invidiae
1022 2411 1173 2491 explendae
1200 2418 1373 2500 opportuni-

59 2525 164 2586 aotate,
186 2517 275 2602 huius
333 2516 418 2576 tionis
438 2517 659 2595 impugnatores
681 2514 766 2576 uobis
788 2513 914 2576 obiiciat.
958 2516 1060 2594 sicque
1087 2513 1228 2579 alterutra
1251 2538 1288 2581 ex
1314 2519 1443 2587 hoctar,

89 2620 242 2696 naufragio
328 2597 482 2697 emergere
504 2619 656 2696 cogitavit,
684 2623 735 2678 aut
761 2618 785 2679 si
813 2618 877 2678 fleri
900 2617 992 2696 possit
1013 2618 1133 2697 quesita
1154 2619 1260 2682 delicto
1282 2624 1373 2696 venie,

88 2729 136 2782 aut
156 2721 182 2782 si
204 2722 303 2782 minus
323 2719 380 2781 hoc
401 2720 556 2799 procedat,
583 2727 616 2782 ut
641 2719 704 2780 istis
728 2718 871 2798 praesidiis
898 2721 996 2781 omnia
1016 2719 1122 2798 ¹legum
1144 2741 1179 2784 ac
1201 2725 1274 2786 iuris
1295 2725 1374 2788 clau

88 2831 146 2883 soa
166 2822 346 2902 perfringat,
368 2841 478 2901 vosque
499 2824 524 2883 ai
546 2803 606 2882 non
624 2821 745 2885 tulmiue
763 2823 957 2892 comminuat,
979 2822 1082 2886 saltem
1097 2826 1240 2904 grandine
1254 2845 1290 2890 ac
1303 2847 1372 2909 pro·

89 2924 161 2986 cella
183 2923 290 3004 pulset
335 2923 447 2986 Conna·
471 2942 536 3004 quae
563 2925 617 2986 etsi
641 2924 711 2986 satis
740 2924 880 2986 munitam
901 2927 1086 2989 Gumaniam
1113 2929 1189 2998 scio,
1216 2929 1442 3000 videndumaas.

60 3035 189 3090 ammon
209 3034 268 3098 est,
291 3045 337 3096 ne,
358 3045 445 3108 quom
469 3028 635 3089 necessario
658 3025 856 3088 damnandum
881 3026 1018 3088 omnibus
1040 3029 1155 3090 iustitiae
1176 3031 1299 3094 vinculis
1320 3035 1374 3095 im·

88 3128 221 3208 plicitum
249 3130 369 3198 tenetis,
403 3146 462 3191 nou
491 3131 553 3190 sina
579 3130 658 3206 turpi
687 3129 774 3190 huius
796 3130 921 3190 nationis
947 3128 1075 3192 ludibrio
1098 3131 1246 3196 elabatur:
1278 3152 1374 3215 neque

88 3233 167 3292 enim
189 3230 246 3292 hoo
268 3239 386 3302 metuo,
409 3238 442 3292 ut
461 3231 647 3292 Germaniam
668 3230 775 3304 talibus
803 3232 859 3291 iste
881 3231 996 3295 auxiliis
1022 3240 1145 3304 evertat,
1178 3235 1230 3296 sed
1257 3253 1295 3300 ne
1325 3245 1375 3300 aut

88 3333 237 3410 negotium
259 3332 358 3395 multis
380 3334 467 3394 iaciat
487 3339 537 3394 aut
556 3335 749 3396 cunctationis
770 3339 873 3394 restrae
889 3333 1032 3396 boneticio
1051 3354 1193 3416 poenaesc
1210 3337 1370 3401 subtrahat.

88 3431 203 3514 Quippe
223 3444 256 3496 ut
273 3433 418 3497 scelerum
441 3436 618 3497 conscicntia
638 3435 799 3502 tumidum,
830 3436 1018 3514 suspitiosum
1038 3455 1074 3498 ac
1095 3438 1282 3518 desperatum
1305 3441 1440 3512 red-§.aa

56 3535 177 3606 radidit,
200 3538 237 3598 ita
259 3538 342 3617 siqua
364 3555 410 3606 se,
433 3536 511 3618 quod
534 3536 573 3597 dii
595 3536 787 3616 prohibeant,
807 3535 853 3597 lais
869 3538 1008 3630 angustiis
1023 3538 1124 3601 laxitas
1143 3542 1311 3612 ostenderit,
1335 3545 1373 3605 ai·

88 3655 178 3716 qnam
201 3639 268 3701 huic
290 3638 428 3700 custodia
449 3639 558 3700 exitum
580 3640 781 3719 prospexerit,
809 3643 940 3710 eractura,
970 3640 1066 3702 audax
1093 3661 1127 3702 ac
1152 3643 1301 3709 conlidens
1325 3665 1374 3706 vos

88 3747 268 3809 contemnet,
303 3740 388 3802 nobis
415 3740 578 3810 insultabit,
608 3742 717 3821 optimo
746 3742 852 3820 cuique
882 3742 1042 3821 pernicicm
1071 3744 1269 3808 meditabitur.
1312 3765 1373 3810 nou

88 3843 159 3902 tanti
179 3842 246 3904 iacit
268 3843 412 3913 dedecus,
435 3849 467 3904 ut
488 3843 544 3904 hoo
566 3850 661 3905 morte
683 3849 866 3904 courmutarc
893 3843 974 3912 velit:
1003 3862 1099 3926 neque
1121 3848 1146 3908 si
1166 3867 1202 3908 ex
1215 3849 1282 3930 lroc
1308 3869 1373 3913 car·

89 3962 157 4005 cere
176 3944 284 4014 evolet,
308 3943 398 4006 ullum
417 3953 519 4024 postea
542 3953 602 4007 tam
624 3945 811 4026 profligatum
834 3946 889 4007 erit
908 3945 1006 4015 neia's,
1027 3948 1075 4008 cui
1097 3967 1128 4010 sc
1142 3968 1201 4011 nou
1218 3953 1374 4032 accingere

59 4045 214 4113 pendeat,
235 4053 267 4108 ut
294 4048 343 4126 qui
368 4047 439 4108 nibil
466 4047 556 4108 hahet
576 4048 653 4127 quod
676 4047 713 4108 de
739 4048 950 4109 existimatione
972 4051 1076 4128 perdat
1096 4069 1164 4113 sua:
1199 4055 1266 4132 quia
1295 4058 1373 4120 anim

89 4149 201 4223 quantis
220 4167 253 4210 se
274 4147 389 4228 flagitiis
412 4147 632 4212 comniacularit
651 4150 744 4218 arialet,
777 4148 862 4212 facilc
887 4152 918 4212 in
940 4169 1043 4214 omnes
1064 4172 1096 4215 se
1121 4153 1250 4234 reliquas
1270 4159 1372 4220 sordes

88 4245 199 4318 abiicit,
223 4251 253 4312 in
276 4268 363 4312 omna
385 4251 512 4314 dedecus
537 4251 688 4337 prouolvit.
733 4251 806 4313 Nam
829 4259 860 4314 ut
882 4253 1001 4315 videatis
1023 4271 1080 4332 qua
1102 4256 1215 4318 ratione
1234 4257 1440 4333 facillimam.

90 4401 288 4414 -—-—

155 4485 167 4517 ⁵
184 4487 223 4539 Gi.
239 4489 294 4541 vol.
307 4489 329 4538 1.
343 4505 369 4554 p.
381 4489 440 4543 242.
454 4504 493 4555 sq.
508 4504 580 4540 num.
595 4490 679 4540 CVII.
694 4497 758 4556 etp.
772 4487 813 4540 63.
829 4505 868 4554 sq.
888 4506 959 4542 num.
974 4493 1057 4544 XXX.
1071 4491 1096 4545 3.
1154 4495 1165 4528 ⁸
1183 4497 1328 4550 Heluetios
1348 4501 1371 4548 1.

89 4571 220 4624 Swiooroa
237 4591 306 4624 eom
321 4579 350 4624 ti.
401 4574 546 4625 ⁸amittat.
566 4578 589 4623 1.
618 4575 733 4626 incohat
750 4591 819 4624 corr.
832 4579 861 4626 11.
921 4575 1226 4646 ”oratorculos].¹3mstr
1244 4589 1299 4636 otor
1314 4589 1371 4644 tirso

89 4656 194 4718 ondita
210 4660 262 4711 vol.
275 4661 297 4710 l.
312 4678 336 4726 p.
350 4659 391 4710 86.
405 4659 485 4710 v.ll.
506 4651 545 4722 ὈΛ
559 4660 644 4723 nepa,
658 4661 726 4725 Hzp.
744 4661 830 4711 Utried
843 4660 866 4712 I.
878 4677 904 4725 p.
918 4661 976 4713 451.
1013 4661 1202 4714 ¹⁴aboruin.2.
1238 4665 1333 4717 ²”inuis
1346 4670 1369 4717 1.

88 4737 109 4770 ²⁹
126 4741 224 4806 scapio.
241 4747 266 4795 2.
317 4743 338 4777 ⁸¹
358 4759 447 4811 persp.
462 4749 487 4795 2.
507 4742 575 4824 (pip.
590 4745 625 4808 1.)
679 4758 712 4793 ao
732 4749 754 4794 1.
775 4749 843 4796 sarr.
