3410 5524
88 451 199 488 narratu
208 451 246 493 ao
257 451 403 486 raincarius
416 449 666 487 osnmurnaauvrr
679 449 779 486 arecas
792 450 931 486 rnraasnr
945 449 1171 486 sxaonraroura.
1184 434 1267 500 (asts.)
1288 419 1357 494 127

86 605 130 685 qui
150 604 243 684 qualis
264 605 359 684 qualis
381 612 441 675 est,
463 621 545 667 arma
567 591 671 676 babet,
696 592 802 684 equos,
826 603 920 674 viros,
942 569 1031 664 nares
1053 610 1083 665 et
1103 602 1249 684 illudque
1262 606 1359 668 omnia

85 707 135 767 boc
160 714 295 785 tempore
317 706 520 787 expugnabilia
543 687 692 776 ridentur',
724 713 850 769 aurum.¹
882 704 943 767 lam
966 712 1107 784 quantum
1129 707 1217 768 animi
1238 705 1286 787 illa
1309 707 1359 770 ad·

84 807 148 882 didit
169 809 288 890 Syriaca
310 809 445 880 victoria,
467 809 614 886 magnifici
628 808 791 892 triumphi,
814 806 942 886 superba
965 807 1079 886 spoliai
1104 807 1268 870 Plurimum
1276 827 1352 894 ,rno-
1360 820 1426 873 §.ne

83 913 165 972 menti
187 910 292 982 habet,
314 929 332 972 o
354 911 516 991 principes,
538 912 569 972 in
586 908 668 972 >bello
690 909 765 980 dux,
794 909 883 984 adeo,
911 918 947 970 ul
965 927 1042 988 saepe
1065 910 1219 989 desperata
1241 899 1374 974 victoria

64 1010 138 1074 asolo
160 1020 318 1093 conspecto
339 1014 415 1076 duce
437 1014 605 1096 respirarit,
621 1019 671 1112 ⁴ut
693 1012 812 1074 maximi
840 1029 918 1090 saepe
945 1011 1092 1074 exercitus
1119 1012 1149 1083 in
1171 1012 1269 1089 lugam
1291 1029 1362 1091 pro·.

82 1113 166 1192 bigati
191 1114 248 1176 snb
275 1115 461 1195 imperatoris
488 1115 643 1178 adrentum
672 1115 805 1175 conversi
832 1115 897 1174 sint.
941 1111 989 1174 ille
1017 1112 1115 1174 verbis
1141 1115 1217 1193 regit
1238 1115 1359 1204 animos,

82 1215 124 1278 ille
151 1224 225 1279 nutu
252 1217 373 1280 abiectus
387 1233 517 1280 suorum
538 1217 709 1278 moderatur
732 1223 761 1277 et
782 1215 827 1277 rel
849 1215 910 1277 sola
932 1216 978 1277 sui
999 1216 1153 1294 praesentia
1176 1218 1292 1278 viocerc
1315 1216 1357 1277 ia·
1412 1247 1422 1260 ·

83 1320 125 1378 cit.
168 1337 268 1404 npnnc
289 1319 432 1400 quosdam
452 1318 564 1399 legistis
586 1319 680 1380 media
702 1335 801 1398 pugna
824 1335 909 1396 aegro
925 1335 1050 1397 corpore
1072 1317 1101 1378 in
1124 1317 1226 1380 lectica
1248 1319 1357 1399 produ·
1423 1295 1427 1319 ¹

82 1421 179 1486 ductos
200 1419 342 1484 militibus
364 1422 478 1484 auxisse
500 1419 613 1485 animo's
632 1423 663 1482 in
679 1426 691 1480 t
708 1428 792 1482 ntum
808 1429 840 1482 nt
854 1427 962 1498 praeter
982 1437 1064 1500 spem
1085 1421 1252 1485 rinoencntl
1274 1419 1426 1492 rae-rae.

58 1530 134 1583 tlstat
155 1523 213 1584 boc
235 1513 416 1593 ohedientia,
447 1525 530 1586 cuius
553 1529 670 1603 oportet
689 1438 906 1584 &siccissimum
930 1539 998 1584 esse
1015 1521 1044 1583 in
1066 1512 1238 1585 rdinibus
1260 1525 1361 1586 rincu-

82 1623 152 1686 lum:
186 1625 257 1705 qirld
285 1623 363 1686 aliud
390 1625 497 1687 volunt
519 1627 596 1688 enirn
623 1623 671 1686 illa
700 1643 801 1686 serora
829 1623 1029 1688 Romanorum
1057 1605 1189 1686 veterum
1217 1625 1359 1706 exempla,

81 1744 161 1805 guam
185 1745 291 1807 parere
313 1726 396 1797 duci,
424 1727 454 1788 id
483 1745 546 1789 esse
572 1727 708 1790 vincerei
739 1727 785 1788 coi
814 1727 943 1798 instituto
965 1726 1038 1788 adeo
1061 1721 1101 1788 illi
1128 1725 1300 1802 studebant,
1329 1735 1361 1789 ut

81 1831 118 1888 eis
138 1829 253 1907 ingrata
275 1829 363 1890 luerit
384 1835 491 1908 praeter
512 1830 698 1907 imperatoris
719 1812 823 1891 sci't'um
846 1811 929 1908 par‘ta
960 1827 1094 1897 victorin
1124 1845 1250 1906 quorum
1272 1829 1361 1910 aliqui

80 1929 264 2012 inproprios
292 1929 560 1992 anirnadrcrterunt
580 1925 672 2002 filios,
702 1932 780 2011 quod
808 1932 919 1993 iniussu
947 1950 1009 1994 suo.
1028 1933 1175 2001 vicisseon
1205 1933 1291 1994 etiam
1314 1931 1361 1994 alii

54 2033 266 2109 nignominiam
288 2013 479 2095 obvenerunt
500 2034 535 2094 iis
557 2034 606 2112 qni
628 2037 769 2094 strennue
790 2033 907 2112 quidem
929 2040 1145 2113 pugnaverant,
1168 2033 1219 2094 sed
1241 2051 1301 2094 non
1323 2053 1359 2096 cr

80 2134 198 2213 imperio
220 2144 429 2216 pugnaverant.
459 2133 616 2206 Omnino,
647 2135 810 2215 principes,
842 2135 910 2196 huic
932 2136 1057 2214 irnperio
1079 2138 1257 2214 imperatore
1268 2113 1427 2214 'oportun

81 2243 132 2304 ost,
154 2252 246 2316 quem
267 2237 291 2297 si
311 2238 360 2298 sui
381 2243 552 2307 vereantur,
583 2255 722 2316 magnum
743 2237 774 2298 id
796 2225 906 2308 estet
929 2244 1028 2298 ament
1055 2239 1157 2308 etiam,
1185 2236 1276 2300 multo
1298 2257 1361 2300 naa·

81 2339 201 2408 ximnm;
226 2345 256 2399 at
269 2339 295 2399 si
309 2340 388 2402 iussa
410 2337 531 2415 faciam,
553 2341 633 2402 satis.
678 2339 851 2418 Prospicerc
864 2339 923 2400 hoc
938 2358 988 2401 vos
1003 2339 1100 2410 dcccl,
1123 2357 1160 2401 ne
1175 2341 1199 2400 si
1214 2357 1294 2402 nuuc
1307 2340 1362 2402 bes
1403 2359 1411 2388 t

81 2439 185 2502 aetolis
207 2439 397 2502 maximiliani
418 2441 583 2504 hortatibus
605 2459 663 2504 non
686 2443 828 2521 pareatis,
857 2441 907 2504 liat
934 2447 968 2502 ul
981 2444 1148 2520 ‘imparatos
1170 2460 1205 2502 ac
1226 2443 1290 2505 sine
1312 2461 1360 2503 or·
1445 2521 1450 2532 Ι

52 2539 144 2602 audine
173 2550 203 2604 et
231 2542 382 2622 disciplina
406 2543 573 2626 divagantes
601 2543 804 2606 invadentibus
826 2544 929 2605 Turcis
958 2561 1024 2606 sero
1046 2543 1132 2604 nimis
1148 2545 1289 2624 ,numetis
1309 2545 1359 2624 ,qui

81 2641 310 2716 hedumducat,
333 2646 383 2725 qui
397 2649 498 2727 copiis
520 2649 629 2726 praesit,
651 2629 735 2710 cuius
757 2647 892 2724 auspiciis
914 2647 943 2706 in
965 2645 1079 2706 hostem
1093 2655 1249 2725 pugnetur.
1287 2659 1428 2710 suessan.

81 2763 194 2826 quoque
216 2755 369 2826 pastorem
393 2750 490 2811 minus
518 2757 675 2830 sequentes
702 2748 753 2810 ubi
774 2749 913 2826 dispersa
935 2746 1057 2819 luerint,
1085 2748 1163 2810 baud
1185 2747 1268 2812 facile
1290 2767 1361 2810 con·
1424 2792 1431 2807 .
1471 2733 1495 2743 ”

83 2855 258 2926 gregantur;
282 2850 392 2912 eodem
407 2852 590 2930 irrumpente
605 2851 676 2932 lupo
690 2857 813 2931 repente
829 2849 946 2930 quidem
962 2849 1097 2912 actdtro
1118 2850 1169 2912 sed
1185 2865 1292 2928 magno
1306 2870 1361 2914 suo
1401 2859 1405 2865 “

82 2949 153 3010 malo
176 2951 212 3014 ad
236 2968 357 3030 gregem
384 2953 557 3042 confugient
583 2961 613 3016 et
639 2961 788 3034 pastorem
816 2955 981 3032 requirunt.
1025 2953 1081 3013 nisi
1108 2953 1227 3014 omnino
1256 2953 1362 3032 desipit

57 3049 171 3113 rebonis
192 3061 310 3123 noster,
334 3054 404 3116 nihil
426 3055 507 3116 malit
529 3073 616 3134 qoam
638 3056 848 3136 incompositos
869 3073 923 3115 nos
945 3073 979 3116 ac
999 3055 1062 3116 sine
1084 3062 1200 3118 rectore
1223 3057 1361 3116 constitu-

84 3160 123 3214 tos
144 3156 281 3234 aggredi;
310 3155 362 3218 sed
383 3159 474 3237 sapit,
504 3159 708 3238 opirincipes,
740 3160 829 3238 sapit,
858 3159 991 3237 inquam,
1020 3175 1056 3216 ac
1083 3157 1310 3236 animopariter
1332 3165 1363 3218 et

83 3257 168 3318 centn
189 3258 220 3318 in
241 3265 374 3320 nostram
395 3259 524 3320 intentus
545 3249 770 3331 dissensionem,
799 3277 875 3340 quos
902 3261 966 3319 non*
989 3262 1106 3337 ignorat
1126 3275 1215 3339 quam
1237 3259 1362 3322 arduum

82 3359 116 3418 sit
134 3366 257 3440 repente
281 3368 311 3420 et
332 3363 483 3422 universos
504 3363 639 3432 vincere,
665 3361 795 3442 palantes
817 3381 851 3424 ac
873 3361 1025 3422 discordiae
1047 3361 1143 3422 studio
1166 3361 1310 3434 diversos,
1332 3368 1363 3423 et

83 3459 136 3548 lroc¹
155 3463 220 3523 sine
241 3480 328 3541 rege,
351 3465 416 3526 sine
435 3465 510 3526 duce
532 3483 567 3526 ao
588 3467 777 3545 imperatore,
801 3463 938 3544 paulatim
961 3471 990 3526 et
1010 3461 1141 3541 singulos
1161 3463 1362 3543 palanteisque

56 3565 246 3642 uopprirnere
269 3567 385 3643 cogitat.
411 3567 480 3628 ilia
502 3567 629 3629 consiliis
650 3569 680 3628 in
703 3575 835 3648 tempore
858 3573 893 3644 el
908 3584 995 3645 qimai
1010 3565 1046 3626 ad
1062 3565 1169 3628 lactum
1184 3567 1429 3646 peruenianttooa.

81 3671 147 3726 'ante
167 3666 307 3733 obsistite.
349 3669 472 3732 Paratus
500 3678 546 3732 est
570 3671 601 3730 in
623 3688 740 3733 omnem
763 3676 897 3734 orannim
920 3668 1032 3738 Casan
1061 3669 1090 3729 in
1113 3687 1171 3747 quo
1193 3687 1261 3732 cum
1282 3669 1360 3732 nulla

85 3768 161 3828 nort
184 3770 234 3840 sit,
266 3769 336 3850 quid
364 3773 508 3852 estquod
530 3791 581 3834 ros
603 3770 738 3835 distineat
759 3791 817 3854 quo
839 3773 936 3834 minus
958 3771 1087 3832 officium
1109 3772 1219 3832 iacietis
1240 3773 1362 3853 stipsi?
1413 3797 1421 3812 ·

87 3867 146 3930 Nou
167 3872 225 3932 bui
248 3889 385 3934 somnum
407 3872 457 3936 ille
478 3871 533 3936 sibi
555 3874 701 3954 indulget,
723 3881 814 3938 noctu
829 3875 937 3954 diuque
954 3873 1061 3954 cogitat
1076 3875 1222 3954 quorrndo
1238 3877 1267 3936 in
1282 3895 1362 3938 com·

84 3987 167 4034 mune
183 3973 330 4046 considat,
351 3975 442 4038 idest
462 3995 520 4056 quo
543 3977 663 4040 cornilio
685 3978 715 4040 in
738 3979 925 4040 concordiam
947 3973 999 4039 vos'
1019 3977 1153 4040 adducat.
1195 3978 1285 4041 hebet
1299 3997 1362 4046 mo·

58 4073 216 4136 uninicem
238 4065 460 4150 conscientiam,
490 4097 555 4159 quae
581 4079 621 4144 illi
644 4087 787 4161 perpetuo
808 4081 920 4142 adsistit
941 4097 975 4142 ao
996 4089 1029 4142 ut
1047 4080 1214 4143 labentibus
1235 4084 1293 4142 iam
1312 4101 1361 4144 re·

85 4173 135 4236 bns
156 4179 306 4258 suppetias
328 4179 403 4242 terat
423 4181 565 4244 hortabar.
610 4183 687 4262 quod
711 4201 778 4244 cum
799 4185 869 4245 iacit
889 4182 952 4253 ille,
975 4185 1004 4244 ln
1026 4185 1198 4247 memoriam
1220 4185 1430 4264 menelogio.

85 4295 152 4356 quas
165 4279 252 4341 nobis
267 4279 387 4352 ·clades,
410 4301 498 4364 quam
519 4287 681 4348 vastitatem
697 4286 815 4348 cottidie
830 4287 957 4347 inierant
972 4285 1090 4355 'lorcam
1113 4288 1196 4366 ponit
1209 4295 1277 4350 anto¹
1291 4305 1362 4352 ocn-

84 4378 125 4440 los
145 4384 353 4445 munitissimas
373 4385 464 4447 urbes
485 4390 511 4448 vi
535 4397 731 4467 expugnatas,
754 4388 908 4452 nonnullas
931 4390 1017 4450 etiam
1038 4390 1167 4459 ardeam
1191 4407 1364 4452 numerosos
1416 4375 1418 4380 ¹

1480 2801 1492 2837 4

150 4604 169 4638 ¹¹
190 4605 235 4656 Cl'.
247 4621 272 4658 e.
286 4619 326 4670 gr.
339 4604 401 4658 Val.
413 4605 488 4660 Max.
501 4600 587 4690 lna..
620 4607 641 4642 ¹⁵
658 4624 713 4662 non
730 4612 800 4661 crab.
813 4614 838 4662 2.
850 4612 899 4664 aed
914 4614 974 4664 add.
988 4614 1004 4662 i.
1015 4613 1046 4676 γ’·
1090 4585 1112 4644 1·
1129 4612 1278 4676 imperatos
1292 4615 1316 4662 l.
1325 4611 1361 4676 (l)

86 4683 106 4720 ²¹
122 4687 195 4739 baud
212 4690 296 4741 facile
314 4697 343 4742 11,
362 4691 476 4743 difficile
496 4695 552 4762 m,
604 4692 628 4727 ¹⁸
646 4696 822 4761 irmpenlel.
874 4695 977 4758 ’1,1111
996 4699 1181 4749 1.2.ὀω’ν.11.
1218 4697 1260 4738 ,θ’
1276 4687 1362 4749 «1011ἰῖ

87 4778 149 4824 beel
165 4776 191 4824 4.
245 4775 268 4810 ⁸⁸
285 4775 406 4828 illaesa.
451 4776 474 4812 ⁸²
492 4779 686 4832 fatalitatem.
706 4781 807 4831 cotidie
826 4785 850 4832 2.
871 4783 993 4847 quotidie
1012 4785 1037 4832 4.
