3434 5512
345 419 418 492 262
455 449 590 486 arcannm
604 451 775 486 nnnnnonm
790 440 940 488 OBA'flO'D!
954 450 1142 491 utenburron
1156 451 1265 488 coarat
1280 451 1387 486 'nullon
1401 449 1590 494 Svflcll’lssnd·

344 609 453 687 spoliati
476 615 581 672 esseut.
605 607 653 664 fllii
676 610 730 676 tui,
754 609 886 686 principis
908 609 1031 673 maximi·
1054 610 1193 684 suppetias
1209 610 1388 684 implorantes
1402 609 1523 685 propriis
1538 609 1624 685 regnis

275 705 333 758 §.aa
344 694 464 752 restituti
491 701 570 771 sunta
597 693 778 752 lndi‘sacram
800 696 915 752 nominis
937 696 1167 770 nuncupationem
1188 694 1307 754 colunt
1334 693 1370 752 lla
1398 711 1509 768 operam
1537 695 1624 768 igitur.

342 789 374 838 ut
395 779 600 855 potentissimus
623 794 683 846 rex,
706 779 739 837 ad
761 780 935 838 maximarum
958 797 1048 836 rerum
1070 778 1186 854 gloriam
1208 787 1302 843 natus.
1325 779 1447 836 floridam
1470 781 1559 837 statis
1573 797 1624 836 sue

342 866 469 922 virtutem
491 865 529 934 ita
551 872 687 927 exerceat,
710 871 743 921 ut
764 865 787 921 si
809 881 864 921 non
888 873 914 921 te
936 866 1035 928 maior,
1059 865 1153 922 saltem
1176 881 1226 940 par
1249 875 1277 922 et
1300 864 1347 922 tibi
1371 873 1398 922 et
1419 864 1555 922 catholico
1580 881 1624 922 aro

343 967 374 1008 ac
394 950 467 1024 patri
489 949 661 1024 predicetur.
699 949 762 1005 iube
777 949 928 1024 dphricaua
949 948 1031 1007 litora
1053 949 1166 1007 validius
1187 951 1377 1025 aggrediatur:
1401 966 1463 1006 uam
1484 949 1554 1007 hanc
1575 957 1643 1006 ter-s

342 1035 408 1092 tiam
431 1033 505 1092 orbis
527 1041 632 1108 partem
655 1034 687 1091 ad
709 1051 738 1091 se
760 1035 878 1092 attinere
898 1051 977 1092 nemo
1000 1033 1126 1109 ambigit,
1150 1052 1198 1092 sua
1220 1035 1391 1092 Caesariensis
1405 1033 1565 1092 Mauritania
1578 1043 1625 1094 est.

343 1135 393 1176 sua
413 1119 551 1181 Numidia.
575 1136 623 1176 sun
646 1119 772 1193 quicquid
794 1119 883 1194 Libyae
905 1139 919 1177 a
941 1119 1057 1195 Neptuni
1079 1121 1134 1178 aris
1164 1120 1196 1177 ad
1217 1119 1339 1194 Magnam
1370 1135 1458 1194 usque
1480 1119 1581 1192 Syrtim
1601 1126 1626 1176 et

342 1203 477 1278 Cyrcnem·
492 1203 662 1267 ¹extenditur:
691 1203 743 1260 sibi
771 1205 898 1279 quicquid
926 1205 1091 1262 continentis
1119 1204 1191 1280 quod
1214 1204 1342 1280 Libycum
1372 1199 1419 1261 aut
1439 1203 1625 1280 AEgyptiacurn

343 1289 427 1346 naaria
449 1289 651 1362 amplectuntur
672 1290 704 1345 ad
726 1287 813 1346 Nilum
836 1297 925 1363 patet;
954 1289 1005 1346 sibi
1026 1290 1177 1364 AEgyptus,
1196 1289 1347 1352 ·Cassiotis.
1370 1283 1474 1351 lu'daea.
1495 1287 1626 1346 Palestiaa
1669 1315 1673 1326 =

274 1384 374 1435 §.tuac
395 1373 531 1430 Pboenicia
553 1369 586 1428 ad
608 1373 774 1448 triumphum
797 1383 978 1432 reservantur.
1021 1375 1079 1449 Ego
1102 1375 1154 1432 boc
1175 1375 1315 1432 divisionis
1338 1391 1438 1450 genere
1466 1389 1533 1430 usus
1561 1387 1653 1434 sumu

341 1476 389 1515 vos
412 1465 502 1514 autem
524 1473 584 1514 cum
607 1458 714 1514 caetcris
736 1458 847 1532 regibus
870 1465 900 1514 ut
928 1458 1003 1516 lubet
1030 1459 1158 1517 mundum
1180 1461 1295 1535 partite:
1326 1477 1387 1516 nam
1414 1465 1489 1516 certe
1517 1459 1541 1514 si
1568 1475 1625 1516 vera

342 1543 492 1600 animorum
514 1543 659 1600 concordia
681 1545 800 1599 externis
822 1543 965 1618 gentibus,
989 1563 1049 1619 quaa
1071 1553 1161 1602 vestra
1183 1546 1242 1602 iura
1264 1544 1387 1602 tamdiu
1402 1551 1546 1619 occupant,
1569 1559 1625 1620 qua

341 1643 389 1684 vos
412 1625 529 1684 abolitos
552 1627 591 1683 ire
613 1627 790 1690 meditantur,
814 1627 913 1686 bellum
937 1629 1038 1686 inlerre
1059 1629 1214 1693 volueritis.
1246 1647 1307 1703 quae
1335 1637 1389 1686 tarn
1412 1637 1516 1686 semota
1538 1628 1624 1685 mundi

341 1711 435 1787 plaga.
459 1727 520 1784 quaa
542 1719 597 1768 tam
619 1710 748 1770 bellicosa
770 1713 862 1770 mundi
885 1730 967 1788 gens,
998 1705 1071 1788 quod
1096 1723 1148 1772 tam
1170 1715 1316 1789 prodigum
1338 1714 1399 1772 vitae
1427 1731 1529 1788 genus.
1556 1713 1624 1788 quod

343 1806 389 1853 tua
411 1795 612 1870 incomparabili
635 1797 673 1852 rei
697 1797 820 1854 militaris
842 1799 954 1856 scientia
977 1817 1008 1856 ac
1029 1800 1129 1856 virtute
1152 1807 1289 1856 tantorum
1317 1815 1414 1873 regum
1441 1816 1473 1855 ac
1498 1798 1651 1856 illustris-u

342 1883 472 1938 simorum
494 1881 786 1956 principum'tuorum
815 1882 929 1949 auxilio,
958 1885 1093 1957 potentia,
1123 1883 1261 1942 loelicitate
1290 1883 1393 1940 domari
1422 1884 1547 1958 vincique
1577 1899 1625 1940 non

286 1966 451 2040 ,rapossitl
473 1966 528 2020 lliri
551 1983 602 2040 pro
625 1965 751 2024 libertate
774 1958 802 2024 εἰ
823 1969 910 2042 gloria
933 1969 1090 2026 certandum
1112 1986 1189 2033 esse;
1219 1969 1265 2025 sed
1288 1968 1347 2025 baec
1367 1969 1421 2024 duo
1445 1969 1482 2024 ita
1503 1985 1566 2024 eum
1589 1983 1626 2024 re·

341 2049 443 2124 ligione
466 2057 559 2107 nostra
582 2051 726 2108 coniuncta
749 2060 827 2115 sunt,
850 2062 881 2110 ut
903 2069 934 2110 ea
956 2063 1113 2128 contempta
1135 2071 1185 2112 nec
1205 2053 1318 2112 libertas
1333 2069 1382 2110 nec
1397 2051 1486 2127 gloria
1499 2051 1543 2110 vel
1559 2060 1625 2110 stare

342 2136 451 2192 omnino
473 2134 514 2190 rel
538 2137 692 2194 conservari
715 2138 839 2212 possint:
867 2155 927 2211 quae
958 2127 1066 2212 quidem
1095 2146 1386 2213 quantoscaetcrarum
1406 2139 1531 2211 gentium
1554 2137 1625 2195 lidan

287 2219 289 2222 ’
341 2218 494 2283 antecellit.
519 2229 595 2277 tantu
618 2221 720 2278 maiore
743 2239 791 2296 spe
813 2240 874 2278 esse
896 2221 1039 2287 debemus,
1066 2225 1148 2280 deum
1176 2225 1307 2299 optimum
1336 2223 1478 2279 maximum
1506 2241 1561 2296 pro
1582 2237 1651 2279 suaa

321 2305 441 2363 'tuenda
464 2305 598 2380 religione
621 2323 700 2380 opem
723 2306 802 2364 uobis
824 2306 958 2364 laturum:
982 2325 1035 2365 nou
1060 2310 1130 2366 euim
1152 2309 1276 2366 homines
1303 2299 1442 2365 iictoriam
1471 2308 1555 2369 dant.
1585 2307 1625 2364 sed

267 2401 330 2451 ara.
340 2391 392 2452 dii.
416 2391 487 2447 unde
509 2391 655 2447 humanum
678 2391 813 2465 dependet
834 2409 930 2465 genus.
975 2391 1042 2459 uuio
1065 2393 1184 2450 lonathae
1212 2394 1332 2451 facinore
1358 2391 1561 2457 admirabilius,
1584 2393 1625 2466 qui

338 2493 393 2531 uno
426 2482 530 2532 tautum
557 2475 686 2532 clientulo
715 2477 859 2533 comitatus
887 2493 934 2533 sex
961 2476 1043 2534 millia
1070 2476 1274 2535 philistinorum
1309 2478 1431 2552 equitum
1459 2495 1492 2534 ac
1520 2478 1625 2552 triginta

337 2559 421 2616 millia
449 2577 578 2617 curruum
606 2561 677 2616 ludit
703 2561 874 2634 fugavitque.
911 2580 942 2619 ac
969 2563 1057 2620 instar
1084 2563 1192 2620 harenae
1219 2565 1245 2618 in
1280 2563 1360 2619 litore
1392 2562 1476 2618 maris
1508 2561 1623 2620 attrivit?

338 2644 451 2700 Abraam
475 2665 489 2701 a
512 2645 569 2702 suis
591 2645 680 2702 solum
703 2645 854 2703 vernaculis
876 2647 983 2702 adiutus
1006 2655 1125 2722 quatuor
1146 2648 1353 2722 potentissimos
1375 2664 1454 2722 reges
1476 2649 1649 2722 superamur·

339 2745 428 2786 noune
451 2729 615 2786 lliericuntis
638 2731 750 2798 ιιιωιιίιι,
775 2749 836 2805 quae
859 2749 913 2787 non
937 2732 1024 2795 terro,
1047 2747 1102 2788 nou
1124 2733 1202 2789 aneti
1224 2734 1315 2807 pervia
1337 2740 1430 2798 erant,
1460 2741 1568 2806 septem
1589 2740 1624 2787 tu·

255 2805 258 2814 ’
339 2813 432 2870 barum
456 2815 663 2871 sacerdotalium
686 2832 754 2872 sono
778 2825 805 2872 et
827 2833 949 2872 consono
972 2817 1065 2892 populi
1089 2818 1195 2874 ululatu
1216 2833 1362 2884 corruere,
1391 2816 1594 2891 samariamque
1605 2823 1624 2872 'a

339 2897 509 2954 validissimis
532 2899 671 2973 Syriorunr
700 2899 786 2974 copiis
815 2899 955 2958 obsessam
982 2901 1081 2959 Punico
1111 2911 1216 2959 terrore
1245 2919 1341 2960 eorum
1368 2902 1499 2958 exercitui
1532 2903 1623 2978 ipiecto

265 2993 327 3044 era.
339 2983 445 3040 divinus
469 2982 545 3040 laroc
566 2982 709 3040 liberavit?
738 2987 849 3042 Tantam
877 2987 949 3043 eni'm
977 2987 1073 3062 populi
1101 2988 1142 3043 sui
1166 3003 1258 3052 curum
1280 3003 1372 3043 rerum
1395 2986 1515 3044 omnium
1538 2985 1623 3042 mode·

338 3076 414 3131 rator
436 3087 466 3124 ac
489 3075 581 3124 rector
603 3085 711 3142 semper
733 3069 842 3135 habuit,
866 3080 897 3127 ut
919 3071 978 3128 eius
995 3073 1114 3146 Angelus
1136 3073 1169 3129 de
1191 3072 1261 3129 coelo
1283 3071 1429 3146 aliquando
1452 3072 1548 3148 lapsus
1568 3087 1649 3127 rea-aa
1702 3139 1703 3150 ἶ

337 3163 392 3208 tum
416 3161 443 3208 ct
466 3152 607 3227 octoginta
630 3153 713 3210 millia
734 3155 907 3229 Assyriorum
935 3173 988 3212 una
1017 3165 1097 3213 nocte
1126 3157 1301 3231 percusserit.
1340 3165 1415 3214 tacco
1443 3155 1526 3213 losue
1548 3171 1624 3212 unum
1702 3151 1703 3216 Ῑ

335 3246 364 3293 et
387 3238 499 3312 triginta
521 3253 602 3311 roges
624 3239 735 3312 superui
758 3239 878 3296 numinis
900 3239 1001 3298 auxilio
1025 3242 1203 3298 interfecisse.
1241 3240 1307 3298 illud
1336 3249 1428 3298 autem
1449 3249 1479 3298 et
1500 3241 1535 3300 de
1556 3239 1624 3296 Glari·
1702 3229 1703 3262 ³

336 3323 430 3380 stiauis
453 3324 591 3380 memoriae
613 3323 743 3380 traditum
766 3331 824 3388 est,
848 3325 986 3381 Antonino
1009 3326 1157 3382 Commodo
1180 3327 1206 3382 in
1229 3327 1369 3384 Germania
1399 3333 1540 3400 pugnante
1562 3325 1624 3382 mili·

337 3416 393 3464 tum
416 3407 630 3466 Christianorum
653 3407 795 3482 precibus.
818 3427 878 3466 cum
902 3409 1016 3484 penuria
1039 3427 1171 3486 aquarum
1193 3410 1362 3473 laborarent.
1386 3427 1486 3485 aquam
1501 3411 1622 3468 divinitus

336 3494 441 3550 eeoelo
464 3493 588 3556 missam,
611 3493 767 3569 multosque
790 3493 972 3552 Sarmatarum
994 3495 1153 3552 fulminibus
1170 3495 1255 3562 ictos,
1278 3495 1365 3571 ipsius
1379 3495 1518 3552 Commodi
1541 3495 1649 3552 literas

263 3577 368 3636 l.aa.ad
390 3583 522 3636 senatum
535 3579 645 3653 scriptae
669 3586 813 3636 testantur.
856 3579 903 3636 Eia
924 3579 998 3654 agite
1020 3597 1102 3654 ergo.
1125 3589 1153 3636 et
1174 3580 1243 3638 lianc
1265 3581 1465 3656 expeditionem
1488 3581 1568 3639 bonis
1588 3579 1624 3635 ia·

239 3662 242 3670 '
334 3661 431 3720 eboate
453 3663 596 3738 auspiciis:
620 3681 681 3720 nam
704 3665 727 3720 si
750 3673 843 3722 saincte
865 3664 963 3740 pieque
986 3682 1016 3722 ac
1038 3683 1089 3740 pru
1112 3680 1182 3722 verae
1205 3665 1416 3724 immortalitatis
1431 3664 1522 3742 gloria
1535 3666 1622 3722 buius·

334 3747 406 3803 modi
429 3747 529 3808 bellum
553 3747 726 3823 suscipietis,
751 3749 804 3807 alta
819 3759 957 3818 corruent
978 3751 1090 3812 moenia.
1121 3749 1216 3807 hostes
1245 3750 1429 3824 rogabuntur,
1458 3751 1555 3808 cadent
1575 3747 1622 3805 lul·

333 3831 419 3894 mina.
449 3834 619 3908 angelusque
647 3833 750 3890 vibrata
772 3835 880 3892 ooelitus
903 3833 1041 3909 romphaea
1062 3834 1163 3898 aderit.
1192 3835 1286 3892 lundet
1315 3835 1431 3894 hostiles
1453 3837 1537 3898 acies.
1560 3841 1623 3890 ster·
1702 3847 1703 3868 ι

399 4096 581 4150 ’coluerunt
597 4104 622 4151 2.
657 4098 861 4153 ⁴Fordinando
879 4105 907 4152 et
918 4101 1058 4168 Philippo.
1094 4099 1233 4153 'Palaeat
1249 4105 1273 4152 2.
1311 4099 1338 4170 ¹⁰·
1349 4101 1412 4152 Hoc
1426 4118 1478 4168 ego
1492 4105 1515 4150 2.
1553 4099 1619 4149 “le-

332 4181 417 4234 lice.
470 4182 492 4218 ¹⁸
510 4183 555 4250 aa]
574 4186 706 4251 religione.
760 4191 899 4236 contemta
916 4190 941 4237 2.
994 4183 1017 4218 ²⁰
1035 4185 1215 4249 antecellunt,
1235 4190 1261 4236 2.
1313 4184 1336 4218 ²⁸
1355 4183 1496 4254 [Regum
1514 4183 1619 4235 xlma.

333 4263 355 4298 ¹⁸
368 4265 567 4332 pbyliatinonl.
597 4267 846 4321 “erdnlittorez
875 4268 1082 4322 ”abrahama
1096 4271 1276 4322 (lenasxlv.
1311 4269 1334 4302 Ἀ
1347 4270 1570 4322 Hierichuntis).
1583 4269 1620 4318 lo·

331 4365 389 4401 stus
402 4351 497 4403 VIRO.
533 4352 556 4386 ²²
574 4369 626 4419 que
644 4357 730 4405 catal.
766 4353 788 4386 ’Β
806 4353 844 4405 11.
857 4355 1010 4422 chumll.
1044 4354 1217 4420 Assyriorum
1229 4357 1254 4406 2.
1290 4351 1373 4405 ⁸⁰1V.
1384 4355 1490 4422 Regum
1501 4353 1619 4405 mdiu
1702 4367 1703 4414 j

333 4432 351 4466 ³¹
372 4435 911 4510 losuame.JosaaeXI.17.X11.7,sqq.
946 4439 1109 4491 ”decemb
1145 4437 1452 4491 ⁸³Antoni01.2.lrumo
1463 4437 1618 4490 llarconn·
1702 4467 1703 4482 2

331 4521 435 4570 tonino.
455 4521 516 4571 llcm
529 4529 620 4572 narrat
633 4523 755 4587 Xipbr'ttn.
770 4539 805 4574 eac
818 4525 899 4574 Diem
912 4523 1084 4591 nantem.
1098 4539 1149 4576 sua
1161 4525 1221 4576 aine
1240 4525 1324 4576 dnbio
1341 4524 1519 4576 Bartholinua
1537 4539 1572 4574 nc
1589 4537 1619 4572 ex

332 4605 392 4672 ipso
406 4605 513 4670 quidem
528 4605 625 4659 Orosio
637 4607 717 4670 (luat.
724 4608 786 4659 Vll.
795 4608 850 4676 15.)
862 4605 956 4671 babet,
975 4625 1009 4660 ns
1023 4608 1056 4660 de
1074 4608 1255 4672 Tertulliano,
1274 4609 1406 4674 Eusebio,
1425 4608 1531 4659 Iustino
1543 4611 1618 4656 mart
1702 4595 1703 4620 ¹

331 4689 430 4741 dicam.
450 4689 579 4742 ‘Iaitaras’
597 4692 793 4759 suppositicias
811 4709 872 4745 esse
885 4694 1012 4760 Scaliger
1030 4693 1237 4746 demonstravit.
1256 4693 1397 4745 cl.Raislr.
1409 4693 1444 4746 ad
1456 4691 1559 4758 Xiphil.
1572 4690 1618 4742 lc.
1702 4709 1703 4716 ¹

330 4773 353 4807 ⁸⁸
371 4772 434 4842 sca]
453 4775 545 4828 misam
563 4777 589 4828 2.
624 4775 681 4810 Μ’
699 4778 810 4828 insonte
828 4781 854 4828 2.
890 4775 946 4812 ’Μ’
963 4774 1094 4846 barium]
1113 4777 1166 4828 lroe
1184 4782 1211 4830 2.
1271 4775 1293 4812 ⁸⁸
1312 4777 1356 4830 Cl.
1369 4777 1481 4846 Apuani.
1494 4775 1532 4826 11.
1547 4775 1587 4826 12
