3464 5526
348 367 396 438 34
489 397 610 432 Hunni-:ut
630 395 659 430 lu
678 396 770 430 nvcult
790 395 1066 430 WlllTElll’llBllllXflH
1085 395 1187 430 ORATIO
1207 396 1239 430 11.
1261 394 1376 428 tuttvttn.
1391 391 1415 428 l.
1431 389 1488 428 titi.

346 552 519 621 ritndinem,
535 545 743 611 incredibilem
765 547 956 611 acerbitatem
979 549 1090 611 diutius
1111 565 1199 626 quam
1222 549 1258 610 de
1280 548 1369 610 buius
1389 567 1477 629 sexus
1497 546 1628 610 imbecil-

346 654 425 738 litate
447 654 547 714 credat
568 653 634 730 quis
654 652 840 712 sustinuisset
862 649 1021 713 fortissima
1043 649 1165 720 mulier,
1188 668 1306 712 omnem
1327 651 1411 734 prius
1428 650 1628 730 indignitatem

347 775 380 818 ac
401 754 537 834 pellicem
559 772 644 834 passa
667 771 732 815 eam
753 770 840 830 quarn
863 754 960 813 mariti
983 754 1028 814 sul
1052 753 1195 830 sanguiue
1214 753 1366 830 quesitam
1383 769 1486 814 omnes
1508 753 1628 822 scirent,

345 859 475 918 inomni
497 857 629 918 divexata
657 853 849 924 contumelia,
880 856 960 916 omrai
984 857 1010 914 ti
1039 873 1073 916 ac
1103 852 1239 916 uolentia
1267 845 1452 934 proculcala,
1478 871 1539 914 non
1565 852 1629 914 illas

345 959 462 1038 quidem
480 960 570 1020 verita
594 975 658 1036 quae
680 956 717 1018 ab
739 954 790 1016 illo
813 955 923 1017 fiebant
944 957 1009 1016 sitae
1031 975 1092 1018 suae
1114 956 1249 1024 insidias,
1272 955 1323 1017 scd
1346 958 1468 1018 mixtum
1491 974 1561 1016 cum
1583 957 1652 1015 in-

344 1059 434 1122 teritu
457 1079 605 1122 summum
624 1059 768 1128 dedecus,
790 1065 951 1120 extrenum
973 1059 1200 1137 turpitudinem,
1221 1059 1305 1120 lanam
1330 1077 1365 1120 ae
1388 1059 1570 1120 nominisuo
1587 1057 1628 1116 in·

345 1169 423 1224 stare
445 1163 631 1242 persentiens
654 1160 772 1221 tandem
800 1161 896 1220 noctis
925 1161 1078 1240 praesidio,
1109 1159 1246 1222 hortante
1274 1169 1370 1230 metu,
1399 1167 1524 1238 cogente
1551 1161 1629 1237 peri·

276 1263 412 1329 §.oculo
436 1262 502 1342 luga
525 1283 557 1325 se
578 1261 800 1324 imminentibus
822 1259 906 1322 malis
927 1263 1041 1341 eripuit
1078 1261 1130 1324 Cui
1151 1263 1227 1324 lactc
1242 1263 1313 1342 quid
1328 1260 1406 1322 aliud
1420 1279 1522 1324 remur
1541 1278 1628 1338 quam

345 1367 416 1428 deos
438 1354 618 1426 immortales
641 1363 783 1433 adfuisse,
806 1381 864 1442 quo
885 1370 915 1424 et
937 1365 1040 1440 ingens
1062 1365 1109 1424 isti
1130 1383 1198 1444 spes
1214 1365 1445 1444 praecideretur,
1469 1371 1499 1424 et
1516 1381 1555 1424 ne
1574 1360 1628 1421 illi·

342 1468 409 1530 bata
431 1467 599 1529 clarissimae
620 1466 746 1526 foeminae
768 1466 907 1544 pudicitia
930 1465 1043 1545 probro
1065 1485 1100 1526 ac
1124 1465 1262 1527 dedecori
1285 1465 1411 1528 obnoxia
1433 1464 1536 1526 ficret?
1559 1483 1657 1526 namu

343 1572 367 1632 si
388 1572 452 1634 eins
474 1576 600 1630 mortem
613 1584 777 1646 ,aggressus
798 1569 953 1628 maturiori
968 1567 1081 1628 scelere
1095 1576 1177 1650 ⁸esset
1192 1568 1338 1636 carnifex,
1361 1585 1450 1648 quaxn
1467 1583 1529 1628 non
1548 1574 1627 1647 post·

344 1693 377 1734 ea
400 1672 612 1752 turpitudinem
635 1672 664 1730 in
684 1676 869 1749 peremptam
888 1671 1102 1747 congessisset?
1125 1669 1203 1748 qaxod
1220 1688 1280 1730 non
1303 1667 1400 1730 scelus
1420 1668 1628 1748 imposuisset?

345 1793 433 1852 quam
454 1779 650 1852 opportunam
671 1770 728 1854 sibi
747 1770 887 1832 adversus
909 1773 1126 1832 accusationem
1148 1771 1224 1834 banc
1243 1772 1421 1834 defensionis
1436 1788 1539 1832 ansam
1553 1772 1629 1831 arri·

277 1877 475 1956 torpuisset?
506 1872 671 1934 Obscurum
700 1873 812 1934 nemini
835 1881 879 1936 est
904 1874 973 1952 quid
996 1873 1044 1936 bic
1072 1874 1178 1936 iterum
1202 1891 1256 1952 ego
1279 1879 1469 1953 praeteream
1496 1890 1552 1934 neo
1575 1875 1628 1934 ista

344 1963 464 2058 looucr,
484 1983 516 2036 ut
536 1977 729 2052 cognoscatis
749 1976 898 2044 Germani,
916 1974 966 2036 sed
984 1983 1016 2036 ut
1034 1975 1232 2038 recordemini
1248 1975 1345 2052 potins
1359 1977 1480 2053 attingo,
1500 1984 1530 2036 et
1547 1976 1628 2036 istius
1639 1991 1658 2028 u

343 2079 495 2141 audaciam
518 2079 626 2146 miror,
650 2078 700 2156 qui
722 2095 789 2137 cum
811 2075 847 2136 ab
871 2076 929 2136 boe
952 2078 1082 2140 instituto
1103 2077 1283 2156 benignitate
1311 2077 1358 2138 dei
1384 2078 1487 2158 optimi
1510 2078 1629 2138 maxiani

341 2198 461 2242 aversus
482 2181 534 2250 sit,
558 2178 668 2258 aliquid
688 2167 797 2238 tamen'
810 2161 962 2261 ultra'sibi
986 2187 1146 2258 proponat,
1169 2179 1201 2238 in
1223 2176 1349 2258 aliquam
1371 2179 1522 2240 residuam
1546 2197 1630 2259 spem

342 2283 485 2365 cogitatus
506 2299 576 2342 suos
597 2280 714 2359 dirigat.
752 2281 808 2342 nisi
829 2298 900 2358 ergo
923 2289 999 2342 esset
1020 2280 1076 2344 boc
1091 2281 1170 2358 quod
1186 2269 1275 2360 paulo
1290 2286 1358 2342 aute
1377 2280 1450 2351 dixi,
1474 2299 1544 2360 cum
1563 2277 1630 2342 llel·

343 2385 425 2446 r'etiis
444 2390 473 2444 et
495 2383 579 2447 Gallo
600 2382 698 2443 lacere
718 2384 824 2451 istum,
848 2401 907 2460 quo
930 2378 1051 2444 consilio
1076 2382 1177 2444 iudicii
1197 2382 1284 2464 buius
1306 2380 1475 2444 dilationem
1496 2384 1632 2461 peteret?

274 2498 403 2549 §.canon
427 2483 504 2547 ultro
527 2485 624 2565 potius
646 2485 677 2542 in
699 2484 822 2562 quodvis
845 2482 964 2546 exilium
986 2483 1185 2546 dilaberetur?
1213 2484 1258 2545 dn
1288 2491 1386 2564 potest
1412 2483 1462 2563 qui
1482 2485 1538 2546 ista
1563 2484 1662 2548 tacita

341 2605 462 2667 sperare
485 2583 610 2664 aliquid,
635 2604 703 2654 oum
726 2604 780 2664 ego
803 2586 853 2664 qui
872 2585 936 2646 baec
958 2585 1025 2646 dico
1048 2584 1123 2646 nibil
1144 2586 1291 2646 metuam?
1313 2586 1371 2646 nisi
1392 2587 1482 2662 igitur
1504 2604 1561 2646 suo
1577 2589 1631 2647 iste

341 2687 373 2752 se
395 2687 508 2750 scelere
528 2705 647 2766 pessum
669 2686 814 2756 dedisset,
837 2689 903 2766 quis
927 2687 998 2748 mibi
1025 2687 1181 2748 accusandi
1212 2686 1294 2748 locus
1322 2688 1419 2748 esset?
1448 2695 1498 2749 aut
1527 2689 1553 2748 si
1583 2690 1633 2766 qui

342 2791 397 2852 luit
420 2797 496 2850 esset
517 2789 596 2868 ipse,
621 2790 686 2866 quis
707 2773 763 2848 nisi
786 2794 917 2850 extreme
932 2790 1053 2850 insanus
1067 2787 1251 2862 nobilissimo
1267 2789 1365 2850 ordini
1382 2807 1537 2869 opponere
1556 2811 1632 2859 sese,

343 2891 547 2971 potentissimo
571 2889 683 2950 bomini
707 2887 872 2978 periculum
895 2892 1039 2952 intentare
1061 2891 1201 2953 auderet?
1224 2908 1302 2952 nune
1326 2890 1402 2951 iulra
1425 2911 1457 2954 se
1472 2894 1590 2970 positus
1605 2898 1634 2951 et

342 3011 438 3071 neque
460 2993 599 3072 princeps
622 2998 666 3054 est
686 2992 755 3062 iste,
779 3009 874 3072 neque
897 2991 1018 3063 noblis,
1040 3011 1136 3072 neque
1157 2993 1338 3062 GermanuS,
1369 3010 1464 3071 neque
1487 2993 1631 3056 Christia-
1620 3013 1664 3052 ·as

274 3111 333 3200 aas.
343 3110 412 3163 nus;
436 3095 526 3154 immo
550 3095 638 3166 etima
659 3094 748 3154 bomo
770 3112 831 3155 non
854 3101 905 3155 est.
944 3101 1092 3173 utusque
1114 3094 1186 3154 mibi
1207 3112 1274 3156 cum
1292 3092 1354 3156 baec
1373 3095 1439 3156 dico
1453 3095 1633 3176 periculum,

341 3214 437 3275 neque
464 3196 527 3256 istis
556 3194 724 3256 clarissimis
745 3195 930 3276 principibus
958 3215 1026 3258 cum
1048 3195 1172 3256 audiunt
1193 3195 1289 3274 pudor
1311 3198 1362 3268 sit,
1393 3195 1478 3258 talem
1508 3216 1633 3260 aversor

341 3297 508 3358 hominem:
533 3296 603 3376 qnid
626 3296 776 3360 bominem
799 3298 877 3358 dixi?
900 3298 1018 3360 talem
1010 3315 1130 3376 mquam
1147 3297 1421 3360 aamsorbestiam.
1443 3299 1635 3362 camoribus

342 3399 419 3460 enirn
441 3407 470 3464 et
491 3401 563 3468 rita,
586 3417 645 3460 non
667 3400 802 3482 corporis
824 3399 927 3464 babitu
949 3405 1120 3480 spectantur
1142 3399 1292 3464 homines:
1322 3400 1441 3480 reliquit
1462 3399 1634 3465 humanita-

342 3508 416 3570 tem,
438 3501 536 3562 induit
557 3497 779 3572 truculentiam,
799 3502 946 3573 sororem,
968 3503 1107 3564 sevitiam
1131 3520 1165 3562 ac
1187 3503 1413 3570 immanitatem;
1434 3501 1509 3562 nibil
1533 3503 1664 3564 homi-ao

342 3604 387 3664 nis
408 3601 628 3682 babetpraeter
650 3606 772 3674 faciem,
795 3603 847 3664 sed
870 3623 933 3665 eam
955 3623 1071 3684 quoque
1096 3606 1135 3666 ita
1165 3611 1281 3666 trucem
1308 3622 1343 3664 ac
1364 3611 1491 3674 torvam,
1522 3612 1558 3666 ut
1580 3605 1634 3666 bo-

342 3705 452 3766 minem
475 3722 535 3765 non
556 3713 656 3782 putes,
680 3714 784 3768 cetera
808 3707 1051 3788 cumsaevissima
1074 3704 1205 3784 qualibet
1227 3705 1319 3768 bestia
1339 3705 1429 3768 babet
1450 3709 1633 3770 communia.

274 3805 437 3876 §.cubabat
457 3808 548 3884 igitur
569 3806 648 3872 mdia
672 3827 739 3878 eum
758 3809 859 3869 iuvare
882 3806 1022 3886 dignitas,
1046 3826 1135 3887 quam
1156 3815 1227 3870 tunc
1247 3827 1315 3870 curn
1335 3829 1367 3870 se
1389 3809 1452 3870 iscis
1470 3807 1636 3870 obstrinxit

344 3905 519 3978 sceleribus,
548 3915 639 3970 totam
667 3911 761 3976 exoit;
788 3927 876 3972 omne
901 3909 1041 3971 natalium
1069 3909 1187 3986 decus,
1208 3911 1305 3970 omma
1332 3911 1479 3984 maiorum¹
1506 3907 1634 3974 suorum

344 4017 516 4070 ornamenta
537 4009 657 4078 abiecit;
679 4029 746 4072 suas
765 4011 828 4091 ipse
848 4013 1008 4090 imagines,
1033 4029 1084 4072 sua
1106 4017 1259 4074 stemmata
1286 4011 1422 4100 obtrivit,
1451 4019 1484 4072 ut
1503 4014 1566 4076 iam
1590 4023 1665 4076 toas

345 4128 425 4170 mere
448 4111 550 4173 lorteis
573 4110 629 4173 sibi
650 4113 742 4182 siros,
764 4114 794 4172 in
816 4131 943 4192 qnorum
965 4115 1137 4195 posteritate
1158 4121 1325 4190 natusest,
1348 4113 1537 4194 praescribat:
1562 4133 1634 4178 nam

346 4259 544 4274 hau——

412 4363 423 4396 ⁸
440 4363 579 4431 pellicem]
600 4365 643 4414 (li.
659 4370 728 4415 orat.
741 4363 764 4415 1.
778 4351 802 4428 ᾖ.
816 4365 840 4416 7.
894 4365 966 4419 ⁸Cf.
981 4383 1064 4434 supra
1076 4369 1099 4429 ξ.
1116 4367 1156 4418 ll.
1208 4367 1219 4401 ¹
1237 4367 1302 4420 deos
1316 4365 1401 4436 imm]
1420 4367 1563 4423 Christum
1584 4373 1634 4423 im-

347 4449 490 4500 mortalem
507 4457 617 4502 eae-nli.
671 4449 724 4482 ¹⁸⁴?
742 4449 863 4516 Helvet.]
883 4453 1010 4504 Swizeris
1027 4471 1096 4504 corr.
1110 4459 1138 4504 H.
1193 4455 1312 4506 cHelr.
1327 4461 1354 4504 at
1367 4453 1458 4522 Gallo]
1479 4456 1523 4507 Cf.
1536 4459 1595 4510 rol.
1611 4461 1632 4512 1.

347 4550 374 4584 n.
387 4529 472 4584 XXX
486 4533 510 4584 3.
525 4541 590 4600 etp.
604 4533 667 4585 92.
660 4539 756 4586 annot.
771 4551 795 4586 n.
809 4535 872 4585 tt.7.
925 4533 1008 4600 ”eea
1030 4543 1100 4589 etl.
1124 4541 1308 4606 positusodd.
1323 4547 1351 4588 H.
1408 4539 1556 4606 ¹'raeque
1552 4545 1632 4596 Ger-

348 4633 473 4669 manus..
477 4634 551 4670 .non
570 4613 619 4669 est'.
640 4622 718 4670 deleo.
731 4625 760 4669 H
812 4618 867 4652 ²⁷⁴⁵
885 4619 968 4670 talem
987 4637 1061 4674 ιιι...
1066 4623 1206 4674 .bestinm
1224 4626 1293 4676 omia.
1314 4628 1337 4674 1
1356 4627 1417 4675 odd.
1430 4631 1461 4676 H.
1480 4623 1544 4690 (olai
1563 4632 1634 4696 qnod

347 4706 371 4752 2.
386 4703 423 4762 bas
442 4719 538 4754 exorso
557 4706 633 4756 dedit.
652 4707 701 4755 aed
716 4707 844 4756 Huttenus
861 4705 953 4756 Latiare
972 4707 1118 4772 uincerat.)
1169 4706 1192 4740 ¹¹
1210 4707 1338 4760 forteal.
