<?xml version="1.0" encoding="UTF-8"?>
<!DOCTYPE html PUBLIC "-//W3C//DTD XHTML 1.0 Transitional//EN"
    "http://www.w3.org/TR/xhtml1/DTD/xhtml1-transitional.dtd">
<html xmlns="http://www.w3.org/1999/xhtml" xml:lang="en" lang="en">
 <head>
  <title>
</title>
<meta http-equiv="Content-Type" content="text/html;charset=utf-8" />
  <meta name='ocr-system' content='tesseract 3.04.00' />
  <meta name='ocr-capabilities' content='ocr_page ocr_carea ocr_par ocr_line ocrx_word'/>
</head>
<body>
  <div class='ocr_page' id='page_1' title='image "./ulrichihuttenie12huttgoog_0071.png"; bbox 0 0 3464 5526; ppageno 0'>
   <div class='ocr_carea' id='block_1_1' title="bbox 682 1315 1260 1521">
    <p class='ocr_par' dir='ltr' id='par_1_1' title="bbox 682 1315 1260 1521">
     <span class='ocr_line' id='line_1_1' title="bbox 682 1315 1260 1402; baseline -0.009 -7"><span class='ocrx_word' id='word_1_1' title='bbox 682 1317 897 1397; x_wconf 84' lang='lat' dir='ltr'>VLRIOHI</span> <span class='ocrx_word' id='word_1_2' title='bbox 935 1317 1006 1392; x_wconf 85' lang='lat' dir='ltr'><strong>DE</strong></span> <span class='ocrx_word' id='word_1_3' title='bbox 1045 1315 1260 1402; x_wconf 82' lang='lat' dir='ltr'>HVTTEN</span> 
     </span>
     <span class='ocr_line' id='line_1_2' title="bbox 805 1449 1140 1521; baseline 0.012 -21"><span class='ocrx_word' id='word_1_4' title='bbox 805 1449 952 1521; x_wconf 72' lang='lat' dir='ltr'><strong>epvrrrs</strong></span> <span class='ocrx_word' id='word_1_5' title='bbox 976 1454 1140 1504; x_wconf 78' lang='lat' dir='ltr'><strong>enarrant</strong></span> 
     </span>
    </p>
   </div>
   <div class='ocr_carea' id='block_1_2' title="bbox 626 1553 1296 1737">
    <p class='ocr_par' dir='ltr' id='par_1_2' title="bbox 626 1553 1296 1737">
     <span class='ocr_line' id='line_1_3' title="bbox 626 1553 1296 1618; baseline -0.003 -1"><span class='ocrx_word' id='word_1_6' title='bbox 626 1555 684 1617; x_wconf 71' lang='grc' dir='ltr'><strong>ἸΝ</strong></span> <span class='ocrx_word' id='word_1_7' title='bbox 709 1555 896 1617; x_wconf 77' lang='lat' dir='ltr'><strong>vttthitvtt</strong></span> <span class='ocrx_word' id='word_1_8' title='bbox 920 1553 1296 1618; x_wconf 60' lang='lat' dir='ltr'><strong>rrrrnrenonncensan</strong></span> 
     </span>
     <span class='ocr_line' id='line_1_4' title="bbox 817 1673 1126 1737; baseline 0.003 -14"><span class='ocrx_word' id='word_1_9' title='bbox 817 1673 949 1724; x_wconf 83' lang='lat' dir='ltr'><strong>enarro</strong></span> <span class='ocrx_word' id='word_1_10' title='bbox 972 1674 1126 1737; x_wconf 77' lang='lat' dir='ltr'><strong>ornem.</strong></span> 
     </span>
    </p>
   </div>
   <div class='ocr_carea' id='block_1_3' title="bbox 272 1843 1625 1940">
    <p class='ocr_par' dir='ltr' id='par_1_3' title="bbox 272 1843 1625 1940">
     <span class='ocr_line' id='line_1_5' title="bbox 272 1843 1625 1940; baseline 0.001 -40"><span class='ocrx_word' id='word_1_11' title='bbox 272 1851 317 1900; x_wconf 74' lang='lat' dir='ltr'><strong>§.t</strong></span> <span class='ocrx_word' id='word_1_12' title='bbox 417 1846 517 1904; x_wconf 83' lang='lat' dir='ltr'><strong>Sentio</strong></span> <span class='ocrx_word' id='word_1_13' title='bbox 539 1843 658 1908; x_wconf 87' lang='lat' dir='ltr'><strong>dubimn</strong></span> <span class='ocrx_word' id='word_1_14' title='bbox 682 1863 745 1904; x_wconf 83' lang='lat' dir='ltr'><strong>osse</strong></span> <span class='ocrx_word' id='word_1_15' title='bbox 768 1843 868 1913; x_wconf 87' lang='lat' dir='ltr'><strong>robis,</strong></span> <span class='ocrx_word' id='word_1_16' title='bbox 897 1845 1050 1910; x_wconf 87' lang='lat' dir='ltr'><strong>Germani.</strong></span> <span class='ocrx_word' id='word_1_17' title='bbox 1080 1845 1258 1922; x_wconf 77' lang='lat' dir='ltr'><strong>asperiorem</strong></span> <span class='ocrx_word' id='word_1_18' title='bbox 1287 1843 1373 1904; x_wconf 88' lang='lat' dir='ltr'><strong>lmins</strong></span> <span class='ocrx_word' id='word_1_19' title='bbox 1402 1843 1605 1904; x_wconf 82' lang='lat' dir='ltr'><strong>immanitatem</strong></span> <span class='ocrx_word' id='word_1_20' title='bbox 1614 1862 1625 1940; x_wconf 71' lang='lat' dir='ltr'><strong>p</strong></span> 
     </span>
    </p>
   </div>
   <div class='ocr_carea' id='block_1_4' title="bbox 270 1944 1719 4070">
    <p class='ocr_par' dir='ltr' id='par_1_4' title="bbox 270 1944 1719 4070">
     <span class='ocr_line' id='line_1_6' title="bbox 332 1944 1607 2032; baseline -0.002 -26"><span class='ocrx_word' id='word_1_21' title='bbox 332 1964 453 2016; x_wconf 83' lang='lat' dir='ltr'><strong>rerrsere</strong></span> <span class='ocrx_word' id='word_1_22' title='bbox 476 1945 605 2008; x_wconf 75' lang='lat' dir='ltr'><strong>debeatis</strong></span> <span class='ocrx_word' id='word_1_23' title='bbox 627 1948 676 2024; x_wconf 87' lang='lat' dir='ltr'><strong>qui</strong></span> <span class='ocrx_word' id='word_1_24' title='bbox 700 1948 752 2006; x_wconf 83' lang='lat' dir='ltr'><strong>ista</strong></span> <span class='ocrx_word' id='word_1_25' title='bbox 776 1944 859 2016; x_wconf 84' lang='lat' dir='ltr'><strong>iecit,</strong></span> <span class='ocrx_word' id='word_1_26' title='bbox 883 1963 918 2005; x_wconf 92' lang='lat' dir='ltr'><strong>an</strong></span> <span class='ocrx_word' id='word_1_27' title='bbox 942 1945 1093 2006; x_wconf 77' lang='lat' dir='ltr'><strong>tardiorem</strong></span> <span class='ocrx_word' id='word_1_28' title='bbox 1117 1945 1341 2023; x_wconf 87' lang='lat' dir='ltr'><strong>impudentiam,</strong></span> <span class='ocrx_word' id='word_1_29' title='bbox 1365 1947 1416 2024; x_wconf 88' lang='lat' dir='ltr'><strong>qui</strong></span> <span class='ocrx_word' id='word_1_30' title='bbox 1437 1945 1499 2032; x_wconf 80' lang='lat' dir='ltr'><strong>baec</strong></span> <span class='ocrx_word' id='word_1_31' title='bbox 1517 1944 1607 2022; x_wconf 84' lang='lat' dir='ltr'><strong>loqui-</strong></span> 
     </span>
     <span class='ocr_line' id='line_1_7' title="bbox 330 2046 1608 2129; baseline 0 -22"><span class='ocrx_word' id='word_1_32' title='bbox 330 2054 398 2124; x_wconf 69' lang='lat' dir='ltr'><strong>tur.¹</strong></span> <span class='ocrx_word' id='word_1_33' title='bbox 424 2065 491 2108; x_wconf 89' lang='lat' dir='ltr'><strong>nam</strong></span> <span class='ocrx_word' id='word_1_34' title='bbox 514 2065 583 2109; x_wconf 92' lang='lat' dir='ltr'><strong>cum</strong></span> <span class='ocrx_word' id='word_1_35' title='bbox 604 2049 745 2127; x_wconf 86' lang='lat' dir='ltr'><strong>putaretis</strong></span> <span class='ocrx_word' id='word_1_36' title='bbox 767 2048 863 2125; x_wconf 77' lang='lat' dir='ltr'><strong>omnia</strong></span> <span class='ocrx_word' id='word_1_37' title='bbox 886 2048 969 2129; x_wconf 85' lang='lat' dir='ltr'><strong>prius</strong></span> <span class='ocrx_word' id='word_1_38' title='bbox 984 2065 1125 2110; x_wconf 85' lang='lat' dir='ltr'><strong>ausurum</strong></span> <span class='ocrx_word' id='word_1_39' title='bbox 1141 2067 1209 2111; x_wconf 88' lang='lat' dir='ltr'><strong>eum</strong></span> <span class='ocrx_word' id='word_1_40' title='bbox 1224 2064 1311 2128; x_wconf 86' lang='lat' dir='ltr'><strong>qnam</strong></span> <span class='ocrx_word' id='word_1_41' title='bbox 1328 2046 1608 2108; x_wconf 82' lang='lat' dir='ltr'><strong>detensionisaieam</strong></span> 
     </span>
     <span class='ocr_line' id='line_1_8' title="bbox 331 2131 1610 2228; baseline -0.002 -18"><span class='ocrx_word' id='word_1_42' title='bbox 331 2146 457 2219; x_wconf 87' lang='lat' dir='ltr'><strong>subiret,</strong></span> <span class='ocrx_word' id='word_1_43' title='bbox 487 2150 584 2228; x_wconf 86' lang='lat' dir='ltr'><strong>erupit</strong></span> <span class='ocrx_word' id='word_1_44' title='bbox 613 2131 710 2210; x_wconf 66' lang='lat' dir='ltr'><strong>subit&#39;o</strong></span> <span class='ocrx_word' id='word_1_45' title='bbox 738 2168 772 2209; x_wconf 89' lang='lat' dir='ltr'><strong>ac</strong></span> <span class='ocrx_word' id='word_1_46' title='bbox 801 2155 907 2226; x_wconf 74' lang='lat' dir='ltr'><strong>pramer</strong></span> <span class='ocrx_word' id='word_1_47' title='bbox 934 2147 1081 2228; x_wconf 86' lang='lat' dir='ltr'><strong>publicam</strong></span> <span class='ocrx_word' id='word_1_48' title='bbox 1105 2151 1288 2228; x_wconf 71' lang='lat' dir='ltr'><strong>opinionem,</strong></span> <span class='ocrx_word' id='word_1_49' title='bbox 1320 2167 1379 2208; x_wconf 91' lang='lat' dir='ltr'><strong>non</strong></span> <span class='ocrx_word' id='word_1_50' title='bbox 1403 2155 1462 2208; x_wconf 88' lang='lat' dir='ltr'><strong>tam</strong></span> <span class='ocrx_word' id='word_1_51' title='bbox 1484 2168 1515 2209; x_wconf 89' lang='lat' dir='ltr'><strong>se</strong></span> <span class='ocrx_word' id='word_1_52' title='bbox 1538 2149 1610 2210; x_wconf 91' lang='lat' dir='ltr'><strong>tncri</strong></span> 
     </span>
     <span class='ocr_line' id='line_1_9' title="bbox 331 2249 1611 2332; baseline 0.001 -22"><span class='ocrx_word' id='word_1_53' title='bbox 331 2267 417 2330; x_wconf 84' lang='lat' dir='ltr'><strong>quarn</strong></span> <span class='ocrx_word' id='word_1_54' title='bbox 439 2249 602 2320; x_wconf 85' lang='lat' dir='ltr'><strong>maledictis</strong></span> <span class='ocrx_word' id='word_1_55' title='bbox 625 2269 678 2312; x_wconf 91' lang='lat' dir='ltr'><strong>nos</strong></span> <span class='ocrx_word' id='word_1_56' title='bbox 700 2252 841 2330; x_wconf 86' lang='lat' dir='ltr'><strong>impetere</strong></span> <span class='ocrx_word' id='word_1_57' title='bbox 862 2249 983 2311; x_wconf 83' lang='lat' dir='ltr'><strong>adortus</strong></span> <span class='ocrx_word' id='word_1_58' title='bbox 1005 2258 1063 2320; x_wconf 89' lang='lat' dir='ltr'><strong>est;</strong></span> <span class='ocrx_word' id='word_1_59' title='bbox 1086 2270 1174 2330; x_wconf 86' lang='lat' dir='ltr'><strong>quam</strong></span> <span class='ocrx_word' id='word_1_60' title='bbox 1196 2250 1272 2312; x_wconf 88' lang='lat' dir='ltr'><strong>iliius</strong></span> <span class='ocrx_word' id='word_1_61' title='bbox 1294 2252 1543 2332; x_wconf 85' lang='lat' dir='ltr'><strong>importunitatem</strong></span> <span class='ocrx_word' id='word_1_62' title='bbox 1565 2269 1611 2311; x_wconf 83' lang='lat' dir='ltr'><strong>re·</strong></span> 
     </span>
     <span class='ocr_line' id='line_1_10' title="bbox 332 2351 1640 2431; baseline -0.001 -20"><span class='ocrx_word' id='word_1_63' title='bbox 332 2359 391 2412; x_wconf 85' lang='lat' dir='ltr'><strong>stre</strong></span> <span class='ocrx_word' id='word_1_64' title='bbox 406 2363 472 2412; x_wconf 81' lang='lat' dir='ltr'><strong>&#39;non</strong></span> <span class='ocrx_word' id='word_1_65' title='bbox 488 2352 641 2416; x_wconf 67' lang='lat' dir='ltr'><strong>&#39;immerito</strong></span> <span class='ocrx_word' id='word_1_66' title='bbox 664 2354 778 2431; x_wconf 77' lang='lat' dir='ltr'><strong>excepit</strong></span> <span class='ocrx_word' id='word_1_67' title='bbox 800 2351 970 2422; x_wconf 85' lang='lat' dir='ltr'><strong>admiratio,</strong></span> <span class='ocrx_word' id='word_1_68' title='bbox 1000 2361 1029 2414; x_wconf 89' lang='lat' dir='ltr'><strong>et</strong></span> <span class='ocrx_word' id='word_1_69' title='bbox 1054 2353 1130 2413; x_wconf 88' lang='lat' dir='ltr'><strong>scire</strong></span> <span class='ocrx_word' id='word_1_70' title='bbox 1157 2351 1295 2413; x_wconf 82' lang='lat' dir='ltr'><strong>laboratis</strong></span> <span class='ocrx_word' id='word_1_71' title='bbox 1323 2353 1373 2430; x_wconf 88' lang='lat' dir='ltr'><strong>qui</strong></span> <span class='ocrx_word' id='word_1_72' title='bbox 1400 2351 1439 2410; x_wconf 69' lang='lat' dir='ltr'><strong>tit</strong></span> <span class='ocrx_word' id='word_1_73' title='bbox 1465 2351 1553 2412; x_wconf 89' lang='lat' dir='ltr'><strong>huius</strong></span> <span class='ocrx_word' id='word_1_74' title='bbox 1582 2352 1609 2411; x_wconf 93' lang='lat' dir='ltr'><strong>in</strong></span> <span class='ocrx_word' id='word_1_75' title='bbox 1622 2374 1640 2410; x_wconf 81' lang='lat' dir='ltr'><strong>n</strong></span> 
     </span>
     <span class='ocr_line' id='line_1_11' title="bbox 271 2449 1612 2543; baseline 0.003 -33"><span class='ocrx_word' id='word_1_76' title='bbox 271 2461 317 2510; x_wconf 75' lang='lat' dir='ltr'><strong>tt</strong></span> <span class='ocrx_word' id='word_1_77' title='bbox 331 2454 387 2514; x_wconf 88' lang='lat' dir='ltr'><strong>hoc</strong></span> <span class='ocrx_word' id='word_1_78' title='bbox 411 2455 518 2516; x_wconf 90' lang='lat' dir='ltr'><strong>indicio</strong></span> <span class='ocrx_word' id='word_1_79' title='bbox 541 2456 670 2525; x_wconf 90' lang='lat' dir='ltr'><strong>animos,</strong></span> <span class='ocrx_word' id='word_1_80' title='bbox 703 2472 767 2534; x_wconf 77' lang='lat' dir='ltr'><strong>qnae</strong></span> <span class='ocrx_word' id='word_1_81' title='bbox 789 2453 905 2514; x_wconf 86' lang='lat' dir='ltr'><strong>tidntia:</strong></span> <span class='ocrx_word' id='word_1_82' title='bbox 935 2462 1014 2516; x_wconf 89' lang='lat' dir='ltr'><strong>certe</strong></span> <span class='ocrx_word' id='word_1_83' title='bbox 1038 2455 1115 2543; x_wconf 85' lang='lat' dir='ltr'><strong>enirn</strong></span> <span class='ocrx_word' id='word_1_84' title='bbox 1139 2474 1202 2516; x_wconf 87' lang='lat' dir='ltr'><strong>csse</strong></span> <span class='ocrx_word' id='word_1_85' title='bbox 1225 2453 1331 2534; x_wconf 82' lang='lat' dir='ltr'><strong>aliquid</strong></span> <span class='ocrx_word' id='word_1_86' title='bbox 1360 2449 1494 2524; x_wconf 75' lang='lat' dir='ltr'><strong>videtur,</strong></span> <span class='ocrx_word' id='word_1_87' title='bbox 1517 2472 1533 2514; x_wconf 89' lang='lat' dir='ltr'><strong>a</strong></span> <span class='ocrx_word' id='word_1_88' title='bbox 1555 2471 1612 2532; x_wconf 89' lang='lat' dir='ltr'><strong>quo</strong></span> 
     </span>
     <span class='ocr_line' id='line_1_12' title="bbox 330 2555 1611 2637; baseline 0.001 -21"><span class='ocrx_word' id='word_1_89' title='bbox 330 2573 398 2634; x_wconf 90' lang='lat' dir='ltr'><strong>spes</strong></span> <span class='ocrx_word' id='word_1_90' title='bbox 420 2555 461 2618; x_wconf 87' lang='lat' dir='ltr'><strong>itti</strong></span> <span class='ocrx_word' id='word_1_91' title='bbox 483 2556 663 2637; x_wconf 79' lang='lat' dir='ltr'><strong>dependeat,</strong></span> <span class='ocrx_word' id='word_1_92' title='bbox 694 2557 748 2617; x_wconf 92' lang='lat' dir='ltr'><strong>nisi</strong></span> <span class='ocrx_word' id='word_1_93' title='bbox 777 2563 874 2616; x_wconf 86' lang='lat' dir='ltr'><strong>tantus</strong></span> <span class='ocrx_word' id='word_1_94' title='bbox 904 2556 987 2626; x_wconf 79' lang='lat' dir='ltr'><strong>soror</strong></span> <span class='ocrx_word' id='word_1_95' title='bbox 1010 2563 1107 2618; x_wconf 87' lang='lat' dir='ltr'><strong>estut</strong></span> <span class='ocrx_word' id='word_1_96' title='bbox 1129 2563 1269 2634; x_wconf 85' lang='lat' dir='ltr'><strong>agnoscat</strong></span> <span class='ocrx_word' id='word_1_97' title='bbox 1291 2556 1455 2625; x_wconf 88' lang='lat' dir='ltr'><strong>neminem,</strong></span> <span class='ocrx_word' id='word_1_98' title='bbox 1486 2556 1514 2616; x_wconf 91' lang='lat' dir='ltr'><strong>id</strong></span> <span class='ocrx_word' id='word_1_99' title='bbox 1537 2555 1611 2635; x_wconf 87' lang='lat' dir='ltr'><strong>qnod</strong></span> 
     </span>
     <span class='ocr_line' id='line_1_13' title="bbox 331 2657 1614 2738; baseline 0 -20"><span class='ocrx_word' id='word_1_100' title='bbox 331 2673 387 2734; x_wconf 82' lang='lat' dir='ltr'><strong>ego</strong></span> <span class='ocrx_word' id='word_1_101' title='bbox 410 2659 599 2736; x_wconf 82' lang='lat' dir='ltr'><strong>pertinaciter</strong></span> <span class='ocrx_word' id='word_1_102' title='bbox 622 2658 729 2728; x_wconf 89' lang='lat' dir='ltr'><strong>credo,</strong></span> <span class='ocrx_word' id='word_1_103' title='bbox 759 2675 826 2718; x_wconf 87' lang='lat' dir='ltr'><strong>narn</strong></span> <span class='ocrx_word' id='word_1_104' title='bbox 848 2658 943 2736; x_wconf 80' lang='lat' dir='ltr'><strong>siquid</strong></span> <span class='ocrx_word' id='word_1_105' title='bbox 966 2677 981 2718; x_wconf 88' lang='lat' dir='ltr'><strong>a</strong></span> <span class='ocrx_word' id='word_1_106' title='bbox 1006 2657 1105 2719; x_wconf 80' lang='lat' dir='ltr'><strong>surore</strong></span> <span class='ocrx_word' id='word_1_107' title='bbox 1129 2666 1256 2720; x_wconf 86' lang='lat' dir='ltr'><strong>cessaret</strong></span> <span class='ocrx_word' id='word_1_108' title='bbox 1282 2677 1316 2718; x_wconf 87' lang='lat' dir='ltr'><strong>ac</strong></span> <span class='ocrx_word' id='word_1_109' title='bbox 1342 2657 1420 2718; x_wconf 86' lang='lat' dir='ltr'><strong>inter</strong></span> <span class='ocrx_word' id='word_1_110' title='bbox 1443 2675 1518 2738; x_wconf 84' lang='lat' dir='ltr'><strong>quos</strong></span> <span class='ocrx_word' id='word_1_111' title='bbox 1540 2665 1614 2719; x_wconf 88' lang='lat' dir='ltr'><strong>esset</strong></span> 
     </span>
     <span class='ocr_line' id='line_1_14' title="bbox 331 2741 1611 2838; baseline 0.001 -19"><span class='ocrx_word' id='word_1_112' title='bbox 331 2761 567 2838; x_wconf 85' lang='lat' dir='ltr'><strong>conspicaretur,</strong></span> <span class='ocrx_word' id='word_1_113' title='bbox 581 2760 786 2832; x_wconf 55' lang='lat' dir='ltr'><strong>„rerecundius</strong></span> <span class='ocrx_word' id='word_1_114' title='bbox 808 2759 871 2819; x_wconf 75' lang='lat' dir='ltr'><strong>baec</strong></span> <span class='ocrx_word' id='word_1_115' title='bbox 893 2766 1008 2838; x_wconf 84' lang='lat' dir='ltr'><strong>ageret;</strong></span> <span class='ocrx_word' id='word_1_116' title='bbox 1036 2767 1097 2820; x_wconf 89' lang='lat' dir='ltr'><strong>tum</strong></span> <span class='ocrx_word' id='word_1_117' title='bbox 1124 2760 1147 2821; x_wconf 89' lang='lat' dir='ltr'><strong>si</strong></span> <span class='ocrx_word' id='word_1_118' title='bbox 1175 2761 1281 2822; x_wconf 85' lang='lat' dir='ltr'><strong>mentis</strong></span> <span class='ocrx_word' id='word_1_119' title='bbox 1304 2761 1424 2837; x_wconf 82' lang='lat' dir='ltr'><strong>compos</strong></span> <span class='ocrx_word' id='word_1_120' title='bbox 1446 2741 1524 2822; x_wconf 84' lang='lat' dir='ltr'><strong>esset</strong></span> <span class='ocrx_word' id='word_1_121' title='bbox 1546 2779 1611 2830; x_wconf 81' lang='lat' dir='ltr'><strong>stne,</strong></span> 
     </span>
     <span class='ocr_line' id='line_1_15' title="bbox 331 2859 1640 2953; baseline -0.002 -33"><span class='ocrx_word' id='word_1_122' title='bbox 331 2868 467 2921; x_wconf 86' lang='lat' dir='ltr'><strong>arcstro</strong></span> <span class='ocrx_word' id='word_1_123' title='bbox 491 2868 651 2953; x_wconf 70' lang='lat' dir='ltr'><strong>conspectu</strong></span> <span class='ocrx_word' id='word_1_124' title='bbox 675 2859 848 2930; x_wconf 81' lang='lat' dir='ltr'><strong>declinaret,</strong></span> <span class='ocrx_word' id='word_1_125' title='bbox 877 2863 907 2921; x_wconf 91' lang='lat' dir='ltr'><strong>in</strong></span> <span class='ocrx_word' id='word_1_126' title='bbox 936 2860 1063 2940; x_wconf 85' lang='lat' dir='ltr'><strong>aliquem</strong></span> <span class='ocrx_word' id='word_1_127' title='bbox 1091 2879 1156 2924; x_wconf 90' lang='lat' dir='ltr'><strong>sese</strong></span> <span class='ocrx_word' id='word_1_128' title='bbox 1183 2860 1322 2940; x_wconf 83' lang='lat' dir='ltr'><strong>angulum</strong></span> <span class='ocrx_word' id='word_1_129' title='bbox 1351 2860 1553 2932; x_wconf 85' lang='lat' dir='ltr'><strong>abstruderet,</strong></span> <span class='ocrx_word' id='word_1_130' title='bbox 1585 2864 1640 2922; x_wconf 73' lang='lat' dir='ltr'><strong>ints</strong></span> 
     </span>
     <span class='ocr_line' id='line_1_16' title="bbox 331 2961 1613 3042; baseline 0.001 -20"><span class='ocrx_word' id='word_1_131' title='bbox 331 2961 443 3040; x_wconf 85' lang='lat' dir='ltr'><strong>aliquas</strong></span> <span class='ocrx_word' id='word_1_132' title='bbox 464 2961 602 3024; x_wconf 66' lang='lat' dir='ltr'><strong>tenebras</strong></span> <span class='ocrx_word' id='word_1_133' title='bbox 624 2964 816 3032; x_wconf 74' lang='lat' dir='ltr'><strong>reconderet,</strong></span> <span class='ocrx_word' id='word_1_134' title='bbox 838 2961 934 3024; x_wconf 84' lang='lat' dir='ltr'><strong>iucem</strong></span> <span class='ocrx_word' id='word_1_135' title='bbox 955 2963 1085 3040; x_wconf 81' lang='lat' dir='ltr'><strong>sugeret,</strong></span> <span class='ocrx_word' id='word_1_136' title='bbox 1108 2971 1158 3024; x_wconf 89' lang='lat' dir='ltr'><strong>aut</strong></span> <span class='ocrx_word' id='word_1_137' title='bbox 1179 2965 1209 3024; x_wconf 96' lang='lat' dir='ltr'><strong>in</strong></span> <span class='ocrx_word' id='word_1_138' title='bbox 1232 2963 1309 3024; x_wconf 88' lang='lat' dir='ltr'><strong>iliam</strong></span> <span class='ocrx_word' id='word_1_139' title='bbox 1333 2983 1364 3025; x_wconf 89' lang='lat' dir='ltr'><strong>se</strong></span> <span class='ocrx_word' id='word_1_140' title='bbox 1388 2962 1497 3042; x_wconf 77' lang='lat' dir='ltr'><strong>spiram</strong></span> <span class='ocrx_word' id='word_1_141' title='bbox 1520 2963 1613 3024; x_wconf 84' lang='lat' dir='ltr'><strong>carni-</strong></span> 
     </span>
     <span class='ocr_line' id='line_1_17' title="bbox 333 3053 1613 3148; baseline 0.001 -24"><span class='ocrx_word' id='word_1_142' title='bbox 333 3063 425 3124; x_wconf 84' lang='lat' dir='ltr'><strong>ticinae</strong></span> <span class='ocrx_word' id='word_1_143' title='bbox 440 3081 500 3126; x_wconf 81' lang='lat' dir='ltr'><strong>suae</strong></span> <span class='ocrx_word' id='word_1_144' title='bbox 515 3062 612 3126; x_wconf 87' lang='lat' dir='ltr'><strong>iocum</strong></span> <span class='ocrx_word' id='word_1_145' title='bbox 632 3067 816 3144; x_wconf 86' lang='lat' dir='ltr'><strong>proriperet,</strong></span> <span class='ocrx_word' id='word_1_146' title='bbox 839 3066 917 3127; x_wconf 86' lang='lat' dir='ltr'><strong>unde</strong></span> <span class='ocrx_word' id='word_1_147' title='bbox 940 3067 1060 3146; x_wconf 77' lang='lat' dir='ltr'><strong>equiori</strong></span> <span class='ocrx_word' id='word_1_148' title='bbox 1083 3067 1180 3126; x_wconf 84' lang='lat' dir='ltr'><strong>animo</strong></span> <span class='ocrx_word' id='word_1_149' title='bbox 1203 3066 1239 3126; x_wconf 91' lang='lat' dir='ltr'><strong>ad</strong></span> <span class='ocrx_word' id='word_1_150' title='bbox 1261 3064 1437 3148; x_wconf 86' lang='lat' dir='ltr'><strong>supplicium</strong></span> <span class='ocrx_word' id='word_1_151' title='bbox 1458 3053 1613 3145; x_wconf 82' lang='lat' dir='ltr'><strong>raperetur</strong></span> 
     </span>
     <span class='ocr_line' id='line_1_18' title="bbox 272 3165 1615 3244; baseline 0.001 -18"><span class='ocrx_word' id='word_1_152' title='bbox 272 3171 418 3244; x_wconf 73' lang='lat' dir='ltr'><strong>t&#39;tquam</strong></span> <span class='ocrx_word' id='word_1_153' title='bbox 441 3183 477 3228; x_wconf 85' lang='lat' dir='ltr'><strong>ex</strong></span> <span class='ocrx_word' id='word_1_154' title='bbox 497 3165 556 3227; x_wconf 88' lang='lat' dir='ltr'><strong>hoc</strong></span> <span class='ocrx_word' id='word_1_155' title='bbox 578 3175 739 3236; x_wconf 80' lang='lat' dir='ltr'><strong>conventu,</strong></span> <span class='ocrx_word' id='word_1_156' title='bbox 762 3165 817 3228; x_wconf 84' lang='lat' dir='ltr'><strong>hac</strong></span> <span class='ocrx_word' id='word_1_157' title='bbox 840 3167 913 3228; x_wconf 89' lang='lat' dir='ltr'><strong>tuce.</strong></span> <span class='ocrx_word' id='word_1_158' title='bbox 958 3168 1055 3228; x_wconf 76' lang='lat' dir='ltr'><strong>Audes</strong></span> <span class='ocrx_word' id='word_1_159' title='bbox 1077 3168 1105 3227; x_wconf 92' lang='lat' dir='ltr'><strong>in</strong></span> <span class='ocrx_word' id='word_1_160' title='bbox 1128 3167 1174 3228; x_wconf 88' lang='lat' dir='ltr'><strong>his</strong></span> <span class='ocrx_word' id='word_1_161' title='bbox 1196 3165 1288 3228; x_wconf 88' lang='lat' dir='ltr'><strong>ocutis</strong></span> <span class='ocrx_word' id='word_1_162' title='bbox 1311 3167 1486 3236; x_wconf 84' lang='lat' dir='ltr'><strong>consistere,</strong></span> <span class='ocrx_word' id='word_1_163' title='bbox 1511 3169 1542 3230; x_wconf 92' lang='lat' dir='ltr'><strong>in</strong></span> <span class='ocrx_word' id='word_1_164' title='bbox 1562 3167 1615 3228; x_wconf 87' lang='lat' dir='ltr'><strong>hac</strong></span> 
     </span>
     <span class='ocr_line' id='line_1_19' title="bbox 331 3263 1613 3348; baseline 0.002 -21"><span class='ocrx_word' id='word_1_165' title='bbox 331 3268 468 3330; x_wconf 87' lang='lat' dir='ltr'><strong>contione</strong></span> <span class='ocrx_word' id='word_1_166' title='bbox 491 3285 653 3348; x_wconf 83' lang='lat' dir='ltr'><strong>apparere,</strong></span> <span class='ocrx_word' id='word_1_167' title='bbox 677 3270 767 3338; x_wconf 84' lang='lat' dir='ltr'><strong>turia,</strong></span> <span class='ocrx_word' id='word_1_168' title='bbox 791 3271 819 3330; x_wconf 93' lang='lat' dir='ltr'><strong>in</strong></span> <span class='ocrx_word' id='word_1_169' title='bbox 843 3287 900 3347; x_wconf 85' lang='lat' dir='ltr'><strong>qua</strong></span> <span class='ocrx_word' id='word_1_170' title='bbox 923 3263 999 3330; x_wconf 82' lang='lat' dir='ltr'><strong>nihii</strong></span> <span class='ocrx_word' id='word_1_171' title='bbox 1018 3277 1136 3330; x_wconf 89' lang='lat' dir='ltr'><strong>estnon</strong></span> <span class='ocrx_word' id='word_1_172' title='bbox 1152 3270 1298 3336; x_wconf 79' lang='lat' dir='ltr'><strong>intensum</strong></span> <span class='ocrx_word' id='word_1_173' title='bbox 1315 3269 1384 3330; x_wconf 79' lang='lat' dir='ltr'><strong>tibi?</strong></span> <span class='ocrx_word' id='word_1_174' title='bbox 1406 3269 1613 3332; x_wconf 63' lang='lat' dir='ltr'><strong>irretiendum</strong></span> 
     </span>
     <span class='ocr_line' id='line_1_20' title="bbox 283 3367 1644 3460; baseline 0.001 -32"><span class='ocrx_word' id='word_1_175' title='bbox 283 3372 285 3376; x_wconf 85' lang='lat'>&#39;</span> <span class='ocrx_word' id='word_1_176' title='bbox 330 3367 460 3448; x_wconf 81' lang='lat' dir='ltr'><strong>loquitur</strong></span> <span class='ocrx_word' id='word_1_177' title='bbox 483 3371 628 3440; x_wconf 78' lang='lat' dir='ltr'><strong>carnifex,</strong></span> <span class='ocrx_word' id='word_1_178' title='bbox 653 3379 682 3432; x_wconf 90' lang='lat' dir='ltr'><strong>et</strong></span> <span class='ocrx_word' id='word_1_179' title='bbox 703 3371 772 3431; x_wconf 90' lang='lat' dir='ltr'><strong>dnm</strong></span> <span class='ocrx_word' id='word_1_180' title='bbox 796 3371 998 3450; x_wconf 44' lang='lat' dir='ltr'><strong>malignatur„</strong></span> <span class='ocrx_word' id='word_1_181' title='bbox 1011 3389 1131 3460; x_wconf 87' lang='lat' dir='ltr'><strong>eausam</strong></span> <span class='ocrx_word' id='word_1_182' title='bbox 1151 3389 1182 3432; x_wconf 87' lang='lat' dir='ltr'><strong>se</strong></span> <span class='ocrx_word' id='word_1_183' title='bbox 1204 3385 1286 3432; x_wconf 87' lang='lat' dir='ltr'><strong>snam</strong></span> <span class='ocrx_word' id='word_1_184' title='bbox 1307 3371 1384 3450; x_wconf 87' lang='lat' dir='ltr'><strong>aptrd</strong></span> <span class='ocrx_word' id='word_1_185' title='bbox 1400 3371 1513 3433; x_wconf 86' lang='lat' dir='ltr'><strong>indices</strong></span> <span class='ocrx_word' id='word_1_186' title='bbox 1528 3388 1644 3448; x_wconf 75' lang='lat' dir='ltr'><strong>agerem</strong></span> 
     </span>
     <span class='ocr_line' id='line_1_21' title="bbox 294 3471 1719 3564; baseline 0.001 -33"><span class='ocrx_word' id='word_1_187' title='bbox 294 3494 297 3502; x_wconf 93' lang='lat'>·</span> <span class='ocrx_word' id='word_1_188' title='bbox 331 3471 418 3541; x_wconf 89' lang='lat' dir='ltr'><strong>dicit,</strong></span> <span class='ocrx_word' id='word_1_189' title='bbox 440 3471 569 3550; x_wconf 89' lang='lat' dir='ltr'><strong>dumque</strong></span> <span class='ocrx_word' id='word_1_190' title='bbox 591 3491 656 3534; x_wconf 87' lang='lat' dir='ltr'><strong>rem</strong></span> <span class='ocrx_word' id='word_1_191' title='bbox 679 3479 791 3552; x_wconf 77' lang='lat' dir='ltr'><strong>gestam</strong></span> <span class='ocrx_word' id='word_1_192' title='bbox 814 3472 917 3547; x_wconf 81' lang='lat' dir='ltr'><strong>ordine</strong></span> <span class='ocrx_word' id='word_1_193' title='bbox 940 3492 975 3534; x_wconf 87' lang='lat' dir='ltr'><strong>ac</strong></span> <span class='ocrx_word' id='word_1_194' title='bbox 996 3474 1084 3535; x_wconf 90' lang='lat' dir='ltr'><strong>modo</strong></span> <span class='ocrx_word' id='word_1_195' title='bbox 1107 3475 1223 3535; x_wconf 87' lang='lat' dir='ltr'><strong>invertit</strong></span> <span class='ocrx_word' id='word_1_196' title='bbox 1246 3480 1274 3533; x_wconf 87' lang='lat' dir='ltr'><strong>et</strong></span> <span class='ocrx_word' id='word_1_197' title='bbox 1295 3491 1349 3551; x_wconf 90' lang='lat' dir='ltr'><strong>pro</strong></span> <span class='ocrx_word' id='word_1_198' title='bbox 1371 3474 1448 3534; x_wconf 87' lang='lat' dir='ltr'><strong>reris</strong></span> <span class='ocrx_word' id='word_1_199' title='bbox 1462 3473 1532 3533; x_wconf 80' lang='lat' dir='ltr'><strong>dcta</strong></span> <span class='ocrx_word' id='word_1_200' title='bbox 1547 3471 1614 3536; x_wconf 87' lang='lat' dir='ltr'><strong>sub·</strong></span> <span class='ocrx_word' id='word_1_201' title='bbox 1718 3513 1719 3564; x_wconf 66' lang='lat' dir='ltr'><strong>p</strong></span> 
     </span>
     <span class='ocr_line' id='line_1_22' title="bbox 333 3572 1615 3654; baseline -0.001 -20"><span class='ocrx_word' id='word_1_202' title='bbox 333 3573 426 3634; x_wconf 88' lang='lat' dir='ltr'><strong>stituit</strong></span> <span class='ocrx_word' id='word_1_203' title='bbox 447 3593 481 3634; x_wconf 91' lang='lat' dir='ltr'><strong>ac</strong></span> <span class='ocrx_word' id='word_1_204' title='bbox 503 3575 532 3634; x_wconf 93' lang='lat' dir='ltr'><strong>in</strong></span> <span class='ocrx_word' id='word_1_205' title='bbox 555 3593 588 3636; x_wconf 89' lang='lat' dir='ltr'><strong>re</strong></span> <span class='ocrx_word' id='word_1_206' title='bbox 612 3572 697 3654; x_wconf 83' lang='lat' dir='ltr'><strong>plana</strong></span> <span class='ocrx_word' id='word_1_207' title='bbox 721 3581 751 3635; x_wconf 88' lang='lat' dir='ltr'><strong>et</strong></span> <span class='ocrx_word' id='word_1_208' title='bbox 773 3574 909 3642; x_wconf 88' lang='lat' dir='ltr'><strong>omnibus</strong></span> <span class='ocrx_word' id='word_1_209' title='bbox 931 3583 1000 3636; x_wconf 85' lang='lat' dir='ltr'><strong>nota</strong></span> <span class='ocrx_word' id='word_1_210' title='bbox 1022 3575 1183 3638; x_wconf 85' lang='lat' dir='ltr'><strong>mendaciis</strong></span> <span class='ocrx_word' id='word_1_211' title='bbox 1204 3593 1236 3636; x_wconf 89' lang='lat' dir='ltr'><strong>se</strong></span> <span class='ocrx_word' id='word_1_212' title='bbox 1264 3580 1378 3645; x_wconf 84' lang='lat' dir='ltr'><strong>tuetur,</strong></span> <span class='ocrx_word' id='word_1_213' title='bbox 1412 3573 1483 3634; x_wconf 88' lang='lat' dir='ltr'><strong>nibd</strong></span> <span class='ocrx_word' id='word_1_214' title='bbox 1509 3582 1615 3654; x_wconf 68' lang='lat' dir='ltr'><strong>meter</strong></span> 
     </span>
     <span class='ocr_line' id='line_1_23' title="bbox 270 3673 1719 3770; baseline -0.002 -33"><span class='ocrx_word' id='word_1_215' title='bbox 270 3676 508 3762; x_wconf 76' lang='lat' dir='ltr'><strong>t·⁴·dignitatem</strong></span> <span class='ocrx_word' id='word_1_216' title='bbox 531 3677 673 3739; x_wconf 83' lang='lat' dir='ltr'><strong>excidisse</strong></span> <span class='ocrx_word' id='word_1_217' title='bbox 700 3676 757 3738; x_wconf 90' lang='lat' dir='ltr'><strong>sibi</strong></span> <span class='ocrx_word' id='word_1_218' title='bbox 785 3677 933 3756; x_wconf 79' lang='lat' dir='ltr'><strong>praedicat.</strong></span> <span class='ocrx_word' id='word_1_219' title='bbox 978 3675 1175 3740; x_wconf 85' lang='lat' dir='ltr'><strong>Oaudaoiam</strong></span> <span class='ocrx_word' id='word_1_220' title='bbox 1203 3675 1340 3763; x_wconf 87' lang='lat' dir='ltr'><strong>omnibus</strong></span> <span class='ocrx_word' id='word_1_221' title='bbox 1367 3673 1479 3748; x_wconf 76' lang='lat' dir='ltr'><strong>saeculis</strong></span> <span class='ocrx_word' id='word_1_222' title='bbox 1504 3695 1614 3738; x_wconf 88' lang='lat' dir='ltr'><strong>memo·</strong></span> <span class='ocrx_word' id='word_1_223' title='bbox 1718 3699 1719 3770; x_wconf 54' lang='lat' dir='ltr'><strong>p</strong></span> 
     </span>
     <span class='ocr_line' id='line_1_24' title="bbox 330 3771 1667 3857; baseline -0.001 -20"><span class='ocrx_word' id='word_1_224' title='bbox 330 3777 466 3848; x_wconf 86' lang='lat' dir='ltr'><strong>rendam,</strong></span> <span class='ocrx_word' id='word_1_225' title='bbox 490 3797 508 3838; x_wconf 92' lang='lat' dir='ltr'><strong>o</strong></span> <span class='ocrx_word' id='word_1_226' title='bbox 529 3785 559 3839; x_wconf 90' lang='lat' dir='ltr'><strong>te</strong></span> <span class='ocrx_word' id='word_1_227' title='bbox 581 3776 662 3839; x_wconf 85' lang='lat' dir='ltr'><strong>nullo</strong></span> <span class='ocrx_word' id='word_1_228' title='bbox 684 3779 814 3857; x_wconf 88' lang='lat' dir='ltr'><strong>pudore,</strong></span> <span class='ocrx_word' id='word_1_229' title='bbox 837 3777 915 3840; x_wconf 86' lang='lat' dir='ltr'><strong>nolle</strong></span> <span class='ocrx_word' id='word_1_230' title='bbox 938 3781 1069 3849; x_wconf 86' lang='lat' dir='ltr'><strong>ratione,</strong></span> <span class='ocrx_word' id='word_1_231' title='bbox 1092 3777 1172 3850; x_wconf 87' lang='lat' dir='ltr'><strong>nudo</strong></span> <span class='ocrx_word' id='word_1_232' title='bbox 1194 3795 1283 3840; x_wconf 86' lang='lat' dir='ltr'><strong>sensu</strong></span> <span class='ocrx_word' id='word_1_233' title='bbox 1305 3777 1473 3856; x_wconf 71' lang='lat' dir='ltr'><strong>praeditum!</strong></span> <span class='ocrx_word' id='word_1_234' title='bbox 1497 3779 1535 3838; x_wconf 83' lang='lat' dir='ltr'><strong>ad</strong></span> <span class='ocrx_word' id='word_1_235' title='bbox 1553 3796 1615 3856; x_wconf 79' lang='lat' dir='ltr'><strong>que</strong></span> <span class='ocrx_word' id='word_1_236' title='bbox 1664 3771 1667 3778; x_wconf 50' lang='lat'><strong>⁴</strong></span> 
     </span>
     <span class='ocr_line' id='line_1_25' title="bbox 331 3876 1719 3959; baseline 0.003 -21"><span class='ocrx_word' id='word_1_237' title='bbox 331 3876 374 3939; x_wconf 87' lang='lat' dir='ltr'><strong>rei</strong></span> <span class='ocrx_word' id='word_1_238' title='bbox 396 3878 510 3942; x_wconf 83' lang='lat' dir='ltr'><strong>hiscere</strong></span> <span class='ocrx_word' id='word_1_239' title='bbox 533 3880 815 3959; x_wconf 86' lang='lat' dir='ltr'><strong>impudentissimum</strong></span> <span class='ocrx_word' id='word_1_240' title='bbox 839 3890 917 3951; x_wconf 87' lang='lat' dir='ltr'><strong>erat,</strong></span> <span class='ocrx_word' id='word_1_241' title='bbox 946 3879 981 3941; x_wconf 91' lang='lat' dir='ltr'><strong>ad</strong></span> <span class='ocrx_word' id='word_1_242' title='bbox 1006 3899 1039 3942; x_wconf 90' lang='lat' dir='ltr'><strong>ea</strong></span> <span class='ocrx_word' id='word_1_243' title='bbox 1061 3888 1093 3940; x_wconf 87' lang='lat' dir='ltr'><strong>tu</strong></span> <span class='ocrx_word' id='word_1_244' title='bbox 1116 3879 1294 3959; x_wconf 87' lang='lat' dir='ltr'><strong>respondes,</strong></span> <span class='ocrx_word' id='word_1_245' title='bbox 1323 3886 1352 3939; x_wconf 89' lang='lat' dir='ltr'><strong>et</strong></span> <span class='ocrx_word' id='word_1_246' title='bbox 1380 3880 1421 3942; x_wconf 88' lang='lat' dir='ltr'><strong>sio</strong></span> <span class='ocrx_word' id='word_1_247' title='bbox 1449 3881 1643 3958; x_wconf 70' lang='lat' dir='ltr'><strong>respondeses</strong></span> <span class='ocrx_word' id='word_1_248' title='bbox 1718 3893 1719 3934; x_wconf 69' lang='grc'><strong>1</strong></span> 
     </span>
     <span class='ocr_line' id='line_1_26' title="bbox 330 3978 1719 4070; baseline 0 -30"><span class='ocrx_word' id='word_1_249' title='bbox 330 3988 362 4040; x_wconf 85' lang='lat' dir='ltr'><strong>ut</strong></span> <span class='ocrx_word' id='word_1_250' title='bbox 383 3978 456 4044; x_wconf 85' lang='lat' dir='ltr'><strong>nihil</strong></span> <span class='ocrx_word' id='word_1_251' title='bbox 478 3981 602 4043; x_wconf 88' lang='lat' dir='ltr'><strong>dicendo</strong></span> <span class='ocrx_word' id='word_1_252' title='bbox 625 3980 721 4052; x_wconf 90' lang='lat' dir='ltr'><strong>eluas,</strong></span> <span class='ocrx_word' id='word_1_253' title='bbox 751 3982 803 4044; x_wconf 91' lang='lat' dir='ltr'><strong>sed</strong></span> <span class='ocrx_word' id='word_1_254' title='bbox 825 3982 1064 4062; x_wconf 85' lang='lat' dir='ltr'><strong>inquinatissimae</strong></span> <span class='ocrx_word' id='word_1_255' title='bbox 1086 3979 1149 4042; x_wconf 85' lang='lat' dir='ltr'><strong>tibi‘</strong></span> <span class='ocrx_word' id='word_1_256' title='bbox 1163 3983 1268 4042; x_wconf 88' lang='lat' dir='ltr'><strong>mentis</strong></span> <span class='ocrx_word' id='word_1_257' title='bbox 1296 3981 1430 4042; x_wconf 90' lang='lat' dir='ltr'><strong>conscius</strong></span> <span class='ocrx_word' id='word_1_258' title='bbox 1459 3979 1613 4070; x_wconf 82' lang='lat' dir='ltr'><strong>maledicte</strong></span> <span class='ocrx_word' id='word_1_259' title='bbox 1718 3979 1719 4054; x_wconf 70' lang='lat' dir='ltr'>J</span> 
     </span>
    </p>
   </div>
   <div class='ocr_carea' id='block_1_5' title="bbox 693 4149 1251 4247">
    <p class='ocr_par' dir='ltr' id='par_1_5' title="bbox 693 4149 1251 4247">
     <span class='ocr_line' id='line_1_27' title="bbox 693 4149 1251 4247; baseline 0 -31"><span class='ocrx_word' id='word_1_260' title='bbox 693 4165 735 4216; x_wconf 82' lang='lat' dir='ltr'><strong>Cf.</strong></span> <span class='ocrx_word' id='word_1_261' title='bbox 757 4184 784 4233; x_wconf 89' lang='lat' dir='ltr'><strong>p.</strong></span> <span class='ocrx_word' id='word_1_262' title='bbox 801 4167 826 4218; x_wconf 83' lang='lat'><strong>3.</strong></span> <span class='ocrx_word' id='word_1_263' title='bbox 847 4169 881 4219; x_wconf 81' lang='lat' dir='ltr'><strong>ad</strong></span> <span class='ocrx_word' id='word_1_264' title='bbox 899 4171 976 4220; x_wconf 89' lang='lat' dir='ltr'><strong>Orat.</strong></span> <span class='ocrx_word' id='word_1_265' title='bbox 996 4171 1017 4220; x_wconf 90' lang='lat'><strong>1.</strong></span> <span class='ocrx_word' id='word_1_266' title='bbox 1037 4149 1251 4247; x_wconf 68' lang='lat' dir='ltr'><strong>adnotationem.</strong></span> 
     </span>
    </p>
   </div>
   <div class='ocr_carea' id='block_1_6' title="bbox 329 4300 1719 4790">
    <p class='ocr_par' dir='ltr' id='par_1_6' title="bbox 329 4300 1719 4790">
     <span class='ocr_line' id='line_1_28' title="bbox 397 4300 1613 4370; baseline 0.002 -18"><span class='ocrx_word' id='word_1_267' title='bbox 397 4300 406 4334; x_wconf 94' lang='lat'>¹</span> <span class='ocrx_word' id='word_1_268' title='bbox 424 4303 504 4353; x_wconf 85' lang='lat' dir='ltr'><strong>Hanc</strong></span> <span class='ocrx_word' id='word_1_269' title='bbox 523 4303 674 4354; x_wconf 81' lang='lat' dir='ltr'><strong>orationem</strong></span> <span class='ocrx_word' id='word_1_270' title='bbox 692 4304 966 4370; x_wconf 79' lang='lat' dir='ltr'><strong>Bamborgaemensc</strong></span> <span class='ocrx_word' id='word_1_271' title='bbox 984 4307 1107 4370; x_wconf 82' lang='lat' dir='ltr'><strong>Angusto</strong></span> <span class='ocrx_word' id='word_1_272' title='bbox 1127 4323 1150 4356; x_wconf 88' lang='lat' dir='ltr'><strong>n.</strong></span> <span class='ocrx_word' id='word_1_273' title='bbox 1168 4305 1241 4356; x_wconf 80' lang='grc'><strong>1517.</strong></span> <span class='ocrx_word' id='word_1_274' title='bbox 1253 4304 1325 4355; x_wconf 82' lang='lat' dir='ltr'><strong>intre</strong></span> <span class='ocrx_word' id='word_1_275' title='bbox 1344 4319 1447 4370; x_wconf 82' lang='lat' dir='ltr'><strong>pancos</strong></span> <span class='ocrx_word' id='word_1_276' title='bbox 1464 4303 1527 4355; x_wconf 86' lang='lat' dir='ltr'><strong>dies</strong></span> <span class='ocrx_word' id='word_1_277' title='bbox 1545 4319 1613 4355; x_wconf 86' lang='lat' dir='ltr'><strong>eom—</strong></span> 
     </span>
     <span class='ocr_line' id='line_1_29' title="bbox 330 4386 1719 4456; baseline 0.002 -21"><span class='ocrx_word' id='word_1_278' title='bbox 330 4386 453 4452; x_wconf 83' lang='lat' dir='ltr'><strong>posuisse</strong></span> <span class='ocrx_word' id='word_1_279' title='bbox 475 4387 626 4438; x_wconf 85' lang='lat' dir='ltr'><strong>Hnttennm</strong></span> <span class='ocrx_word' id='word_1_280' title='bbox 644 4389 810 4439; x_wconf 81' lang='lat' dir='ltr'><strong>Laurentius</strong></span> <span class='ocrx_word' id='word_1_281' title='bbox 828 4389 941 4442; x_wconf 80' lang='lat' dir='ltr'><strong>Behsirn</strong></span> <span class='ocrx_word' id='word_1_282' title='bbox 964 4395 1083 4440; x_wconf 84' lang='lat' dir='ltr'><strong>testatus</strong></span> <span class='ocrx_word' id='word_1_283' title='bbox 1108 4395 1150 4439; x_wconf 85' lang='lat' dir='ltr'><strong>cat</strong></span> <span class='ocrx_word' id='word_1_284' title='bbox 1174 4405 1216 4456; x_wconf 86' lang='lat' dir='ltr'><strong>ep.</strong></span> <span class='ocrx_word' id='word_1_285' title='bbox 1236 4403 1319 4454; x_wconf 82' lang='lat' dir='ltr'><strong>supra</strong></span> <span class='ocrx_word' id='word_1_286' title='bbox 1341 4388 1395 4440; x_wconf 84' lang='lat' dir='ltr'><strong>voi.</strong></span> <span class='ocrx_word' id='word_1_287' title='bbox 1408 4388 1431 4438; x_wconf 92' lang='lat'><strong>1.</strong></span> <span class='ocrx_word' id='word_1_288' title='bbox 1449 4405 1475 4454; x_wconf 86' lang='lat' dir='ltr'><strong>p.</strong></span> <span class='ocrx_word' id='word_1_289' title='bbox 1490 4387 1550 4440; x_wconf 75' lang='lat'>150.</span> <span class='ocrx_word' id='word_1_290' title='bbox 1569 4403 1612 4438; x_wconf 81' lang='lat' dir='ltr'><strong>ex·</strong></span> <span class='ocrx_word' id='word_1_291' title='bbox 1718 4439 1719 4452; x_wconf 50' lang='lat'><strong>,</strong></span> 
     </span>
     <span class='ocr_line' id='line_1_30' title="bbox 329 4463 1613 4538; baseline 0.001 -16"><span class='ocrx_word' id='word_1_292' title='bbox 329 4471 433 4534; x_wconf 81' lang='lat' dir='ltr'><strong>hibita,</strong></span> <span class='ocrx_word' id='word_1_293' title='bbox 453 4487 478 4522; x_wconf 87' lang='lat' dir='ltr'><strong>v.</strong></span> <span class='ocrx_word' id='word_1_294' title='bbox 494 4463 533 4522; x_wconf 77' lang='lat'><strong>15.</strong></span> <span class='ocrx_word' id='word_1_295' title='bbox 547 4487 586 4537; x_wconf 86' lang='lat' dir='ltr'><strong>sq.</strong></span> <span class='ocrx_word' id='word_1_296' title='bbox 626 4471 788 4522; x_wconf 82' lang='lat' dir='ltr'><strong>Prodierant</strong></span> <span class='ocrx_word' id='word_1_297' title='bbox 805 4475 924 4538; x_wconf 82' lang='lat' dir='ltr'><strong>partium</strong></span> <span class='ocrx_word' id='word_1_298' title='bbox 947 4474 1052 4538; x_wconf 79' lang='lat' dir='ltr'><strong>scripte</strong></span> <span class='ocrx_word' id='word_1_299' title='bbox 1074 4473 1129 4522; x_wconf 84' lang='lat' dir='ltr'><strong>rol.</strong></span> <span class='ocrx_word' id='word_1_300' title='bbox 1142 4474 1164 4522; x_wconf 93' lang='lat'><strong>1.</strong></span> <span class='ocrx_word' id='word_1_301' title='bbox 1177 4489 1203 4524; x_wconf 92' lang='lat' dir='ltr'><strong>n.</strong></span> <span class='ocrx_word' id='word_1_302' title='bbox 1222 4475 1305 4524; x_wconf 89' lang='lat' dir='ltr'>XXX.</span> <span class='ocrx_word' id='word_1_303' title='bbox 1318 4474 1342 4523; x_wconf 83' lang='lat'><strong>4.</strong></span> <span class='ocrx_word' id='word_1_304' title='bbox 1356 4474 1379 4524; x_wconf 88' lang='grc'><strong>5.</strong></span> <span class='ocrx_word' id='word_1_305' title='bbox 1399 4473 1535 4538; x_wconf 77' lang='lat' dir='ltr'><strong>repetita,</strong></span> <span class='ocrx_word' id='word_1_306' title='bbox 1561 4473 1613 4523; x_wconf 79' lang='lat' dir='ltr'><strong>fre·</strong></span> 
     </span>
     <span class='ocr_line' id='line_1_31' title="bbox 329 4547 1613 4624; baseline -0.001 -17"><span class='ocrx_word' id='word_1_307' title='bbox 329 4561 409 4622; x_wconf 74' lang='lat' dir='ltr'><strong>gerat</strong></span> <span class='ocrx_word' id='word_1_308' title='bbox 420 4547 518 4622; x_wconf 80' lang='lat' dir='ltr'><strong>pacem</strong></span> <span class='ocrx_word' id='word_1_309' title='bbox 530 4556 767 4608; x_wconf 81' lang='lat' dir='ltr'><strong>Blaubenrensem</strong></span> <span class='ocrx_word' id='word_1_310' title='bbox 779 4557 842 4621; x_wconf 90' lang='lat' dir='ltr'><strong>(rol.</strong></span> <span class='ocrx_word' id='word_1_311' title='bbox 856 4558 878 4608; x_wconf 93' lang='lat'><strong>1.</strong></span> <span class='ocrx_word' id='word_1_312' title='bbox 891 4573 919 4606; x_wconf 87' lang='lat' dir='ltr'><strong>n.</strong></span> <span class='ocrx_word' id='word_1_313' title='bbox 931 4557 1015 4607; x_wconf 91' lang='lat' dir='ltr'>XXX.</span> <span class='ocrx_word' id='word_1_314' title='bbox 1028 4555 1064 4616; x_wconf 82' lang='grc'><strong>6.)</strong></span> <span class='ocrx_word' id='word_1_315' title='bbox 1078 4557 1131 4607; x_wconf 86' lang='lat' dir='ltr'><strong>dux</strong></span> <span class='ocrx_word' id='word_1_316' title='bbox 1144 4557 1411 4624; x_wconf 78' lang='lat' dir='ltr'><strong>Wirtenbergensis,</strong></span> <span class='ocrx_word' id='word_1_317' title='bbox 1433 4557 1613 4608; x_wconf 66' lang='lat' dir='ltr'><strong>damnaverat</strong></span> 
     </span>
     <span class='ocr_line' id='line_1_32' title="bbox 330 4639 1611 4704; baseline 0 -14"><span class='ocrx_word' id='word_1_318' title='bbox 330 4649 391 4691; x_wconf 81' lang='lat' dir='ltr'><strong>enm</strong></span> <span class='ocrx_word' id='word_1_319' title='bbox 404 4639 507 4691; x_wconf 75' lang='lat' dir='ltr'><strong>Oaeser.</strong></span> <span class='ocrx_word' id='word_1_320' title='bbox 521 4639 585 4704; x_wconf 79' lang='lat' dir='ltr'><strong>(rol.</strong></span> <span class='ocrx_word' id='word_1_321' title='bbox 598 4642 619 4692; x_wconf 90' lang='lat'><strong>1.</strong></span> <span class='ocrx_word' id='word_1_322' title='bbox 633 4656 659 4691; x_wconf 90' lang='lat' dir='ltr'><strong>n.</strong></span> <span class='ocrx_word' id='word_1_323' title='bbox 673 4641 758 4694; x_wconf 87' lang='lat' dir='ltr'>XXX.</span> <span class='ocrx_word' id='word_1_324' title='bbox 770 4639 807 4704; x_wconf 83' lang='grc'><strong>8.)</strong></span> <span class='ocrx_word' id='word_1_325' title='bbox 846 4640 1108 4692; x_wconf 80' lang='lat' dir='ltr'><strong>⁸w1nreasanorcn.</strong></span> <span class='ocrx_word' id='word_1_326' title='bbox 1127 4643 1168 4692; x_wconf 79' lang='lat' dir='ltr'><strong>bie</strong></span> <span class='ocrx_word' id='word_1_327' title='bbox 1183 4641 1258 4692; x_wconf 77' lang='lat' dir='ltr'><strong>debet</strong></span> <span class='ocrx_word' id='word_1_328' title='bbox 1271 4646 1294 4690; x_wconf 79' lang='lat'><strong>1.</strong></span> <span class='ocrx_word' id='word_1_329' title='bbox 1314 4657 1391 4692; x_wconf 80' lang='lat' dir='ltr'><strong>nour</strong></span> <span class='ocrx_word' id='word_1_330' title='bbox 1425 4639 1611 4694; x_wconf 65' lang='lat' dir='ltr'><strong>⁵Silentio2¹</strong></span> 
     </span>
     <span class='ocr_line' id='line_1_33' title="bbox 330 4715 1337 4790; baseline 0.001 -16"><span class='ocrx_word' id='word_1_331' title='bbox 330 4723 505 4790; x_wconf 78' lang='lat' dir='ltr'><strong>(temulenter.)</strong></span> <span class='ocrx_word' id='word_1_332' title='bbox 541 4715 717 4776; x_wconf 68' lang='lat' dir='ltr'><strong>”diderint¹</strong></span> <span class='ocrx_word' id='word_1_333' title='bbox 760 4725 781 4759; x_wconf 82' lang='lat'><strong>¹⁸</strong></span> <span class='ocrx_word' id='word_1_334' title='bbox 800 4728 882 4785; x_wconf 86' lang='lat' dir='ltr'><strong>esset]</strong></span> <span class='ocrx_word' id='word_1_335' title='bbox 902 4727 939 4775; x_wconf 86' lang='lat' dir='ltr'><strong>sit</strong></span> <span class='ocrx_word' id='word_1_336' title='bbox 956 4733 1067 4778; x_wconf 63' lang='lat' dir='ltr'><strong>cornert.</strong></span> <span class='ocrx_word' id='word_1_337' title='bbox 1120 4723 1141 4757; x_wconf 79' lang='lat'><strong>¹⁰</strong></span> <span class='ocrx_word' id='word_1_338' title='bbox 1160 4726 1292 4777; x_wconf 84' lang='lat' dir='ltr'><strong>concione</strong></span> <span class='ocrx_word' id='word_1_339' title='bbox 1310 4729 1337 4776; x_wconf 85' lang='lat'><strong>2.</strong></span> 
     </span>
    </p>
   </div>
   <div class='ocr_carea' id='block_1_7' title="bbox 0 0 1736 5524">
    <p class='ocr_par' dir='ltr' id='par_1_7' title="bbox 0 0 1736 5524">
     <span class='ocr_line' id='line_1_34' title="bbox 0 0 1736 5524; baseline 0 0"><span class='ocrx_word' id='word_1_340' title='bbox 0 0 1736 5524; x_wconf 95' lang='lat' dir='ltr'><strong> </strong></span> 
     </span>
    </p>
   </div>
  </div>
 </body>
</html>
