3468 5512
510 449 623 500 'coarat
637 450 729 486 LVXW
744 447 920 486 catarticum
932 447 1012 486 WB·
1327 419 1400 492 469

105 604 234 666 ludaeos
255 603 497 683 philosophorum
520 621 627 682 genus,
651 604 689 666 ah
710 604 836 684 losepho
858 603 1029 674 laudantur,
1054 604 1132 682 quod
1156 589 1307 668 ‘ieiunium
1330 607 1418 666 coti·=

115 707 237 768 dianam
262 709 414 768 vertissent
434 709 463 768 in
481 706 720 768 consuetudinem
736 714 766 767 et
780 706 901 768 alteram
917 705 1078 776 naturam';
1102 706 1308 768 Phariaeornm
1323 707 1400 768 idem
1411 721 1469 772 §.aa

115 810 327 870 continentiam
349 809 442 870 ellert
487 806 542 878 Oui
565 825 619 870 nos
640 809 772 887 perditos
794 807 885 868 voluit
899 807 983 878 olim,
1007 809 1082 870 banc
1099 795 1189 868 credo
1204 808 1317 869 vivendi
1332 827 1401 868 con-

114 911 303 972 suetudinem
326 911 503 989 imprecatus
526 915 578 972 est.
622 911 718 989 itaque
741 917 801 970 tam
823 908 946 970 sollicite
968 909 1004 970 ll.
1022 911 1108 978 Cato,
1133 916 1164 982 at
1186 917 1230 970 est
1252 910 1329 989 apud
1344 909 1400 971 Pli-

81 1035 93 1072 e
115 1014 213 1082 arium,
237 1012 448 1075 cumtimuerit
462 1029 499 1072 ne
515 1013 631 1090 quando
648 1031 714 1072 cum
730 1029 782 1074 sua
798 1011 919 1073 mollitie
934 1029 1046 1091 suoque
1062 1011 1132 1075 luxu
1147 1014 1176 1073 in
1193 1011 1303 1074 ltaliam
1321 1013 1401 1074 inva-

114 1115 225 1176 derent
241 1114 343 1183 Graeci,
367 1116 431 1193 quis
446 1133 480 1174 er
498 1116 605 1175 nostris
620 1113 780 1174 maioribus
803 1115 884 1182 cavit,
908 1114 1029 1193 nequid
1046 1131 1174 1193 unquam
1191 1115 1314 1174 istorum
1330 1132 1399 1174 ven·

114 1217 240 1278 deretur
261 1217 290 1276 in
306 1217 460 1278 Germania
484 1217 756 1277 condimentorum?
778 1215 883 1276 Pereat
904 1217 1004 1294 piper,
1029 1222 1130 1294 pereat
1152 1233 1281 1286 crocum,
1304 1234 1339 1276 ac
1353 1233 1468 1284 seem.

112 1319 213 1380 ricum
236 1319 349 1396 pereat-l
372 1323 421 1378 aut
443 1319 554 1396 siquis
576 1316 652 1396 apud
675 1317 746 1378 alias
769 1325 870 1396 gentes
893 1319 1016 1392 istorum
1047 1334 1117 1378 usus
1146 1325 1204 1386 est,
1233 1316 1337 1392 saltem
1366 1335 1400 1379 aa
1461 1347 1464 1358 ,

113 1421 230 1481 nesciat
252 1420 314 1480 haeo
336 1420 430 1490 natio,
460 1426 511 1480 aut
538 1437 686 1498 nunqnam
715 1419 818 1480 rideat.
864 1417 1042 1480 nostratibus
1070 1437 1140 1480 aero
1168 1419 1243 1480 hanc
1271 1425 1398 1480 mentem

78 1522 201 1584 coirrdat
223 1520 355 1582 Christus
377 1523 504 1599 optimus
526 1523 684 1590 maximoe,
713 1527 746 1582 ut
768 1522 956 1600 antiquorum
979 1521 1015 1581 ad
1038 1539 1069 1582 se
1091 1528 1230 1582 revocent
1252 1521 1401 1600 frugalita-

102 1621 176 1685 'tem
199 1630 229 1686 et
251 1623 394 1684 maiorum
416 1641 447 1684 se
462 1625 647 1701 parsimonie
663 1622 861 1684 conforment!
884 1621 996 1694 Quanta
1012 1622 1101 1684 animi
1116 1623 1315 1701 magnitudine
1330 1623 1397 1684 bar·
1408 1635 1466 1685 §.ee

112 1725 207 1786 barus
222 1724 397 1788 Anacharsis
420 1726 505 1786 iactat
527 1727 591 1784 vitea
613 1726 792 1786 institutum:
816 1724 894 1786 ‘blihi
917 1722 1146 1803 pulpamentum'
1168 1726 1263 1804 inquit
1286 1725 1396 1794 tames,

114 1826 217 1888 cubile
246 1825 355 1894 solum;
393 1827 478 1886 vestis
506 1825 672 1906 Scytbicum
709 1826 844 1904 tegmen'.
888 1825 1011 1887 Elarinm
1040 1826 1212 1888 Aeschinem
1241 1827 1400 1889 abstemius

113 1929 333 1990 Demosthenes
356 1928 468 1988 civitate
491 1927 609 2006 expulit.
655 1927 792 1988 Socrates
814 1927 970 2007 aliquando
994 1945 1099 1988 exosus
1121 1945 1222 2006 genem
1244 1930 1358 1990 deditos

77 2054 104 2094 rs
285 2083 289 2092 .
383 2037 411 2089 et
434 2029 541 2108 quihus
564 2031 592 2090 in
615 2028 677 2089 solo
702 2029 813 2090 vivendi
837 2039 881 2090 est
902 2048 1003 2090 caussa
1027 2029 1139 2110 palato,

114 2131 210 2194 ‘blulti
233 2131 343 2192 idcirco
365 2140 398 2192 ut
419 2129 514 2191 edant'
537 2133 584 2198 ait,
610 2137 649 2192 ‘et
670 2130 771 2191 bibant
793 2132 905 2201 virunt,
934 2149 990 2210 ego
1011 2139 1042 2192 ut
1064 2131 1156 2194 viram
1180 2133 1234 2194 edo
1258 2140 1286 2192 et
1308 2131 1395 2192 bibo’.

113 2255 133 2294 o
158 2252 227 2296 rere
249 2235 408 2312 sapientem
433 2241 462 2292 et
483 2233 610 2316 dignum,
627 2232 767 2312 Apollinis
790 2233 1044 2294 commendatione
1066 2234 1176 2293 virum!
1206 2233 1395 2296 Memorabile
1407 2242 1464 2293 §.ct

114 2343 144 2398 et
166 2336 225 2396 hoc
247 2343 290 2396 est
312 2337 405 2398 Graeci
428 2342 531 2414 poetae,
995 2343 996 2348 ’

382 2437 497 2498 Ventris
519 2435 649 2498 habenas
672 2442 789 2515 oportet
810 2442 871 2496 tute
893 2453 990 2514 regam
1078 2487 1084 2498 .

74 2539 202 2610 aoQuid,
226 2537 274 2599 ille
290 2537 383 2615 qualis
398 2539 460 2607 init,
484 2557 574 2618 quem
593 2555 695 2599 omnes
717 2546 749 2598 ut
771 2535 965 2616 voluptarium
989 2538 1146 2608 incessunt,
1170 2537 1325 2616 Epicurus,
1349 2541 1398 2618 qui

113 2644 145 2702 in
170 2639 319 2718 voluptate
341 2631 438 2717 posuit
460 2658 607 2700 summum
628 2639 757 2700 honum?
788 2640 873 2701 Certe
895 2638 952 2699 hoc
975 2641 1110 2718 quicquid
1140 2645 1196 2710 est,
1227 2641 1399 2718 quod'tauti

115 2740 259 2811 iaciebat,
287 2741 411 2821 simplici
440 2743 523 2820 panis
546 2749 574 2802 et
597 2759 679 2821 aquae
700 2759 754 2802 usu
778 2748 914 2802 constare
937 2743 1060 2820 putavit,
1091 2749 1118 2801 et
1145 2743 1252 2801 victam
1274 2741 1399 2803 laudavit

115 2851 235 2905 tenuem
259 2861 293 2902 ac
315 2841 490 2921 parabilem;
521 2843 710 2924 scribensque
738 2845 772 2904 ad
803 2845 930 2936 amicum
953 2843 999 2903 ‘Et
1020 2843 1109 2904 mittc'
1132 2845 1226 2921 inquit
1248 2843 1328 2904 ‘mihi
1351 2862 1397 2903 ca·

112 2947 158 3007 sei
182 2943 303 3007 Cithridi
326 2943 491 3023 paululum,
520 2952 553 3005 ut
583 2965 649 3006 carm
673 2944 786 3024 epulari
808 2945 963 3026 pretiosius
985 2944 1120 3014 volucro,
1150 2945 1277 3024 possim'.
1322 2947 1398 3006 Ana·

74 3168 102 3207 aa
114 3150 141 3202 ir
159 3147 293 3212 presumit
312 3160 377 3213 moe,
396 3149 442 3212 Det
460 3161 507 3202 aaa
525 3149 623 3213 arctini
642 3155 679 3213 hrt
697 3149 777 3201 meten
795 3149 917 3211 euberti,
934 3157 974 3202 mr
992 3154 1032 3214 hot
1051 3162 1098 3201 aas
1116 3149 1156 3202 rio
1174 3149 1262 3214 [athen
1279 3142 1343 3213 ttiut)
1358 3155 1466 3204 aercae.

112 3233 286 3298 {alternante
321 3229 405 3296 Plrib
422 3234 463 3298 ach
481 3231 532 3298 enh
549 3232 666 3297 tlhrittiu
686 3234 752 3298 citro
776 3227 828 3298 liri,
849 3240 895 3285 aas
915 3233 959 3296 [ida
979 3233 1018 3286 cie
1040 3234 1116 3296 iunci
1140 3234 1195 3298 aab
1219 3233 1467 3298 lanceationem.

114 3319 184 3370 tetro
202 3319 273 3382 citari
291 3311 325 3371 ori
344 3317 456 3383 [tropen.
478 3324 504 3382 aa
528 3319 574 3370 icit
597 3318 661 3383 [etot
682 3319 726 3371 mie
743 3319 907 3382 himaldum
922 3320 946 3369 θ’
964 3315 1099 3380 &etherii
1117 3317 1157 3370 rin
1175 3315 1275 3370 atandri
1293 3331 1352 3370 anca
1367 3311 1464 3382 abaco.

114 3489 187 3538 Sunt
205 3503 270 3538 vero
289 3488 387 3538 Esseni
410 3493 541 3552 perpetuo
565 3488 735 3548 ieiunantes,
763 3501 814 3536 nec
838 3499 965 3549 umquam
989 3501 1072 3536 carne
1096 3489 1145 3536 aut
1168 3485 1231 3536 rinc
1255 3491 1363 3536 utentes
1382 3501 1399 3536 a

113 3573 233 3624 Philone
262 3573 364 3623 litteris
391 3572 581 3622 commendati.
621 3571 735 3620 Minime
765 3576 858 3620 tamen
880 3569 1061 3633 Hieronymus
1089 3569 1240 3634 culpandus
1269 3575 1324 3632 eat,
1353 3571 1399 3634 qui

114 3673 172 3709 non
190 3673 224 3708 ex
241 3656 358 3722 Iosephe
376 3656 436 3706 hoec
455 3657 551 3718 tradit,
576 3656 623 3706 scd
643 3671 676 3706 cx
693 3655 855 3721 Porphyris,
881 3669 897 3702 a
915 3669 967 3718 quo
985 3653 1071 3704 multa
1090 3669 1122 3703 ex
1141 3669 1173 3704 eo
1191 3653 1262 3705 libro
1280 3656 1316 3704 ll.
1336 3671 1398 3706 cou-

112 3749 159 3793 tra
177 3743 311 3807 Apionem
334 3741 481 3792 laudantur
505 3756 565 3805 quea
589 3739 669 3790 hodia
692 3755 747 3790 non
768 3739 952 3789 inveniuntur.
989 3738 1057 3788 Vide
1081 3738 1179 3788 librum
1203 3739 1237 3788 de
1260 3739 1400 3790 abstinen-

114 3829 157 3878 tia
177 3826 223 3876 lv.
239 3824 382 3876 11.12.13.'
454 3824 462 3857 ¹
485 3825 586 3890 quetid.
605 3828 646 3876 10.
714 3823 947 3874 ²Pharisaeorum
964 3825 988 3872 8.
998 3825 1037 3872 10.
1100 3819 1228 3901 ‘ltaque
1251 3821 1312 3890 ete]
1337 3825 1356 3876 i.
1375 3839 1398 3874 e.

114 3911 315 3976 (latoquidam
334 3909 417 3975 (apud
429 3911 577 3982 Romanoa)
595 3908 713 3960 sollicite
732 3910 830 3968 timuit,
849 3923 883 3958 ue
903 3907 1010 3973 qnando
1027 3914 1085 3968 ete,
1103 3909 1153 3958 sed
1170 3910 1230 3973 quis
1248 3913 1399 3960 nostrorum
1471 3937 1475 3946 ·

114 3997 248 4048 maiorum
268 3996 459 4046 caritneete.
499 3991 596 4059 ¹Plin]
618 3995 653 4043 ll.
666 3995 698 4044 N.
711 3995 810 4044 XXIX.
826 3993 876 4055 l‚a.
890 4007 947 4057 sqq.
994 3993 1023 4027 hl
1040 3993 1212 4044 rioendcretur
1224 3997 1248 4044 1.
1295 3992 1399 4044 flaua-

113 4082 243 4131 edareidc'o
261 4083 369 4143 epistole
387 4083 422 4130 ad
433 4081 582 4130 Hannonem
599 4080 654 4130 hac
671 4095 713 4143 ap.
729 4079 780 4128 Cic.
799 4079 870 4128 llaec.
884 4080 950 4142 disp.
968 4079 999 4128 V.
1014 4082 1098 4136 329⁰.
1110 4080 1214 4142 lepitnr:
1232 4078 1320 4139 „Mihi
1332 4080 1399 4128 ami-

115 4165 176 4218 ctui
194 4169 237 4214 eat
254 4163 411 4226 Scythicum
430 4169 571 4229 tegumen,
591 4163 802 4214 calciamentum
820 4164 938 4214 solorum
957 4162 1069 4220 callum,
1089 4163 1179 4214 cubile
1197 4169 1283 4224 terra,
1303 4163 1398 4229 pulpa-

114 4255 238 4300 mentum
256 4249 356 4310 famem
375 4250 463 4309 laete,
483 4263 578 4314 caseo,
599 4263 680 4298 carne
699 4263 796 4298 vescor
815 4248 863 4299 ...”
916 4247 938 4280 ¹⁸
954 4245 1094 4313 Acachia]
1114 4247 1156 4298 Cf.
1170 4247 1331 4298 Philostrati
1348 4249 1398 4301 rit.

114 4334 238 4400 Sopbist.
251 4334 275 4384 1.
290 4331 329 4383 18.
381 4334 526 4388 Aescinem
546 4337 570 4384 3.
624 4331 644 4364 ¹⁹
662 4331 747 4398 Scan]
767 4333 849 4399 Dicg.
861 4336 954 4385 Laert.
967 4334 1003 4384 Η.
1017 4333 1057 4383 34.
1072 4338 1099 4382 et
1117 4332 1152 4382 ad
1170 4332 1195 4382 h.
1209 4331 1227 4382 l.
1241 4348 1258 4382 a
1269 4332 1399 4398 Menagio

118 4419 178 4471 citt.
193 4417 332 4468 Plutarch.
348 4424 375 4468 et
388 4418 488 4468 Athen.
535 4415 556 4448 ¹⁵
575 4418 688 4469 Iuvenal
707 4423 759 4468 sat.
772 4418 820 4468 XI.
837 4417 874 4468 ll.
886 4402 982 4468 oeream
999 4419 1063 4468 hunc
1080 4433 1134 4470 aare
1151 4419 1210 4470 edd.
1224 4433 1274 4468 aon
1286 4421 1398 4469 cahaad-

114 4510 255 4556 aerterunt,
274 4503 463 4568 marsapalato
478 4501 592 4552 estlear.
639 4499 679 4567 in]
690 4503 745 4552 iam
756 4505 796 4551 10.
844 4505 964 4552 causat.
1001 4500 1021 4534 ¹⁸
1034 4503 1123 4552 Gracci
1135 4499 1219 4568 poet]
1233 4501 1359 4552 Clrnretia
1370 4503 1399 4552 in

118 4588 195 4642 Stob.
210 4587 286 4640 floril.
300 4588 386 4638 XVll.
399 4587 423 4638 3.
444 4579 570 4651 Poeorobc
583 4579 615 4637 Ab
627 4585 715 4649 neraei
726 4585 821 4637 πᾶσαν
832 4576 918 4651 ἡνίαν
929 4591 1057 4651 κρατεῖν·
1076 4589 1133 4640 act.
1179 4585 1202 4620 ‘⁰
1214 4583 1303 4653 Epio]
1317 4587 1397 4651 Diog.

118 4677 216 4726 Lacrt.
230 4673 264 4722 X.
280 4671 319 4720 ll.
375 4669 395 4703 ²¹
415 4673 494 4737 posui
507 4674 532 4722 3.
588 4669 611 4704 ¹⁴
629 4671 745 4720 Cithridi
761 4687 852 4738 opines.
871 4667 1224 4735 audorde'ovDiogAEaert.
1239 4672 1398 4736 ctMenag.
1476 4700 1477 4710 ,
1565 4669 1568 4676 '

122 4759 158 4809 ad
176 4757 235 4807 h.l.
284 4757 389 4821 ptiosus
407 4760 432 4806 2.
483 4753 536 4788 Μ
553 4739 721 4822 Αὴαιαςοτ.]
740 4757 825 4806 Immo
843 4755 1005 4820 Antiphonti
1022 4755 1091 4806 dicit
1107 4755 1236 4807 Socrates
1254 4755 1325 4820 apud
1342 4755 1398 4805 Xe-
