3464 5526
251 407 378 446 nunnus
396 405 427 443 1¹
445 405 590 444 tunicavit
607 405 887 442 Wllt'rsslll'nflfllldlldl
905 405 1007 442 onusto
1026 407 1046 442 1.
1065 407 1131 442 RM-
1146 406 1171 444 Δ.
1185 399 1244 442 1515.
1344 376 1385 450 11

105 571 218 631 tamem
251 559 434 622 mirabantur
456 577 575 630 omnes,
605 576 692 624 nemo
714 563 785 622 satis
807 559 998 638 agnoscebam
1029 567 1108 622 totns
1133 563 1210 624 enim
1233 570 1297 624 erat
1317 561 1390 626 alius

105 679 192 743 quam
214 664 329 732 luerat;
353 665 448 724 omnia
470 663 586 741 stupide
608 662 723 726 dicebat
737 660 925 732 ac'laciebat;
949 669 992 732 et,
1016 681 1053 723 ne
1069 662 1170 744 plura,
1192 665 1328 726 omuibus
1343 665 1389 726 in·

22 831 23 840 ,
106 782 203 828 saesus
227 765 314 826 iuriis
336 781 452 828 omnem
475 771 762 835 mentem,omnem
782 767 928 828 rationem
949 765 1094 826 amiserat.
1138 765 1220 827 'lacti
1247 785 1282 828 eo
1305 757 1457 835 mon-§.m

107 875 164 927 stro
188 866 387 950 qui,aderant
408 866 494 928 Suevi
515 868 630 946 equites
651 867 730 928 allud
753 867 800 929 alii
822 866 1040 930 coniectabant:
1071 866 1244 946 quibusdam
1269 868 1390 930 morbus

92 967 278 1038 oculebatur,
302 987 369 1030 curo
391 968 451 1030 viso
474 977 628 1030 cruentato
650 971 779 1047 primum
801 987 892 1049 equo,
921 967 1026 1032 deinde
1055 987 1180 1048 corpore
1208 987 1325 1050 quoqne
1347 972 1390 1031 in·

108 1073 244 1149 terempti
266 1077 386 1150 reperto
408 1071 522 1149 cognita
544 1089 593 1154 res
614 1072 725 1147 ingenti
747 1088 850 1132 omnes
871 1071 1001 1140 tristitia,
1025 1069 1132 1132 multos
1148 1072 1345 1152 indignatione
1363 1080 1392 1134 et

108 1176 164 1240 ira,
189 1171 337 1252 quosdam
359 1172 461 1240 etiam,
485 1171 593 1252 quibus
614 1170 813 1234 arctior⁴cum
835 1173 940 1234 iuvene
963 1172 1143 1235 consuetudo
1166 1173 1275 1246 luerat,
1303 1175 1389 1236 ultio·

108 1275 149 1336 uls
171 1273 273 1336 undio
293 1273 407 1336 adiecit.
442 1275 536 1336 Porro
553 1281 599 1344 tu,
623 1273 863 1353 Brunsvigiorum
883 1274 956 1345 dux,
979 1275 1023 1336 Pii
1040 1274 1459 1356 appellationenaaccipesra,

108 1377 238 1438 omniurn
262 1393 423 1461 consensu,
450 1382 501 1436 tuo
523 1377 799 1467 marinroomerito:
829 1375 980 1438 ostendisti
1008 1377 1086 1438 enim
1113 1376 1162 1438 illo
1184 1383 1318 1458 tempore
1340 1382 1398 1466 qni

83 1480 160 1546 rasis,
185 1496 244 1540 nec
267 1497 354 1558 quem
376 1477 406 1540 in
428 1478 499 1548 vita,
523 1486 556 1540 ut
576 1477 647 1540 boni
669 1495 787 1548 omues,
810 1495 975 1548 amaveras,
996 1479 1028 1538 in
1048 1483 1147 1539 morte'
1166 1497 1283 1558 quoque
1298 1479 1389 1542 volui·

108 1582 139 1642 sti
162 1581 322 1650 descrere;
350 1577 494 1642 sustulisti
513 1580 658 1641 interiecti
680 1597 788 1658 corpus
816 1587 845 1642 et
870 1579 1057 1659 lachrymans
1083 1579 1241 1658 sepulturas
1270 1582 1389 1646 manda-

108 1683 156 1750 sti;
178 1681 263 1744 bunc
285 1688 427 1761 praeterea
448 1681 665 1753 Ludovichum,
688 1683 737 1762 qui
752 1661 873 1744 tratrem
893 1679 1079 1760 expectabat,
1103 1684 1254 1752 monuisti,
1278 1703 1337 1763 quo
1351 1703 1389 1748 uc

109 1785 218 1863 etipse
242 1791 393 1862 pateretur
416 1782 539 1863 aliquid,
563 1785 717 1862 repentino
732 1781 813 1844 abitu
826 1781 910 1856 saluti
925 1800 985 1844 suaa
1000 1781 1174 1844 consuleret.
1206 1803 1293 1864 quam
1308 1794 1389 1848 tuam

109 1885 266 1948 boniutem
289 1887 355 1964 quis
376 1885 464 1964 digne
485 1903 615 1965 unquam
636 1884 813 1966 potaverat
841 1893 891 1948 aut
909 1903 983 1964 ‘qua
1005 1885 1160 1962 posteritas
1181 1889 1286 1949 merito
1309 1905 1407 1950 com.

84 1987 264 2068 taurendabit¹
280 1987 455 2074 praeconiol·
476 1986 520 2048 Tn
543 2005 612 2049 vere
633 1981 703 2049 Plus
725 2004 756 2048 cs
778 1994 807 2050 et
828 1986 894 2048 dici·
907 1987 1031 2060 mereris
1052 2005 1111 2048 non
1133 1988 1280 2068 indignius
1302 1995 1458 2068 quamtis.
1561 2043 1565 2058 ,

109 2089 152 2151 ille
173 2087 361 2169 Vergilianus
382 2091 433 2168 qui
453 2071 568 2168 patrem
590 2088 721 2152 humeris
742 2090 814 2150 lert:
837 2107 905 2150 nam
928 2097 957 2150 et
974 2090 1148 2150 tumaxime
1163 2089 1309 2168 periculo,
1332 2093 1392 2168 (cni

110 2193 181 2254 enim
204 2190 372 2272 periculum
393 2209 452 2252 uon
475 2197 538 2255 erat
559 2189 615 2252 tale
637 2189 745 2270 aliquid
772 2191 885 2260 lacere,
913 2198 1067 2270 postquam
1097 2190 1145 2252 ille
1173 2191 1262 2254 semel
1291 2195 1392 2256 lurere
1419 2257 1422 2264 ,

109 2295 271 2374 caepissetlJ
294 2295 436 2361 maximo,
459 2293 592 2372 inquam,
619 2300 671 2352 tuo
693 2291 825 2372 periculo
852 2293 883 2354 in
904 2311 997 2371 regno
1018 2293 1166 2355 saevissimi
1188 2294 1316 2375 Tyranni
1338 2295 1391 2359 bo·

110 2398 151 2456 nis
171 2395 311 2458 omnibus
332 2395 443 2464 inlesti,
465 2395 542 2456 intra
564 2393 729 2456 horrendos
749 2393 920 2456 insidiarum
938 2393 1057 2466 limites,
1080 2397 1109 2456 in
1132 2395 1195 2474 ipso
1218 2397 1304 2458 buius
1327 2415 1390 2458 car·

81 2500 232 2560 andrina
253 2497 336 2566 loco.
359 2505 418 2558 mm
440 2498 523 2576 prius
544 2495 786 2574 pelimescendis
807 2495 989 2561 facinoribus
1008 2498 1151 2567 monitus,
1174 2506 1233 2560 taur
1255 2498 1319 2562 diro
1341 2517 1391 2562 ex-

111 2601 204 2680 emplo
221 2601 335 2663 cautior
349 2600 452 2670 lactus,
475 2615 513 2660 ne
535 2605 646 2660 temere
662 2598 726 2676 pius
742 2616 837 2668 esses,
861 2597 936 2660 nihil.
947 2599 1083 2668 territus,
1106 2605 1206 2688 aperte
1224 2607 1253 2662 et
1271 2621 1306 2664 ex
1322 2620 1392 2663 con-

110 2703 184 2767 lesso
206 2702 307 2764 audes.
352 2701 391 2763 dii
418 2707 447 2763 te
467 2707 601 2772 servent,
629 2699 695 2770 Pie,
717 2719 751 2760 ac
773 2701 878 2771 faxint,
897 2701 1010 2780 nequid
1031 2717 1159 2781 unquam
1177 2710 1227 2764 tua
1241 2703 1391 2782 indiguum

111 2803 239 2868 bonitate
259 2805 347 2868 ieras.
390 2803 442 2864 sed
471 2810 536 2865 tuas
557 2801 660 2864 laudes
681 2803 710 2862 in
732 2801 811 2866 aliud
833 2810 948 2881 tempus
974 2821 1109 2873 reservo,
1137 2822 1215 2866 nunc
1243 2815 1312 2868 cubi
1335 2823 1390 2868 uo·

111 2909 177 2968 stris
198 2907 373 2988 lachrymis,
396 2895 498 2968 nostro
520 2904 623 2966 dolore
643 2921 759 2968 maneo.
803 2903 852 2964 Sic
874 2905 1055 2976 coniectum,
1078 2908 1121 2968 sic
1142 2905 1303 2969 laceratum
1326 2916 1462 2970 cor-tu.

82 3023 165 3087 opus
185 3007 374 3088 poscentibus
395 3007 496 3078 nobis,
519 3013 552 3068 ut
573 3007 666 3084 patrio
688 3004 846 3084 sepulchro
867 3023 1128 3085 componeremus,
1151 3016 1288 3086 negatum
1304 3017 1349 3071 att
1365 3017 1395 3072 et

112 3112 203 3172 reiodi
226 3113 362 3182 vetitum,
386 3128 444 3189 quo
467 3127 504 3170 ne
526 3115 644 3174 mortuo
667 3107 784 3187 quidem
807 3109 985 3179 frueremur,
1009 3117 1039 3170 et
1059 3109 1136 3174 illius
1151 3113 1238 3174 toties
1254 3112 1393 3184 confossi,

111 3215 194 3274 toties
216 3213 483 3294 peremptimanes
505 3210 561 3272 boc
584 3211 671 3278 etiam
694 3217 828 3272 carerent
849 3197 968 3286 solatio,
992 3213 1067 3272 utin
1083 3215 1175 3290 patria
1191 3214 1393 3292 quiescerent;

110 3323 211 3377 watra
234 3333 304 3378 vero
326 3315 414 3376 morti
437 3311 646 3376 crudelissimae
668 3312 731 3372 baec
753 3312 911 3374 adderetur
938 3312 1098 3383 acerbitas,
1128 3321 1159 3374 ut
1180 3314 1220 3376 ibi
1242 3322 1393 3394 putresce-

111 3425 157 3486 ret
178 3435 299 3497 corpus.
323 3415 375 3479 ubl
397 3415 509 3478 inlaesa
532 3422 560 3476 et
581 3414 735 3494 implacata
757 3415 853 3476 omnia
869 3421 1022 3492 expertum
1042 3421 1127 3478 esset.
1168 3414 1231 3486 Qua
1245 3415 1322 3478 nitra
1338 3419 1461 3480 ian-§.tt
1492 3483 1496 3490 ,

83 3522 218 3598 ”pietate
239 3537 298 3580 non
320 3519 378 3578 ianr
401 3517 469 3597 quid
493 3517 663 3587 Germania,
686 3515 739 3578 sed
759 3516 828 3596 quid
851 3515 910 3578 ulla
932 3533 1056 3596 usquam
1078 3517 1156 3578 natio
1178 3517 1277 3580 tulerit
1296 3519 1392 3580 immi·

113 3623 169 3682 tius
190 3621 380 3700 asperiusque
402 3637 461 3680 non
484 3620 630 3697 comperi,
657 3636 713 3680 nec
735 3618 804 3697 quid
826 3619 958 3696 priorum
980 3625 1146 3698 temporum
1175 3619 1303 3681 historie
1325 3637 1395 3682 cou-

114 3725 222 3784 tincant
235 3722 332 3784 rideo:
356 3739 447 3783 curru
463 3720 568 3799 aliquis
583 3720 729 3798 perempti
744 3737 852 3798 corpus
866 3720 1038 3800 resupinum
1053 3721 1154 3790 traxit,
1170 3724 1280 3800 petenti
1297 3729 1396 3786 umen

113 3825 189 3904 patri
209 3832 237 3886 et
258 3827 285 3887 ei
307 3823 429 3904 quidem
450 3823 527 3884 busti
549 3819 691 3890 reddidll;
714 3821 762 3882 bio
784 3821 971 3898 inexorabilis
993 3821 1139 3886 homicida
1158 3825 1237 3904 omui
1252 3841 1322 3884 saxo
1341 3823 1395 3886 du·

114 3928 189 3998 rior,
222 3927 301 3988 omni
328 3925 481 3986 adiurante
510 3921 773 4010 impenetrabilior,
803 3923 840 3984 ad
861 3922 957 3986 nullas
979 3941 1098 4002 preces,
1128 3922 1240 3986 nullum
1270 3926 1395 4004 pretium

85 4028 367 4098 amndescendens,
391 4045 459 4089 eum
482 4033 597 4105 patrem
617 4043 676 4104 quo
699 4025 728 4085 in
751 4026 831 4086 omui
852 4027 909 4086 vita
925 4026 1034 4094 amico,
1057 4026 1087 4086 in
1100 4028 1223 4100 summis
1241 4028 1300 4088 suis
1319 4030 1396 4112 peri·¹

73 4154 94 4191 e
115 4127 187 4190 culis
206 4129 362 4191 liberatore
384 4147 419 4190 ac
441 4133 648 4190 conservatore
670 4143 755 4194 usus,
785 4127 832 4186 cui
860 4127 994 4188 maximis
1022 4129 1150 4208 acceptis
1171 4128 1321 4192 benefieiis
1343 4129 1396 4192 ob·

115 4231 216 4294 noxias
236 4239 327 4300 esset,
351 4231 387 4292 ad
409 4231 498 4292 lunus
520 4247 555 4292 ac
576 4227 757 4309 sepulturam
781 4227 844 4290 eius
865 4227 932 4298 tilii,
962 4229 992 4289 in
1021 4230 1104 4293 cuius
1132 4231 1194 4309 ipss
1215 4228 1396 4294 laceratione

115 4332 240 4394 animum
261 4333 345 4413 prius
366 4333 499 4394 satiasset
521 4339 550 4392 et
572 4331 673 4392 oeulos
696 4329 836 4409 pavisset,
859 4348 920 4390 non
942 4331 1081 4402 admittit,
1111 4339 1140 4393 et
1161 4331 1198 4394 ab
1221 4333 1323 4395 ultimo
1346 4353 1395 4394 ex·

181 4551 194 4586 ³
208 4555 245 4617 58.
258 4555 300 4606 tt.
313 4550 385 4620 sqq]
405 4553 448 4604 Gi.
461 4550 516 4604 vol.
530 4552 553 4609 1.
565 4568 593 4618 p.
605 4549 646 4601 98.
711 4549 721 4582 ⁸
738 4551 853 4600 Brunsv.
866 4547 931 4617 dux]
951 4551 1097 4604 Hauricue.
1117 4551 1153 4602 el.
1167 4553 1221 4604 vol.
1235 4554 1255 4604 Ι.
1274 4569 1299 4618 p.
1313 4550 1355 4603 80.
1368 4568 1394 4603 v.

118 4637 154 4688 18.
208 4639 228 4672 ¹⁸
244 4639 357 4691 Aeneid.
372 4636 479 4689 11107.
492 4653 550 4702 sqq.
603 4633 624 4668 ²¹
645 4649 720 4686 ceses
738 4650 807 4684 corr.
821 4636 858 4707 11.
877 4635 916 4686 sis
935 4639 958 4688 1.
1012 4635 1034 4668 ³¹
1053 4635 1213 4703 encausto]
1232 4643 1397 4701 perumopto

116 4727 213 4776 uidetur
227 4727 280 4776 drea
297 4741 332 4777 ecc
350 4725 433 4773 ultimo
452 4721 544 4773 Iliadis
562 4723 694 4786 deorampta
711 4723 870 4784 conparatio.
