3434 5512
341 418 412 488 300
434 449 533 482 naonis
547 449 587 482 au.
603 451 628 485 x.
642 449 678 484 so
691 449 904 489 usmmuusvu
917 453 975 490 rur.
990 449 1166 493 rrrsrvus'o.
1179 455 1261 494 sorra
1274 460 1301 493 n.
1314 455 1335 494 o.
1349 459 1412 495 usn
1425 462 1451 498 ι.
1467 455 1520 496 tris.

338 601 472 651 voluimus
490 617 538 652 noe
557 617 661 668 quoque
681 604 709 653 in
727 606 778 655 boc
796 619 869 656 nuno
886 621 997 658 munere
1016 613 1136 658 nostrum
1155 610 1280 662 exaltare
1300 619 1327 662 et
1349 614 1458 665 virtutis
1479 619 1529 666 uua
1548 616 1606 666 iudi·

337 687 410 736 cium
428 690 457 735 et
474 687 595 752 egregiae
614 688 644 736 in
661 688 741 738 fidem
761 688 864 740 Christi
882 691 1034 742 voluntatis
1052 693 1249 756 testimonium,
1275 709 1356 761 quum
1378 699 1524 762 prasertim
1545 699 1607 749 nullo

336 785 455 834 unquam
474 775 594 836 tempore
617 772 717 822 iustius
739 787 821 838 quam
842 775 908 837 hoc,
932 789 985 840 quo
1003 776 1163 829 Christiana
1185 779 1343 846 respublica
1366 782 1458 848 impiis
1480 784 1610 834 conatibus

337 853 585 906 crudelissimorum
603 856 721 908 hostium
738 859 768 907 in
786 859 933 910 discrimen
951 865 1052 912 vocata
1069 866 1145 912 tuam
1156 863 1290 928 pietatem
1302 863 1525 932 sapientiamque,
1543 871 1631 917 tuam·

337 942 533 991 auctoritatem
556 935 695 1006 animique
719 944 937 1008 magnitudinem
958 947 1077 1015 maxime
1102 948 1229 1011 requirit,
1253 947 1408 1000 huiusmodi
1433 956 1526 1002 sancta
1541 966 1612 1000 arma
1694 1003 1695 1018 χ

336 1024 479 1074 Maiestati
503 1028 558 1074 tuse
581 1025 647 1074 data
670 1025 775 1076 fuerint
798 1043 831 1077 ac
855 1027 966 1079 donata·
1003 1030 1044 1080 Ae
1067 1045 1175 1096 semper
1197 1032 1306 1097 quidem
1329 1038 1356 1084 te
1380 1038 1432 1099 pro'
1446 1035 1611 1101 amplitudine

337 1109 513 1158 auctoritatis
530 1112 585 1159 tua
604 1111 760 1160 accinctum
779 1111 872 1177 gladio
891 1125 953 1162 esse
971 1111 1065 1163 decuit
1083 1129 1165 1179 super
1183 1117 1272 1166 lemur
1289 1123 1377 1180 tuum,
1397 1123 1428 1168 ut
1445 1133 1518 1169 esses
1534 1135 1611 1184 prom·
1694 1171 1695 1176 ,

335 1198 398 1260 ptus
417 1209 450 1243 ac
469 1199 583 1260 paratus
601 1197 659 1244 tum
677 1210 804 1244 coercere
823 1193 975 1259 improbos,
993 1203 1050 1248 tum
1068 1199 1148 1249 bonis
1165 1201 1294 1265 praesidio
1313 1217 1390 1265 esse,
1409 1207 1439 1252 ut
1451 1209 1523 1253 asset
1534 1204 1560 1252 in
1571 1207 1612 1251 tna

335 1279 566 1345 praestantissima
583 1277 717 1343 dignitate
737 1283 765 1330 et
784 1279 872 1330 tutela
884 1281 1019 1345 aequitati,
1039 1287 1068 1332 ct
1079 1283 1187 1334 iniurire
1200 1299 1282 1350 poena
1295 1287 1453 1354 constituta.
1488 1285 1539 1338 Sed
1550 1301 1612 1336 nnnc

336 1379 389 1414 nen
407 1367 465 1413 tam
483 1380 516 1413 eo
535 1363 690 1414 accinctum
710 1377 770 1414 esse
790 1379 871 1428 quam
889 1380 950 1416 eum
974 1365 1102 1433 distringi
1125 1371 1181 1418 iam
1205 1373 1233 1418 et
1256 1369 1358 1420 vibrari
1383 1377 1491 1436 oportet
1513 1371 1614 1426 dexteru

336 1454 390 1502 rue
409 1448 554 1515 potentimr
579 1463 639 1512 qum
659 1448 732 1498 enim
750 1463 804 1499 nen
823 1449 901 1500 modo
920 1465 1020 1514 causa,
1045 1468 1137 1504 verum
1161 1453 1245 1504 etiam
1268 1455 1379 1506 occasio
1397 1456 1483 1508 maior
1501 1471 1557 1506 esse
1573 1471 1612 1520 po

336 1537 403 1596 test,
423 1547 504 1598 quam
523 1547 557 1582 ea
576 1546 630 1596 qua
647 1545 769 1582 noanon
787 1523 816 1582 in
834 1535 988 1586 mediocres
1007 1540 1055 1588 sut
1073 1537 1106 1586 de
1124 1537 1273 1602 longinquo
1296 1543 1397 1602 metus,
1422 1541 1472 1591 sed
1494 1541 1522 1590 in
1539 1539 1613 1590 maxi·

336 1631 408 1669 mum
427 1623 455 1669 et
472 1619 594 1682 prae'sens
610 1617 764 1682 periculum
782 1634 920 1682 vocemur,
939 1636 993 1671 nou
1006 1621 1085 1674 modo
1097 1623 1245 1688 dignitatis
1257 1628 1368 1685 uostrae,
1387 1624 1533 1675 sedetiam
1549 1623 1609 1674 salu·
1694 1669 1695 1698 ,

336 1704 372 1752 tis
386 1702 552 1764 amittendae,
566 1702 620 1752 nisi
633 1701 813 1753 concordibus
826 1705 926 1754 animis
938 1706 1097 1771 Principum
1109 1711 1210 1772 tuoque
1223 1709 1348 1772 inprimis
1362 1708 1520 1760 Christiana
1530 1721 1610 1774 respu-

337 1787 413 1838 blica
430 1787 517 1836 fuerit
534 1785 605 1838 fulta
623 1786 763 1852 praesidio.
798 1788 858 1840 Nec
874 1801 941 1852 pero
959 1803 1009 1840 nos
1027 1793 1217 1842 vehementius
1234 1791 1413 1847 Maiestatem
1431 1798 1506 1844 tuam
1523 1792 1610 1843 autad

336 1874 389 1924 hoe
407 1871 648 1938 praeclarissimum
667 1887 734 1937 opus
753 1874 936 1939 suscipiendae
955 1875 984 1926 in
1002 1875 1084 1926 iidem
1102 1876 1316 1941 tuampnblieae
1335 1877 1435 1929 salutis
1451 1877 1550 1928 hortati
1566 1876 1609 1925 ini·

335 1972 395 2008 mus
413 1963 462 2008 aut
479 1956 523 2007 illi
540 1960 647 2006 tautam
666 1956 783 2022 gloriam
806 1963 947 2009 tantumve
970 1975 1070 2010 nomeu
1093 1961 1260 2026 optavimus,
1286 1977 1366 2026 quam
1390 1963 1452 2027 ipsa
1474 1978 1526 2030 non
1542 1960 1608 2010 nobis

336 2043 435 2102 solum,
460 2041 508 2092 sed
531 2047 629 2092 cuncto
653 2041 714 2093 orbi
733 2041 891 2093 Christiano
914 2059 991 2094 suam
1015 2059 1140 2109 operam,
1164 2045 1259 2106 fidem,
1285 2047 1414 2097 auxillum
1434 2051 1463 2096 et
1480 2046 1571 2097 litteris
1587 2051 1609 2093 et

336 2128 443 2179 nunciis
465 2126 644 2177 iamdudum
666 2126 793 2192 pollicita
816 2133 867 2178 eet.
903 2129 1007 2190 Quibus
1034 2129 1143 2194 quidem
1167 2131 1221 2180 tuis
1246 2131 1472 2195 promissionibus
1494 2145 1567 2196 quan
1584 2129 1607 2178 in

335 2228 412 2278 spem
431 2215 459 2262 et
476 2213 701 2280 expectationem
725 2212 759 2262 ab
783 2213 909 2262 omnibus
931 2219 1042 2264 ventum
1065 2214 1113 2275 sit,
1139 2221 1244 2279 quantu
1267 2213 1401 2266 alacritas
1424 2217 1566 2267 animorum
1585 2213 1606 2262 iu

335 2298 455 2348 omnium
473 2296 594 2348 fidelium
612 2297 740 2348 cordibus
758 2297 842 2346 inerit
860 2297 1023 2360 conciliata,
1043 2299 1163 2350 libenter
1174 2299 1365 2362 scriberemus,
1383 2301 1440 2350 nisi
1451 2301 1606 2352 Maiestatem

335 2371 410 2432 tuum
428 2380 497 2431 nihil
516 2381 604 2431 latere
623 2381 776 2431 fideremus.
802 2383 904 2450 ‘Quare
929 2398 990 2432 cum
1014 2386 1053 2432 ita
1076 2399 1120 2434 res
1145 2399 1174 2434 se
1197 2383 1318 2447 habeat,
1342 2371 1412 2450 cape
1437 2401 1512 2436 arma
1532 2397 1604 2442 manu,

335 2466 467 2532 Princeps
485 2465 648 2528 fortissime,
668 2471 696 2516 et
715 2467 788 2516 socri
807 2465 905 2531 gladii,
927 2481 1006 2532 quem
1025 2468 1075 2518 tibi
1093 2469 1238 2527 mittimus,
1258 2469 1347 2519 eciem
1366 2469 1496 2530 adversus
1506 2470 1554 2519 Dei
1568 2467 1604 2516 ho·

335 2555 393 2602 stes
411 2557 492 2617 atque
511 2557 572 2601 tuos
592 2565 704 2613 exerce3
729 2566 847 2616 appara,
873 2551 926 2600 dux
944 2552 1011 2602 belli
1030 2554 1210 2615 sanctissimi,
1236 2553 1365 2604 defensor
1389 2555 1509 2620 gentium
1529 2561 1603 2603 teron

334 2639 424 2687 Deum
442 2636 604 2699 colentium,
627 2637 701 2687 ultor
719 2635 910 2686 barbarorum:
936 2637 1033 2702 quibus
1059 2639 1131 2687 enim
1149 2638 1238 2688 titulis
1256 2639 1415 2690 honoratior
1438 2643 1485 2689 snt
1506 2653 1552 2703 qno
1566 2649 1602 2701 ge·

335 2737 400 2772 nere
420 2738 493 2772 curre
511 2727 594 2786 utque
611 2721 716 2771 laboris
734 2720 866 2770 illustrior
883 2737 944 2771 esse
963 2727 1041 2786 potes
1061 2737 1142 2787 quem
1155 2723 1179 2772 si
1191 2723 1343 2788 Augustam
1355 2725 1437 2772 istam
1450 2723 1601 2788 dignitatem,

336 2824 390 2872 qua
408 2808 508 2873 polles,
533 2822 567 2856 ac
585 2805 753 2870 singularem
771 2805 914 2868 virtutem,
940 2822 994 2871 qua
1017 2807 1149 2872 praeditus
1168 2823 1210 2868 es,
1234 2809 1263 2857 in
1282 2807 1324 2858 his
1342 2807 1424 2858 rebus
1444 2805 1602 2858 collocaveris

335 2907 396 2957 qum
414 2893 531 2941 maxime
551 2895 579 2941 et
592 2887 730 2941 Catholici
748 2891 925 2955 Imperatoris
943 2891 1077 2956 pietatem
1095 2892 1247 2958 postulant,
1269 2896 1297 2942 et
1308 2893 1526 2964 praestantissimi
1541 2889 1602 2939 ducis

334 2977 482 3027 virtutem?
500 2977 555 3026 Nos
573 2976 682 3040 quidem
700 2975 771 3040 quod
788 2975 875 3024 officii
894 2976 978 3025 nostri
998 2981 1026 3025 et
1044 2977 1143 3026 amoris
1162 2991 1229 3041 erga
1246 2977 1424 3027 Maiestatem
1441 2983 1513 3027 tuam
1529 2974 1601 3031 fuerit,

335 3059 440 3110 nullum
458 3060 546 3112 locum
563 3053 707 3126 'tempusve
726 3061 969 3124 praetemittemus
987 3061 1168 3111 testificanda
1192 3066 1274 3128 atque
1299 3061 1471 3112 illustranda
1492 3066 1543 3111 tun
1558 3057 1600 3123 pic-

335 3145 404 3195 tatis
428 3148 455 3195 et
477 3145 727 3210 magnanimitatis,
759 3149 815 3194 tum
838 3151 939 3196 nostrae
962 3147 990 3195 in
1015 3151 1042 3196 te
1066 3161 1177 3196 summm
1201 3150 1394 3211 perpetuaeque
1418 3143 1601 3195 benevolentis.

334 3229 397 3280 Erit
415 3233 506 3279 autem
524 3234 578 3280 tum
596 3229 671 3279 illius
690 3230 768 3280 nobis
787 3235 873 3292 notae,
898 3230 1022 3280 omnibus
1046 3245 1112 3281 vero
1131 3230 1250 3281 laudatae
1268 3231 1415 3296 sapientiae
1435 3229 1602 3281 animadverso

335 3315 481 3365 occasione
501 3320 530 3365 et
547 3315 751 3381 opportunitate
770 3320 920 3380 temporum
937 3315 1112 3380 periculoque
1131 3315 1223 3380 (quod,
1242 3317 1296 3366 nisi
1314 3317 1424 3368 obviam
1443 3320 1523 3376 eatur,
1535 3313 1602 3364 omui·
1694 3345 1695 3354 ι

335 3399 386 3450 bus
403 3397 537 3464 imminet)
556 3400 621 3450 dare
641 3415 752 3466 operam
771 3405 799 3450 et
818 3399 944 3460 efficere,
965 3405 995 3449 ut
1009 3401 1062 3450 'tua
1081 3401 1182 3451 eximia
1200 3402 1286 3452 virtus
1306 3417 1340 3451 so
1358 3401 1480 3467 dignitas
1496 3399 1542 3448 tibi
1558 3395 1602 3462 glo·
1694 3407 1695 3410 ’

335 3485 423 3548 riosa,
448 3485 508 3534 orbi
531 3491 665 3535 terrarum
689 3483 819 3534 salutaris
845 3483 932 3534 fuisse
951 3485 1086 3535 videatur.
1111 3497 1117 3508 '
1140 3487 1243 3536 Datum
1261 3487 1354 3536 Romae
1379 3486 1451 3551 apud
1469 3485 1495 3536 S.
1512 3484 1603 3533 Petrum

334 3571 385 3622 sub
404 3569 504 3620 annulo
522 3569 674 3620 Piscatoris
692 3565 738 3619 die
756 3568 789 3619 V.
802 3569 871 3618 Maii
888 3569 966 3618 Anno
985 3567 1060 3618 1518.
1080 3570 1259 3621 Pontificatum
1277 3571 1362 3621 nostri
1381 3586 1453 3622 anno
1471 3573 1549 3621 sexto.

334 3741 442 3806 Saepius
460 3739 631 3804 publicatam
650 3737 797 3803 epistulam
809 3717 1034 3804 transcripsimus
1054 3757 1087 3791 ex
1098 3741 1208 3794 Bzovio.
1228 3739 1337 3801 (Annei.
1351 3733 1603 3817 ‘flnlflxlx-'ffll

1246 3811 1353 3818 ——-—

821 3957 1176 3976 *-
