3410 5524
335 408 405 488 160
441 444 532 481 Bulbo
545 445 580 481 DE
593 445 627 481 la!
641 444 829 482 ΡΙΟΟΙΙΜΟΙΕ
841 423 888 482 stc.
910 444 990 482 Enni
1003 445 1039 482 AD
1052 409 1285 483 113011111111111
1297 445 1388 484 ΈΡῙΙΤ.
1401 446 1427 482 D.
1438 447 1500 482 vnn·
1512 445 1537 483 Δ.
1550 441 1601 484 1511.

331 604 423 654 lerino
447 599 520 651 dicte
542 601 711 666 procellione
734 600 826 651 debbs
848 615 957 668 ognuuo
980 589 1149 665 notiores&
1166 615 1265 669 perere
1288 603 1367 669 quito
1390 601 1491 670 meglio
1513 607 1601 670 porino

330 687 408 738 nenti
425 685 454 736 le
472 688 518 736 ms
536 685 618 748 uass,
638 684 673 736 nd
690 677 776 736 honor
794 685 828 737 de
845 687 913 746 Dio,
940 684 1053 740 &delle
1071 685 1173 738 Sancte
1191 686 1320 754 Reliquis
1343 687 1395 738 che
1419 692 1445 740 te
1469 691 1601 756 portariae

329 773 358 822 in
376 771 451 822 dicte
474 761 655 836 procellioue:
682 785 790 837 ognuno
814 775 839 822 te
863 771 945 822 sterni
967 772 1083 838 portersr
1105 771 1206 837 meglio
1230 771 1279 823 che
1303 787 1371 838 pore
1393 774 1421 823 in
1440 776 1512 824 tutte
1528 773 1552 824 le
1569 778 1601 825 lo·

330 856 455 924 predicte
475 859 548 919 eote,
568 855 603 906 sd
620 854 716 907 cioche
736 859 768 906 od
787 855 887 907 celeste
906 855 1000 907 fanore
1020 859 1045 907 le
1064 855 1128 906 dohi
1145 856 1292 924 principio,
1318 857 1353 908 ed
1380 857 1399 907 Γι
1422 857 1602 910 necessaris&

330 944 425 994 tenete
443 940 625 1008 expeditione.
711 939 788 992 Dstt'r
806 940 890 992 Rome
908 942 961 991 Die
981 939 1040 992 viii.
1059 939 1154 991 Martii
1172 941 1372 994 nummu
1391 942 1463 994 Pont
1482 941 1528 994 ,8.
1535 943 1618 996 1).11.ι

329 1025 408 1077 Διιιιο
429 1025 541 1088 Quinto.
715 1035 720 1044 ·
1328 1047 1331 1061 ·

924 1113 1020 1156 murs.

396 1177 428 1230 Io
445 1178 504 1229 lac.
522 1177 620 1229 Buebe
638 1179 720 1230 :Not
1196 1179 1311 1230 bernar.
1330 1179 1354 1230 R
1371 1195 1468 1232 menes
1484 1175 1545 1232 No't

424 1263 539 1315 Reuord.
557 1263 673 1342 Vicerii.
742 1295 749 1306 -
960 1331 963 1340 .
1198 1262 1204 1274 ’
1231 1261 1347 1330 itenere.
1366 1265 1468 1317 (inber.
1486 1264 1571 1315 Vrbis.

400 1722 545 1776 Corollarii
568 1722 659 1774 locum
681 1730 844 1798 sequentes
851 1723 943 1787 Stobi,
966 1723 1182 1792 historiographi
1205 1724 1340 1789 Caesarei,
1365 1667 1552 1776 dissimilium
1573 1723 1602 1775 ab
1612 1731 1629 1770 ιι
1696 1715 1697 1722 ’

333 1809 472 1875 epistulis,
492 1808 527 1860 nd
543 1808 712 1859 Bilibeldnm
728 1787 963 1860 Pirclxheimerum
981 1809 1095 1874 litterae,
1116 1809 1142 1861 d.
1160 1807 1203 1860 31.
1215 1810 1283 1860 Deo.
1302 1824 1327 1862 s.
1344 1809 1417 1860 1517.
1437 1811 1559 1876 scriptas,
1576 1825 1604 1860 ex

330 1895 487 1945 Heumanni
499 1894 678 1946 Documentis
691 1893 807 1945 litterar.
820 1911 847 1960 p.
860 1893 929 1946 244..
932 1895 1000 1946 ..241
1015 1894 1111 1961 [Indic.
1124 1893 1254 1960 bibliogr.
1266 1895 1345 1946 Hutt.
1358 1910 1385 1945 ιι.
1398 1892 1452 1960 tu]
1465 1895 1603 1961 desumpta

332 1979 471 2032 commode
490 1979 660 2046 optinebunt

664 2080 869 2134 uaummco
886 2080 1032 2132 nouruo
1050 2080 1281 2134 praearmare

805 2165 967 2229 lusNNES
989 2163 1143 2228 sttblvs
1373 2165 1402 2266 J
1612 2191 1631 2232 c

861 2287 1085 2330 FELICITATEM

415 2375 449 2431 Ut
470 2391 517 2431 vos
540 2372 728 2452 superioribus
750 2373 837 2431 literis
859 2374 926 2430 meis
946 2374 1078 2431 certiores
1094 2374 1210 2432 lacerem
1225 2375 1257 2431 dc
1273 2374 1353 2432 rebus
1369 2391 1430 2450 que
1445 2389 1517 2431 none
1532 2389 1606 2447 agun-

331 2469 379 2517 tur
400 2470 428 2518 et
449 2460 656 2534 concipiantur
680 2476 759 2516 orsus
781 2476 840 2516 sum
852 2459 1004 2516 historiam
1027 2460 1061 2516 de
1077 2451 1187 2518 luicis
1193 2475 1272 2533 quarn
1296 2467 1440 2535 propterea
1464 2459 1535 2533 quod
1551 2465 1605 2514 tunc

330 2547 363 2604 ad
385 2545 520 2603 Caesarem
539 2545 666 2608 vocabar
690 2543 874 2619 imperfectam
897 2543 1008 2618 reliqui,
1031 2545 1066 2601 dt
1087 2562 1140 2618 pua
1162 2543 1206 2601 bic
1228 2544 1329 2620 aliquid
1349 2544 1501 2602 subiiciem.
1537 2543 1606 2600 Sam·

331 2647 390 2688 mus
412 2630 534 2706 pontifex
549 2630 675 2688 omnium
689 2628 904 2686 Christianorum
926 2645 1023 2704 regum
1045 2637 1169 2688 oratores
1183 2630 1300 2693 vocavit.
1325 2629 1350 2686 id
1365 2638 1407 2686 est
1421 2629 1534 2724 scripsit
1548 2627 1603 2688 illis.
1612 2640 1632 2680 tt

327 2723 361 2773 ut
383 2723 507 2772 oratores
529 2731 595 2772 suos
617 2715 649 2772 ad
672 2729 734 2771 eum
756 2713 910 2782 mitterent:
933 2715 1079 2790 proposuit
1100 2712 1326 2774 consultationem
1342 2714 1499 2774 acerrimam
1514 2711 1606 2770 bellum

331 2801 453 2858 sumendi
475 2807 570 2857 contra
586 2801 702 2862 lurcos.
725 2795 811 2856 dedit
820 2799 960 2874 negotium
983 2799 1142 2896 quibusdem
1164 2799 1343 2856 cardinalibus
1359 2808 1487 2858 curarent
1501 2797 1606 2872 diligen·

330 2896 374 2943 ter
395 2903 450 2962 quo
473 2885 554 2941 modo
578 2884 628 2940 ista
651 2883 819 2942 sanctissima
841 2885 977 2960 expeditio
1000 2885 1115 2981 suscipi,
1146 2885 1305 2942 interteneri
1333 2892 1361 2944 et
1389 2885 1529 2942 terminari
1549 2899 1607 2958 pos·

331 2979 382 3028 set
418 2969 465 3028 lsti
487 2970 611 3026 iecerunt
633 2969 764 3043 quandam
786 2969 1044 3028 consultationem
1036 2988 1062 3026 ιιι
1085 2987 1186 3044 genere
1207 2967 1396 3032 deliberativo.
1421 2968 1520 3044 quibus
1542 2985 1606 3024 sum·

332 3055 419 3118 tibus,
453 3053 552 3129 quibus
580 3055 674 3117 ermis,
708 3054 806 3130 quibus
831 3053 995 3113 victualibus
1021 3063 1049 3112 et
1081 3055 1179 3130 quibus
1206 3055 1353 3131 capitaneis
1380 3054 1552 3131 potissimum
1577 3051 1632 3108 adu

329 3138 490 3199 laudabilem
514 3138 594 3196 finem
614 3139 725 3215 perduci
754 3148 862 3214 pusset;
889 3138 964 3197 illius
991 3141 1094 3216 copiam
1123 3139 1246 3215 pontiler
1274 3140 1432 3216 imperatori
1454 3137 1606 3199 transmisit

255 3235 260 3250 ¹
330 3236 361 3284 ut
383 3227 441 3302 ipse
464 3241 607 3299 supremus
629 3225 840 3302 Christianitatis
862 3225 988 3301 princeps
1009 3225 1155 3300 diligenter
1182 3225 1315 3282 recideret
1344 3233 1372 3283 et
1401 3224 1564 3282 examinaret
1583 3228 1607 3278 et

330 3319 361 3369 ut
383 3309 516 3368 bellorum
539 3310 745 3386 expertissimus
767 3318 796 3367 et
817 3309 933 3367 aliorum
955 3327 1050 3385 regum
1074 3310 1167 3368 senior
1188 3311 1353 3385 corrigeret,
1377 3309 1489 3368 adderet
1510 3307 1549 3366 vel
1562 3307 1607 3364 mi·

330 3403 440 3460 rueret.
464 3395 536 3470 quod
559 3395 698 3452 (lassaret
723 3395 837 3472 proprio
865 3395 958 3463 labore
987 3404 1015 3452 ct
1042 3393 1259 3452 consiliariorum
1288 3411 1392 3452 summa
1419 3393 1607 3452 deliberatione

215 3521 218 3528 -
330 3482 410 3545 lecit,
440 3481 468 3538 ei
496 3497 567 3538 nunc
598 3488 678 3556 posta
705 3481 848 3557 expeditur
875 3498 935 3555 quae
963 3498 1012 3537 sua
1032 3474 1144 3538 consilia
1166 3479 1288 3556 pontifici
1315 3487 1447 3556 reportat
1492 3475 1634 3554 Capitulatt

258 3579 262 3590 ·
331 3566 422 3642 aliqua
443 3583 505 3642 quae
527 3566 596 3624 sciro
618 3567 695 3662 potui
718 3582 749 3622 er
771 3565 909 3642 pontilicis
930 3563 1126 3624 deliberatione
1148 3572 1211 3623 sunt
1237 3566 1310 3624 ista:
1305 3582 1377 3640 pro
1400 3563 1453 3622 isto
1470 3563 1541 3622 bebo
1558 3571 1607 3619 tres

329 3651 465 3728 propositi
487 3659 551 3708 sunt
568 3651 649 3715 anni,
672 3651 699 3708 in
720 3651 824 3727 primo,
847 3651 874 3708 id
896 3657 938 3708 est
959 3651 1080 3747 presenti
1105 3657 1153 3714 18..
1184 3657 1346 3734 pararentur
1372 3649 1512 3725 pecuniae.
1538 3645 1607 3705 nervi

329 3736 478 3800 bellorum,
501 3741 529 3792 et
551 3735 596 3794 alii
618 3745 724 3794 sumtus
747 3736 779 3793 ad
801 3733 902 3793 bellum
917 3736 1076 3799 necessarii,
1099 3736 1131 3792 ad
1147 3736 1219 3809 quod
1235 3735 1390 3793 sacerdotes
1404 3733 1535 3792 deberent
1548 3731 1606 3790 dare

329 3822 458 3887 decimas.
480 3819 540 3878 laici
562 3838 627 3879 vero
649 3821 695 3898 qui
718 3821 821 3878 reditus
843 3820 943 3878 babent
964 3820 1123 3908 vigesimae.
1152 3819 1218 3895 qirid
1244 3819 1338 3878 famuli
1367 3828 1394 3876 et
1422 3818 1529 3877 lamule
1549 3815 1607 3874 reli·

330 3924 467 4003 quumque
489 3923 640 3982 pauperum
661 3891 775 3980 vulgus
798 3907 931 3967 memoria
949 3906 1014 3967 mihi
1036 3889 1142 3963 excidit.
1175 3905 1239 3962 item
1261 3903 1326 3962 fient
1348 3903 1562 3980 supplicationes
1582 3907 1635 3958 cte

330 3991 519 4068 processiones
540 3991 722 4048 devotissimae
744 3991 776 4048 ad
798 3991 989 4065 placandam
982 4007 1049 4048 iram
1077 3990 1120 4048 dei
1150 3991 1196 4066 qui
1220 3989 1315 4048 'lincis
1344 3997 1446 4046 tantam
1474 3987 1608 4048 victoriam

330 4077 479 4140 concessit.
501 4084 533 4133 ut
554 4076 727 4152 sepulchrum
750 4093 829 4133 suum
853 4093 913 4134 urm
937 4083 979 4132 tot
1001 4077 1093 4151 regnis
1123 4075 1325 4150 acquisiverint.
1362 4076 1427 4132 item
1457 4073 1619 4150 aperientur,

330 4161 451 4220 thesauri
473 4160 608 4225 ecclesie,
632 4161 712 4220 detur
734 4163 852 4218 cruciata
875 4161 1027 4235 largissime
1042 4160 1209 4218 remissionis
1225 4161 1344 4220 omnium
1359 4167 1534 4236 peccatorum
1549 4173 1607 4233 por·

329 4245 483 4320 rigentibus
504 4245 630 4304 liberales
653 4245 798 4310 adiutrices
819 4264 914 4304 manus
937 4243 969 4306 ad
992 4255 1045 4304 tam
1068 4246 1142 4323 pium
1166 4263 1243 4322 opus.
1281 4245 1346 4302 ltem
1367 4253 1547 4320 componetur
1561 4257 1606 4318 prr

330 4330 481 4388 firmissima
504 4328 559 4394 vel,
581 4329 628 4388 ubi
650 4329 708 4388 lieri
731 4347 786 4387 non
807 4339 913 4407 potest.
935 4331 1031 4389 saltem
1054 4331 1167 4390 inducie
1189 4333 1217 4388 in
1245 4345 1292 4388 ser
1314 4347 1399 4388 annos
1423 4330 1494 4388 inter
1515 4343 1635 4385 omnesu

315 4415 498 4476 ‚Christianos
514 4415 672 4492 principes.
696 4423 853 4491 potentatus
875 4424 903 4473 et
924 4425 1027 4483 status;
1049 4417 1097 4493 'qui
1118 4415 1229 4473 rebellis
1251 4415 1372 4473 estiterit
1394 4433 1425 4472 ac
1445 4429 1542 4490 parere
1562 4429 1607 4468 no·

330 4499 426 4564 luerit.
448 4499 517 4556 diris
537 4499 752 4558 execrationibus
774 4502 900 4577 perpetui
923 4497 1100 4560 anathematis
1122 4517 1183 4560 cum
1210 4501 1300 4560 banno
1331 4498 1463 4576 imperiali
1490 4498 1595 4555 subiace

330 4585 378 4643 bit.
423 4584 487 4642 ltem
510 4587 706 4661 conquirentur
727 4603 759 4643 ex
781 4587 834 4644 ista
855 4587 970 4663 pecunia
992 4587 1036 4644 llll
1056 4585 1098 4645 vel
1120 4585 1196 4643 lllllll
1217 4585 1354 4679 milliones
1382 4585 1441 4642 auri
1470 4601 1529 4661 que
1556 4595 1605 4658 pro

330 4697 533 4718 0-———

396 4765 611 4860 ¹fitrterteneri]
630 4769 699 4836 geri.
750 4767 773 4804 ²⁰
791 4765 909 4837 copi-sm]
928 4773 1076 4852 exemptum.
1128 4767 1151 4804 ⁸⁰
1168 4767 1259 4836 poste]
1278 4767 1347 4837 11011.
1386 4765 1409 4804 ⁴⁸
1427 4767 1472 4835 qui
1491 4767 1580 4818 Heu.
