<?xml version="1.0" encoding="UTF-8"?>
<!DOCTYPE html PUBLIC "-//W3C//DTD XHTML 1.0 Transitional//EN"
    "http://www.w3.org/TR/xhtml1/DTD/xhtml1-transitional.dtd">
<html xmlns="http://www.w3.org/1999/xhtml" xml:lang="en" lang="en">
 <head>
  <title>
</title>
<meta http-equiv="Content-Type" content="text/html;charset=utf-8" />
  <meta name='ocr-system' content='tesseract 3.04.00' />
  <meta name='ocr-capabilities' content='ocr_page ocr_carea ocr_par ocr_line ocrx_word'/>
</head>
<body>
  <div class='ocr_page' id='page_1' title='image "./ulrichihuttenie12huttgoog_0157.png"; bbox 0 0 3410 5524; ppageno 0'>
   <div class='ocr_carea' id='block_1_1' title="bbox 326 427 1570 512">
    <p class='ocr_par' dir='ltr' id='par_1_1' title="bbox 326 427 1570 512">
     <span class='ocr_line' id='line_1_1' title="bbox 326 427 1570 512; baseline 0.006 -19"><span class='ocrx_word' id='word_1_1' title='bbox 326 427 396 500; x_wconf 67' lang='lat'><strong>1¹¹0</strong></span> <span class='ocrx_word' id='word_1_2' title='bbox 420 459 603 512; x_wconf 65' lang='lat' dir='ltr'><strong>maxsumum</strong></span> <span class='ocrx_word' id='word_1_3' title='bbox 617 458 675 494; x_wconf 76' lang='grc' dir='ltr'><strong>ῘΙΡ.</strong></span> <span class='ocrx_word' id='word_1_4' title='bbox 687 458 723 493; x_wconf 74' lang='grc' dir='ltr'><strong>ΔΙ)</strong></span> <span class='ocrx_word' id='word_1_5' title='bbox 736 459 848 495; x_wconf 69' lang='grc' dir='ltr'><strong>ΒΕΟΙΙΙ</strong></span> <span class='ocrx_word' id='word_1_6' title='bbox 862 459 888 496; x_wconf 79' lang='lat'><strong>1·</strong></span> <span class='ocrx_word' id='word_1_7' title='bbox 901 461 925 495; x_wconf 80' lang='lat' dir='ltr'><strong>P.</strong></span> <span class='ocrx_word' id='word_1_8' title='bbox 939 461 967 496; x_wconf 79' lang='grc' dir='ltr'><strong>Ι.</strong></span> <span class='ocrx_word' id='word_1_9' title='bbox 977 459 1106 496; x_wconf 60' lang='lat' dir='ltr'><strong>Temni</strong></span> <span class='ocrx_word' id='word_1_10' title='bbox 1119 461 1154 496; x_wconf 72' lang='lat' dir='ltr'><strong>DE</strong></span> <span class='ocrx_word' id='word_1_11' title='bbox 1167 461 1259 500; x_wconf 71' lang='grc' dir='ltr'><strong>ΜΟΔ</strong></span> <span class='ocrx_word' id='word_1_12' title='bbox 1271 463 1463 500; x_wconf 68' lang='lat' dir='ltr'><strong>nassouwe.</strong></span> <span class='ocrx_word' id='word_1_13' title='bbox 1476 464 1503 501; x_wconf 76' lang='grc' dir='ltr'><strong>Α.</strong></span> <span class='ocrx_word' id='word_1_14' title='bbox 1515 457 1570 502; x_wconf 75' lang='lat' dir='ltr'><strong>lbll.</strong></span> 
     </span>
    </p>
   </div>
   <div class='ocr_carea' id='block_1_2' title="bbox 199 617 1702 4431">
    <p class='ocr_par' dir='ltr' id='par_1_2' title="bbox 199 617 1702 4431">
     <span class='ocr_line' id='line_1_2' title="bbox 323 617 1597 695; baseline 0.002 -17"><span class='ocrx_word' id='word_1_15' title='bbox 323 638 400 679; x_wconf 90' lang='lat' dir='ltr'><strong>seros</strong></span> <span class='ocrx_word' id='word_1_16' title='bbox 427 637 474 677; x_wconf 89' lang='lat' dir='ltr'><strong>eos</strong></span> <span class='ocrx_word' id='word_1_17' title='bbox 503 617 686 695; x_wconf 85' lang='lat' dir='ltr'><strong>appellamus,</strong></span> <span class='ocrx_word' id='word_1_18' title='bbox 719 618 765 691; x_wconf 88' lang='lat' dir='ltr'><strong>qui</strong></span> <span class='ocrx_word' id='word_1_19' title='bbox 794 635 853 675; x_wconf 88' lang='lat' dir='ltr'><strong>oum</strong></span> <span class='ocrx_word' id='word_1_20' title='bbox 880 618 979 692; x_wconf 90' lang='lat' dir='ltr'><strong>opibus</strong></span> <span class='ocrx_word' id='word_1_21' title='bbox 1009 619 1194 678; x_wconf 84' lang='lat' dir='ltr'><strong>florentissimi</strong></span> <span class='ocrx_word' id='word_1_22' title='bbox 1227 621 1294 683; x_wconf 88' lang='lat' dir='ltr'><strong>sint.</strong></span> <span class='ocrx_word' id='word_1_23' title='bbox 1329 621 1432 680; x_wconf 82' lang='lat' dir='ltr'><strong>viribus</strong></span> <span class='ocrx_word' id='word_1_24' title='bbox 1465 632 1494 680; x_wconf 91' lang='lat' dir='ltr'><strong>et</strong></span> <span class='ocrx_word' id='word_1_25' title='bbox 1521 625 1597 682; x_wconf 87' lang='lat' dir='ltr'><strong>animi</strong></span> 
     </span>
     <span class='ocr_line' id='line_1_3' title="bbox 323 703 1599 779; baseline 0 -14"><span class='ocrx_word' id='word_1_26' title='bbox 323 705 507 779; x_wconf 74' lang='lat' dir='ltr'>magnitudine</span> <span class='ocrx_word' id='word_1_27' title='bbox 530 704 650 778; x_wconf 87' lang='lat' dir='ltr'><strong>egregii,</strong></span> <span class='ocrx_word' id='word_1_28' title='bbox 680 721 797 778; x_wconf 66' lang='lat' dir='ltr'><strong>morum</strong></span> <span class='ocrx_word' id='word_1_29' title='bbox 818 703 912 759; x_wconf 82' lang='lat' dir='ltr'><strong>virtuti</strong></span> <span class='ocrx_word' id='word_1_30' title='bbox 933 721 988 759; x_wconf 90' lang='lat' dir='ltr'><strong>nou</strong></span> <span class='ocrx_word' id='word_1_31' title='bbox 1010 703 1071 760; x_wconf 78' lang='lat' dir='ltr'><strong>Asia</strong></span> <span class='ocrx_word' id='word_1_32' title='bbox 1094 703 1184 762; x_wconf 89' lang='lat' dir='ltr'><strong>solum</strong></span> <span class='ocrx_word' id='word_1_33' title='bbox 1205 707 1328 770; x_wconf 88' lang='lat' dir='ltr'><strong>cederet,</strong></span> <span class='ocrx_word' id='word_1_34' title='bbox 1357 708 1404 764; x_wconf 87' lang='lat' dir='ltr'><strong>sed</strong></span> <span class='ocrx_word' id='word_1_35' title='bbox 1432 717 1461 764; x_wconf 92' lang='lat' dir='ltr'><strong>et</strong></span> <span class='ocrx_word' id='word_1_36' title='bbox 1488 710 1513 765; x_wconf 90' lang='lat' dir='ltr'><strong>si</strong></span> <span class='ocrx_word' id='word_1_37' title='bbox 1534 709 1599 775; x_wconf 86' lang='lat' dir='ltr'><strong>alter</strong></span> 
     </span>
     <span class='ocr_line' id='line_1_4' title="bbox 322 787 1598 863; baseline 0.002 -17"><span class='ocrx_word' id='word_1_38' title='bbox 322 800 456 848; x_wconf 91' lang='lat' dir='ltr'><strong>terrarum</strong></span> <span class='ocrx_word' id='word_1_39' title='bbox 483 789 557 846; x_wconf 89' lang='lat' dir='ltr'><strong>orbis</strong></span> <span class='ocrx_word' id='word_1_40' title='bbox 585 789 766 863; x_wconf 81' lang='lat' dir='ltr'><strong>reperiretur,</strong></span> <span class='ocrx_word' id='word_1_41' title='bbox 800 787 877 862; x_wconf 80' lang='lat' dir='ltr'>quasi</span> <span class='ocrx_word' id='word_1_42' title='bbox 899 795 987 844; x_wconf 88' lang='lat' dir='ltr'><strong>tamen</strong></span> <span class='ocrx_word' id='word_1_43' title='bbox 1015 787 1111 845; x_wconf 83' lang='lat' dir='ltr'>nullibi</span> <span class='ocrx_word' id='word_1_44' title='bbox 1140 789 1263 847; x_wconf 87' lang='lat' dir='ltr'><strong>locurum</strong></span> <span class='ocrx_word' id='word_1_45' title='bbox 1290 792 1389 849; x_wconf 83' lang='lat' dir='ltr'><strong>divitiae</strong></span> <span class='ocrx_word' id='word_1_46' title='bbox 1417 801 1511 850; x_wconf 80' lang='lat' dir='ltr'><strong>extent</strong></span> <span class='ocrx_word' id='word_1_47' title='bbox 1550 793 1598 850; x_wconf 84' lang='lat' dir='ltr'><strong>nisi</strong></span> 
     </span>
     <span class='ocr_line' id='line_1_5' title="bbox 323 872 1598 951; baseline 0.001 -18"><span class='ocrx_word' id='word_1_48' title='bbox 323 877 394 933; x_wconf 87' lang='lat' dir='ltr'><strong>inter</strong></span> <span class='ocrx_word' id='word_1_49' title='bbox 416 875 490 950; x_wconf 91' lang='lat' dir='ltr'><strong>ipsos</strong></span> <span class='ocrx_word' id='word_1_50' title='bbox 513 874 696 936; x_wconf 86' lang='lat' dir='ltr'><strong>Christianos,</strong></span> <span class='ocrx_word' id='word_1_51' title='bbox 718 872 814 930; x_wconf 89' lang='lat' dir='ltr'>nullibi</span> <span class='ocrx_word' id='word_1_52' title='bbox 836 872 958 931; x_wconf 88' lang='lat' dir='ltr'><strong>civitates</strong></span> <span class='ocrx_word' id='word_1_53' title='bbox 981 889 1041 930; x_wconf 88' lang='lat' dir='ltr'><strong>sese</strong></span> <span class='ocrx_word' id='word_1_54' title='bbox 1063 875 1175 931; x_wconf 87' lang='lat' dir='ltr'><strong>invicem</strong></span> <span class='ocrx_word' id='word_1_55' title='bbox 1198 875 1355 941; x_wconf 74' lang='lat' dir='ltr'><strong>absumunt:</strong></span> <span class='ocrx_word' id='word_1_56' title='bbox 1378 877 1497 951; x_wconf 80' lang='lat' dir='ltr'><strong>perfidos</strong></span> <span class='ocrx_word' id='word_1_57' title='bbox 1513 887 1598 935; x_wconf 89' lang='lat' dir='ltr'><strong>autern</strong></span> 
     </span>
     <span class='ocr_line' id='line_1_6' title="bbox 321 957 1619 1035; baseline -0.003 -17"><span class='ocrx_word' id='word_1_58' title='bbox 321 960 421 1018; x_wconf 76' lang='lat' dir='ltr'><strong>Christi</strong></span> <span class='ocrx_word' id='word_1_59' title='bbox 442 961 537 1016; x_wconf 89' lang='lat' dir='ltr'><strong>hostes</strong></span> <span class='ocrx_word' id='word_1_60' title='bbox 559 959 608 1016; x_wconf 88' lang='lat' dir='ltr'><strong>bac</strong></span> <span class='ocrx_word' id='word_1_61' title='bbox 629 966 657 1015; x_wconf 91' lang='lat' dir='ltr'><strong>et</strong></span> <span class='ocrx_word' id='word_1_62' title='bbox 678 957 741 1014; x_wconf 90' lang='lat' dir='ltr'><strong>illac</strong></span> <span class='ocrx_word' id='word_1_63' title='bbox 761 959 879 1015; x_wconf 85' lang='lat' dir='ltr'><strong>victores</strong></span> <span class='ocrx_word' id='word_1_64' title='bbox 901 958 1010 1033; x_wconf 89' lang='lat' dir='ltr'><strong>impune</strong></span> <span class='ocrx_word' id='word_1_65' title='bbox 1031 959 1122 1034; x_wconf 84' lang='lat' dir='ltr'><strong>vagari</strong></span> <span class='ocrx_word' id='word_1_66' title='bbox 1144 961 1321 1034; x_wconf 75' lang='lat' dir='ltr'><strong>permittunt:</strong></span> <span class='ocrx_word' id='word_1_67' title='bbox 1350 962 1415 1035; x_wconf 88' lang='lat' dir='ltr'><strong>quin</strong></span> <span class='ocrx_word' id='word_1_68' title='bbox 1438 970 1479 1026; x_wconf 86' lang='lat' dir='ltr'><strong>et,</strong></span> <span class='ocrx_word' id='word_1_69' title='bbox 1503 964 1527 1019; x_wconf 89' lang='lat' dir='ltr'><strong>si</strong></span> <span class='ocrx_word' id='word_1_70' title='bbox 1549 964 1619 1020; x_wconf 81' lang='lat' dir='ltr'><strong>deos</strong></span> 
     </span>
     <span class='ocr_line' id='line_1_7' title="bbox 223 1043 1700 1123; baseline -0.006 -20"><span class='ocrx_word' id='word_1_71' title='bbox 223 1082 225 1088; x_wconf 91' lang='lat'>·</span> <span class='ocrx_word' id='word_1_72' title='bbox 321 1045 425 1122; x_wconf 86' lang='lat' dir='ltr'><strong>placet,</strong></span> <span class='ocrx_word' id='word_1_73' title='bbox 448 1045 480 1102; x_wconf 89' lang='lat' dir='ltr'><strong>de</strong></span> <span class='ocrx_word' id='word_1_74' title='bbox 502 1052 588 1102; x_wconf 87' lang='lat' dir='ltr'><strong>semet</strong></span> <span class='ocrx_word' id='word_1_75' title='bbox 609 1043 774 1118; x_wconf 89' lang='lat' dir='ltr'><strong>triumphum</strong></span> <span class='ocrx_word' id='word_1_76' title='bbox 794 1043 898 1100; x_wconf 79' lang='lat' dir='ltr'><strong>reterre</strong></span> <span class='ocrx_word' id='word_1_77' title='bbox 920 1043 1021 1100; x_wconf 85' lang='lat' dir='ltr'><strong>sinunt.</strong></span> <span class='ocrx_word' id='word_1_78' title='bbox 1470 1105 1474 1114; x_wconf 26' lang='lat'>⁸</span> <span class='ocrx_word' id='word_1_79' title='bbox 1590 1101 1597 1108; x_wconf 58' lang='lat'><em>‚</em></span> <span class='ocrx_word' id='word_1_80' title='bbox 1696 1114 1700 1123; x_wconf 40' lang='grc' dir='ltr'>Ι</span> 
     </span>
     <span class='ocr_line' id='line_1_8' title="bbox 406 1127 1700 1207; baseline 0 -19"><span class='ocrx_word' id='word_1_81' title='bbox 406 1130 540 1188; x_wconf 82' lang='lat' dir='ltr'><strong>Caeterum</strong></span> <span class='ocrx_word' id='word_1_82' title='bbox 555 1147 616 1187; x_wconf 89' lang='lat' dir='ltr'><strong>cum</strong></span> <span class='ocrx_word' id='word_1_83' title='bbox 632 1129 721 1186; x_wconf 89' lang='lat' dir='ltr'><strong>animo</strong></span> <span class='ocrx_word' id='word_1_84' title='bbox 744 1137 839 1187; x_wconf 90' lang='lat' dir='ltr'><strong>nostro</strong></span> <span class='ocrx_word' id='word_1_85' title='bbox 862 1129 1023 1203; x_wconf 89' lang='lat' dir='ltr'><strong>repetimus,</strong></span> <span class='ocrx_word' id='word_1_86' title='bbox 1048 1127 1120 1204; x_wconf 81' lang='lat' dir='ltr'><strong>qrrod</strong></span> <span class='ocrx_word' id='word_1_87' title='bbox 1142 1129 1233 1187; x_wconf 89' lang='lat' dir='ltr'><strong>nullus</strong></span> <span class='ocrx_word' id='word_1_88' title='bbox 1248 1129 1317 1187; x_wconf 82' lang='lat' dir='ltr'><strong>bens</strong></span> <span class='ocrx_word' id='word_1_89' title='bbox 1333 1130 1414 1187; x_wconf 79' lang='lat' dir='ltr'><strong>fortis</strong></span> <span class='ocrx_word' id='word_1_90' title='bbox 1436 1139 1479 1188; x_wconf 88' lang='lat' dir='ltr'><strong>est</strong></span> <span class='ocrx_word' id='word_1_91' title='bbox 1501 1141 1598 1207; x_wconf 71' lang='lat' dir='ltr'><strong>prater</strong></span> <span class='ocrx_word' id='word_1_92' title='bbox 1696 1132 1700 1195; x_wconf 71' lang='lat' dir='ltr'><strong>i</strong></span> 
     </span>
     <span class='ocr_line' id='line_1_9' title="bbox 322 1212 1701 1288; baseline -0.001 -14"><span class='ocrx_word' id='word_1_93' title='bbox 322 1215 405 1274; x_wconf 78' lang='lat' dir='ltr'><strong>deum</strong></span> <span class='ocrx_word' id='word_1_94' title='bbox 426 1221 563 1277; x_wconf 88' lang='lat' dir='ltr'><strong>nostrum,</strong></span> <span class='ocrx_word' id='word_1_95' title='bbox 587 1212 677 1272; x_wconf 91' lang='lat' dir='ltr'><strong>nullus</strong></span> <span class='ocrx_word' id='word_1_96' title='bbox 700 1231 784 1288; x_wconf 92' lang='lat' dir='ltr'><strong>porro</strong></span> <span class='ocrx_word' id='word_1_97' title='bbox 805 1212 876 1270; x_wconf 86' lang='lat' dir='ltr'><strong>alius</strong></span> <span class='ocrx_word' id='word_1_98' title='bbox 897 1214 945 1288; x_wconf 88' lang='lat' dir='ltr'><strong>qui</strong></span> <span class='ocrx_word' id='word_1_99' title='bbox 968 1215 1118 1272; x_wconf 72' lang='lat' dir='ltr'><strong>convinciri</strong></span> <span class='ocrx_word' id='word_1_100' title='bbox 1139 1222 1235 1288; x_wconf 88' lang='lat' dir='ltr'><strong>gentes</strong></span> <span class='ocrx_word' id='word_1_101' title='bbox 1259 1217 1285 1272; x_wconf 91' lang='lat' dir='ltr'><strong>in</strong></span> <span class='ocrx_word' id='word_1_102' title='bbox 1308 1215 1469 1274; x_wconf 81' lang='lat' dir='ltr'><strong>tortitudine</strong></span> <span class='ocrx_word' id='word_1_103' title='bbox 1499 1217 1596 1274; x_wconf 87' lang='lat' dir='ltr'><strong>brachii</strong></span> <span class='ocrx_word' id='word_1_104' title='bbox 1696 1213 1701 1288; x_wconf 70' lang='lat' dir='ltr'><strong>l</strong></span> 
     </span>
     <span class='ocr_line' id='line_1_10' title="bbox 323 1298 1701 1373; baseline -0.001 -13"><span class='ocrx_word' id='word_1_105' title='bbox 323 1302 380 1365; x_wconf 86' lang='lat' dir='ltr'><strong>sui,</strong></span> <span class='ocrx_word' id='word_1_106' title='bbox 403 1301 429 1357; x_wconf 90' lang='lat' dir='ltr'><strong>in</strong></span> <span class='ocrx_word' id='word_1_107' title='bbox 452 1317 510 1357; x_wconf 88' lang='lat' dir='ltr'><strong>earn</strong></span> <span class='ocrx_word' id='word_1_108' title='bbox 533 1299 694 1356; x_wconf 89' lang='lat' dir='ltr'><strong>sententiam</strong></span> <span class='ocrx_word' id='word_1_109' title='bbox 716 1299 884 1362; x_wconf 90' lang='lat' dir='ltr'><strong>devenimus.</strong></span> <span class='ocrx_word' id='word_1_110' title='bbox 907 1308 937 1355; x_wconf 93' lang='lat' dir='ltr'><strong>ut</strong></span> <span class='ocrx_word' id='word_1_111' title='bbox 959 1316 1009 1373; x_wconf 94' lang='lat' dir='ltr'><strong>pro</strong></span> <span class='ocrx_word' id='word_1_112' title='bbox 1032 1309 1107 1356; x_wconf 89' lang='lat' dir='ltr'><strong>certo</strong></span> <span class='ocrx_word' id='word_1_113' title='bbox 1130 1298 1275 1359; x_wconf 88' lang='lat' dir='ltr'><strong>habeamus</strong></span> <span class='ocrx_word' id='word_1_114' title='bbox 1288 1302 1438 1359; x_wconf 79' lang='lat' dir='ltr'><strong>Turcarum</strong></span> <span class='ocrx_word' id='word_1_115' title='bbox 1461 1302 1597 1360; x_wconf 82' lang='lat' dir='ltr'><strong>victoriam</strong></span> <span class='ocrx_word' id='word_1_116' title='bbox 1696 1308 1701 1331; x_wconf 87' lang='lat'><strong>¹</strong></span> 
     </span>
     <span class='ocr_line' id='line_1_11' title="bbox 324 1383 1700 1460; baseline 0 -17"><span class='ocrx_word' id='word_1_117' title='bbox 324 1385 483 1444; x_wconf 77' lang='lat' dir='ltr'><strong>Christianis</strong></span> <span class='ocrx_word' id='word_1_118' title='bbox 505 1384 650 1442; x_wconf 77' lang='lat' dir='ltr'><strong>solutorem</strong></span> <span class='ocrx_word' id='word_1_119' title='bbox 672 1384 745 1440; x_wconf 89' lang='lat' dir='ltr'><strong>lore:</strong></span> <span class='ocrx_word' id='word_1_120' title='bbox 773 1383 860 1440; x_wconf 89' lang='lat' dir='ltr'><strong>voluit</strong></span> <span class='ocrx_word' id='word_1_121' title='bbox 887 1385 958 1441; x_wconf 89' lang='lat' dir='ltr'><strong>enim</strong></span> <span class='ocrx_word' id='word_1_122' title='bbox 986 1384 1074 1440; x_wconf 89' lang='lat' dir='ltr'><strong>diviua</strong></span> <span class='ocrx_word' id='word_1_123' title='bbox 1100 1385 1225 1442; x_wconf 89' lang='lat' dir='ltr'><strong>maiestas</strong></span> <span class='ocrx_word' id='word_1_124' title='bbox 1252 1403 1301 1460; x_wconf 88' lang='lat' dir='ltr'><strong>per</strong></span> <span class='ocrx_word' id='word_1_125' title='bbox 1328 1386 1396 1442; x_wconf 85' lang='lat' dir='ltr'><strong>hanc</strong></span> <span class='ocrx_word' id='word_1_126' title='bbox 1417 1403 1503 1443; x_wconf 82' lang='lat' dir='ltr'><strong>caecas</strong></span> <span class='ocrx_word' id='word_1_127' title='bbox 1525 1386 1625 1443; x_wconf 78' lang='lat' dir='ltr'><strong>chri-n</strong></span> <span class='ocrx_word' id='word_1_128' title='bbox 1697 1392 1700 1429; x_wconf 76' lang='grc' dir='ltr'>Ι</span> 
     </span>
     <span class='ocr_line' id='line_1_12' title="bbox 323 1462 1701 1546; baseline 0.002 -17"><span class='ocrx_word' id='word_1_129' title='bbox 323 1472 474 1529; x_wconf 89' lang='lat' dir='ltr'><strong>stiauorum</strong></span> <span class='ocrx_word' id='word_1_130' title='bbox 497 1469 650 1544; x_wconf 88' lang='lat' dir='ltr'><strong>aliquorum</strong></span> <span class='ocrx_word' id='word_1_131' title='bbox 672 1477 775 1526; x_wconf 86' lang='lat' dir='ltr'><strong>mentes</strong></span> <span class='ocrx_word' id='word_1_132' title='bbox 798 1467 963 1532; x_wconf 88' lang='lat' dir='ltr'><strong>illuminare,</strong></span> <span class='ocrx_word' id='word_1_133' title='bbox 986 1477 1014 1525; x_wconf 88' lang='lat' dir='ltr'><strong>et</strong></span> <span class='ocrx_word' id='word_1_134' title='bbox 1036 1469 1201 1527; x_wconf 80' lang='lat' dir='ltr'><strong>dormientes</strong></span> <span class='ocrx_word' id='word_1_135' title='bbox 1220 1471 1349 1533; x_wconf 83' lang='lat' dir='ltr'><strong>excitare,</strong></span> <span class='ocrx_word' id='word_1_136' title='bbox 1372 1488 1404 1528; x_wconf 92' lang='lat' dir='ltr'><strong>ac</strong></span> <span class='ocrx_word' id='word_1_137' title='bbox 1419 1471 1527 1528; x_wconf 88' lang='lat' dir='ltr'><strong>ianuam</strong></span> <span class='ocrx_word' id='word_1_138' title='bbox 1540 1471 1598 1546; x_wconf 89' lang='lat' dir='ltr'><strong>pul·</strong></span> <span class='ocrx_word' id='word_1_139' title='bbox 1699 1462 1701 1532; x_wconf 74' lang='lat'>}</span> 
     </span>
     <span class='ocr_line' id='line_1_13' title="bbox 322 1553 1597 1630; baseline -0.003 -15"><span class='ocrx_word' id='word_1_140' title='bbox 322 1575 396 1620; x_wconf 87' lang='lat' dir='ltr'><strong>sare.</strong></span> <span class='ocrx_word' id='word_1_141' title='bbox 420 1563 526 1630; x_wconf 92' lang='lat' dir='ltr'><strong>tempus</strong></span> <span class='ocrx_word' id='word_1_142' title='bbox 548 1553 600 1612; x_wconf 85' lang='lat' dir='ltr'><strong>iani</strong></span> <span class='ocrx_word' id='word_1_143' title='bbox 622 1571 682 1612; x_wconf 88' lang='lat' dir='ltr'><strong>esse</strong></span> <span class='ocrx_word' id='word_1_144' title='bbox 704 1571 735 1611; x_wconf 87' lang='lat' dir='ltr'><strong>ex</strong></span> <span class='ocrx_word' id='word_1_145' title='bbox 757 1570 852 1612; x_wconf 88' lang='lat' dir='ltr'><strong>somno</strong></span> <span class='ocrx_word' id='word_1_146' title='bbox 875 1571 996 1628; x_wconf 79' lang='lat' dir='ltr'><strong>surgere.</strong></span> <span class='ocrx_word' id='word_1_147' title='bbox 1027 1554 1091 1622; x_wconf 82' lang='lat' dir='ltr'><strong>Quae</strong></span> <span class='ocrx_word' id='word_1_148' title='bbox 1106 1554 1185 1612; x_wconf 90' lang='lat' dir='ltr'><strong>nobis</strong></span> <span class='ocrx_word' id='word_1_149' title='bbox 1200 1555 1382 1629; x_wconf 72' lang='lat' dir='ltr'><strong>cogitantibus</strong></span> <span class='ocrx_word' id='word_1_150' title='bbox 1398 1557 1486 1612; x_wconf 89' lang='lat' dir='ltr'><strong>omnis</strong></span> <span class='ocrx_word' id='word_1_151' title='bbox 1501 1574 1597 1613; x_wconf 78' lang='lat' dir='ltr'><strong>moror</strong></span> 
     </span>
     <span class='ocr_line' id='line_1_14' title="bbox 302 1638 1700 1722; baseline -0.001 -23"><span class='ocrx_word' id='word_1_152' title='bbox 302 1639 368 1699; x_wconf 82' lang='lat' dir='ltr'><strong>·itte</strong></span> <span class='ocrx_word' id='word_1_153' title='bbox 390 1659 405 1697; x_wconf 90' lang='lat' dir='ltr'><strong>a</strong></span> <span class='ocrx_word' id='word_1_154' title='bbox 426 1640 505 1698; x_wconf 90' lang='lat' dir='ltr'><strong>nobis</strong></span> <span class='ocrx_word' id='word_1_155' title='bbox 527 1639 643 1703; x_wconf 88' lang='lat' dir='ltr'><strong>recedit,</strong></span> <span class='ocrx_word' id='word_1_156' title='bbox 669 1645 697 1695; x_wconf 90' lang='lat' dir='ltr'><strong>et</strong></span> <span class='ocrx_word' id='word_1_157' title='bbox 725 1639 752 1696; x_wconf 89' lang='lat' dir='ltr'><strong>iu</strong></span> <span class='ocrx_word' id='word_1_158' title='bbox 772 1638 896 1696; x_wconf 85' lang='lat' dir='ltr'><strong>laetitiam</strong></span> <span class='ocrx_word' id='word_1_159' title='bbox 915 1640 1010 1714; x_wconf 90' lang='lat' dir='ltr'><strong>potius</strong></span> <span class='ocrx_word' id='word_1_160' title='bbox 1030 1639 1162 1696; x_wconf 73' lang='lat' dir='ltr'><strong>unitur:</strong></span> <span class='ocrx_word' id='word_1_161' title='bbox 1184 1655 1323 1714; x_wconf 89' lang='lat' dir='ltr'><strong>speramus</strong></span> <span class='ocrx_word' id='word_1_162' title='bbox 1345 1641 1415 1696; x_wconf 89' lang='lat' dir='ltr'><strong>enim</strong></span> <span class='ocrx_word' id='word_1_163' title='bbox 1439 1641 1492 1697; x_wconf 86' lang='lat' dir='ltr'><strong>iam</strong></span> <span class='ocrx_word' id='word_1_164' title='bbox 1514 1657 1596 1716; x_wconf 87' lang='lat' dir='ltr'><strong>prope</strong></span> <span class='ocrx_word' id='word_1_165' title='bbox 1699 1689 1700 1722; x_wconf 52' lang='lat' dir='ltr'><strong>n</strong></span> 
     </span>
     <span class='ocr_line' id='line_1_15' title="bbox 322 1723 1700 1799; baseline 0 -15"><span class='ocrx_word' id='word_1_166' title='bbox 322 1728 445 1784; x_wconf 80' lang='lat' dir='ltr'><strong>futurum</strong></span> <span class='ocrx_word' id='word_1_167' title='bbox 477 1743 537 1784; x_wconf 90' lang='lat' dir='ltr'><strong>cum</strong></span> <span class='ocrx_word' id='word_1_168' title='bbox 571 1733 689 1782; x_wconf 80' lang='lat' dir='ltr'><strong>extemm</strong></span> <span class='ocrx_word' id='word_1_169' title='bbox 721 1732 749 1781; x_wconf 87' lang='lat' dir='ltr'><strong>et</strong></span> <span class='ocrx_word' id='word_1_170' title='bbox 775 1724 862 1780; x_wconf 76' lang='lat' dir='ltr'><strong>infido</strong></span> <span class='ocrx_word' id='word_1_171' title='bbox 891 1733 987 1797; x_wconf 85' lang='lat' dir='ltr'><strong>gentes</strong></span> <span class='ocrx_word' id='word_1_172' title='bbox 1013 1733 1162 1799; x_wconf 76' lang='lat' dir='ltr'><strong>agnoscent</strong></span> <span class='ocrx_word' id='word_1_173' title='bbox 1189 1725 1324 1782; x_wconf 83' lang='lat' dir='ltr'><strong>Christum</strong></span> <span class='ocrx_word' id='word_1_174' title='bbox 1352 1725 1492 1782; x_wconf 88' lang='lat' dir='ltr'><strong>domi-num</strong></span> <span class='ocrx_word' id='word_1_175' title='bbox 1518 1723 1594 1782; x_wconf 80' lang='lat' dir='ltr'><strong>Deum</strong></span> <span class='ocrx_word' id='word_1_176' title='bbox 1696 1728 1700 1784; x_wconf 72' lang='lat' dir='ltr'><strong>l</strong></span> 
     </span>
     <span class='ocr_line' id='line_1_16' title="bbox 298 1805 1700 1885; baseline -0.005 -17"><span class='ocrx_word' id='word_1_177' title='bbox 298 1811 410 1869; x_wconf 65' lang='lat' dir='ltr'><strong>‘suum</strong></span> <span class='ocrx_word' id='word_1_178' title='bbox 446 1827 534 1885; x_wconf 76' lang='lat' dir='ltr'><strong>neque</strong></span> <span class='ocrx_word' id='word_1_179' title='bbox 556 1809 703 1868; x_wconf 74' lang='lat' dir='ltr'><strong>&#39;lutearum</strong></span> <span class='ocrx_word' id='word_1_180' title='bbox 731 1815 806 1866; x_wconf 90' lang='lat' dir='ltr'><strong>tanta</strong></span> <span class='ocrx_word' id='word_1_181' title='bbox 834 1809 947 1867; x_wconf 86' lang='lat' dir='ltr'><strong>victoria</strong></span> <span class='ocrx_word' id='word_1_182' title='bbox 975 1807 1054 1867; x_wconf 88' lang='lat' dir='ltr'><strong>nobis</strong></span> <span class='ocrx_word' id='word_1_183' title='bbox 1082 1809 1260 1867; x_wconf 80' lang='lat' dir='ltr'><strong>formidolosa</strong></span> <span class='ocrx_word' id='word_1_184' title='bbox 1281 1825 1341 1868; x_wconf 87' lang='lat' dir='ltr'><strong>esse</strong></span> <span class='ocrx_word' id='word_1_185' title='bbox 1369 1809 1464 1866; x_wconf 90' lang='lat' dir='ltr'><strong>debet:</strong></span> <span class='ocrx_word' id='word_1_186' title='bbox 1498 1811 1625 1866; x_wconf 83' lang='lat' dir='ltr'><strong>seimusn</strong></span> <span class='ocrx_word' id='word_1_187' title='bbox 1699 1805 1700 1817; x_wconf 62' lang='lat'>³</span> 
     </span>
     <span class='ocr_line' id='line_1_17' title="bbox 258 1889 1597 1970; baseline -0.003 -16"><span class='ocrx_word' id='word_1_188' title='bbox 258 1889 260 1892; x_wconf 63' lang='grc'><strong>’</strong></span> <span class='ocrx_word' id='word_1_189' title='bbox 322 1897 393 1955; x_wconf 90' lang='lat' dir='ltr'><strong>enim</strong></span> <span class='ocrx_word' id='word_1_190' title='bbox 422 1895 529 1970; x_wconf 82' lang='lat' dir='ltr'><strong>quoties</strong></span> <span class='ocrx_word' id='word_1_191' title='bbox 556 1895 728 1969; x_wconf 89' lang='lat' dir='ltr'><strong>omnipotens</strong></span> <span class='ocrx_word' id='word_1_192' title='bbox 755 1894 824 1950; x_wconf 83' lang='lat' dir='ltr'><strong>lleus</strong></span> <span class='ocrx_word' id='word_1_193' title='bbox 846 1893 971 1952; x_wconf 91' lang='lat' dir='ltr'><strong>hostibus</strong></span> <span class='ocrx_word' id='word_1_194' title='bbox 993 1896 1051 1952; x_wconf 90' lang='lat' dir='ltr'><strong>suis</strong></span> <span class='ocrx_word' id='word_1_195' title='bbox 1072 1895 1143 1952; x_wconf 85' lang='lat' dir='ltr'><strong>vires</strong></span> <span class='ocrx_word' id='word_1_196' title='bbox 1164 1895 1282 1957; x_wconf 86' lang='lat' dir='ltr'><strong>dederit,</strong></span> <span class='ocrx_word' id='word_1_197' title='bbox 1311 1902 1342 1951; x_wconf 95' lang='lat' dir='ltr'><strong>ut</strong></span> <span class='ocrx_word' id='word_1_198' title='bbox 1363 1911 1476 1952; x_wconf 91' lang='lat' dir='ltr'><strong>suorum</strong></span> <span class='ocrx_word' id='word_1_199' title='bbox 1499 1894 1597 1951; x_wconf 87' lang='lat' dir='ltr'><strong>seelera</strong></span> 
     </span>
     <span class='ocr_line' id='line_1_18' title="bbox 323 1969 1598 2056; baseline -0.003 -16"><span class='ocrx_word' id='word_1_200' title='bbox 323 1999 353 2056; x_wconf 86' lang='lat' dir='ltr'><strong>ac</strong></span> <span class='ocrx_word' id='word_1_201' title='bbox 374 1990 485 2056; x_wconf 91' lang='lat' dir='ltr'><strong>peccata</strong></span> <span class='ocrx_word' id='word_1_202' title='bbox 507 1969 697 2044; x_wconf 65' lang='lat' dir='ltr'><strong>ulciscendum</strong></span> <span class='ocrx_word' id='word_1_203' title='bbox 726 1981 850 2046; x_wconf 73' lang='lat' dir='ltr'><strong>norimus</strong></span> <span class='ocrx_word' id='word_1_204' title='bbox 877 1979 957 2036; x_wconf 89' lang='lat' dir='ltr'><strong>etiam</strong></span> <span class='ocrx_word' id='word_1_205' title='bbox 980 1980 1089 2054; x_wconf 85' lang='lat' dir='ltr'><strong>quoties</strong></span> <span class='ocrx_word' id='word_1_206' title='bbox 1110 1979 1228 2037; x_wconf 88' lang='lat' dir='ltr'><strong>voluerit</strong></span> <span class='ocrx_word' id='word_1_207' title='bbox 1249 1979 1317 2036; x_wconf 91' lang='lat' dir='ltr'><strong>lidos</strong></span> <span class='ocrx_word' id='word_1_208' title='bbox 1338 1979 1457 2037; x_wconf 87' lang='lat' dir='ltr'><strong>numinis</strong></span> <span class='ocrx_word' id='word_1_209' title='bbox 1479 1980 1524 2036; x_wconf 91' lang='lat' dir='ltr'><strong>sui</strong></span> <span class='ocrx_word' id='word_1_210' title='bbox 1544 1979 1598 2036; x_wconf 89' lang='lat' dir='ltr'><strong>cul·</strong></span> 
     </span>
     <span class='ocr_line' id='line_1_19' title="bbox 323 2063 1598 2141; baseline -0.003 -17"><span class='ocrx_word' id='word_1_211' title='bbox 323 2075 398 2124; x_wconf 91' lang='lat' dir='ltr'><strong>tores</strong></span> <span class='ocrx_word' id='word_1_212' title='bbox 420 2083 501 2141; x_wconf 87' lang='lat' dir='ltr'><strong>parva</strong></span> <span class='ocrx_word' id='word_1_213' title='bbox 522 2083 602 2122; x_wconf 90' lang='lat' dir='ltr'><strong>manu</strong></span> <span class='ocrx_word' id='word_1_214' title='bbox 624 2066 749 2139; x_wconf 85' lang='lat' dir='ltr'><strong>ingentes</strong></span> <span class='ocrx_word' id='word_1_215' title='bbox 770 2063 890 2124; x_wconf 89' lang='lat' dir='ltr'><strong>hostium</strong></span> <span class='ocrx_word' id='word_1_216' title='bbox 912 2065 1004 2139; x_wconf 89' lang='lat' dir='ltr'><strong>copias</strong></span> <span class='ocrx_word' id='word_1_217' title='bbox 1030 2065 1151 2122; x_wconf 80' lang='lat' dir='ltr'><strong>sundere.</strong></span> <span class='ocrx_word' id='word_1_218' title='bbox 1195 2064 1377 2140; x_wconf 80' lang='lat' dir='ltr'><strong>speraverunt</strong></span> <span class='ocrx_word' id='word_1_219' title='bbox 1403 2063 1431 2120; x_wconf 89' lang='lat' dir='ltr'><strong>io</strong></span> <span class='ocrx_word' id='word_1_220' title='bbox 1454 2081 1487 2121; x_wconf 91' lang='lat' dir='ltr'><strong>eo</strong></span> <span class='ocrx_word' id='word_1_221' title='bbox 1510 2072 1598 2140; x_wconf 75' lang='lat' dir='ltr'><strong>patros</strong></span> 
     </span>
     <span class='ocr_line' id='line_1_20' title="bbox 199 2147 1599 2226; baseline -0.002 -17"><span class='ocrx_word' id='word_1_222' title='bbox 199 2159 204 2168; x_wconf 82' lang='grc'><em>“</em></span> <span class='ocrx_word' id='word_1_223' title='bbox 279 2157 303 2202; x_wconf 89' lang='lat' dir='ltr'><strong>tt.</strong></span> <span class='ocrx_word' id='word_1_224' title='bbox 323 2152 427 2220; x_wconf 87' lang='lat' dir='ltr'><strong>nostri,</strong></span> <span class='ocrx_word' id='word_1_225' title='bbox 457 2159 647 2226; x_wconf 81' lang='lat' dir='ltr'><strong>speraverunt,</strong></span> <span class='ocrx_word' id='word_1_226' title='bbox 676 2158 703 2206; x_wconf 91' lang='lat' dir='ltr'><strong>et</strong></span> <span class='ocrx_word' id='word_1_227' title='bbox 730 2148 854 2206; x_wconf 84' lang='lat' dir='ltr'><strong>liberavit</strong></span> <span class='ocrx_word' id='word_1_228' title='bbox 882 2165 938 2206; x_wconf 87' lang='lat' dir='ltr'><strong>eos.</strong></span> <span class='ocrx_word' id='word_1_229' title='bbox 1004 2147 1104 2218; x_wconf 79' lang='lat' dir='ltr'><strong>Quodsi</strong></span> <span class='ocrx_word' id='word_1_230' title='bbox 1133 2158 1187 2207; x_wconf 89' lang='lat' dir='ltr'><strong>tam</strong></span> <span class='ocrx_word' id='word_1_231' title='bbox 1212 2167 1291 2207; x_wconf 77' lang='lat' dir='ltr'><strong>caece</strong></span> <span class='ocrx_word' id='word_1_232' title='bbox 1319 2149 1475 2225; x_wconf 87' lang='lat' dir='ltr'><strong>aliquorum</strong></span> <span class='ocrx_word' id='word_1_233' title='bbox 1497 2157 1599 2206; x_wconf 85' lang='lat' dir='ltr'><strong>mentes</strong></span> 
     </span>
     <span class='ocr_line' id='line_1_21' title="bbox 321 2233 1629 2312; baseline -0.007 -17"><span class='ocrx_word' id='word_1_234' title='bbox 321 2244 402 2295; x_wconf 88' lang='lat' dir='ltr'><strong>erunt</strong></span> <span class='ocrx_word' id='word_1_235' title='bbox 423 2253 484 2312; x_wconf 72' lang='lat' dir='ltr'><strong>que</strong></span> <span class='ocrx_word' id='word_1_236' title='bbox 505 2243 560 2292; x_wconf 69' lang='lat' dir='ltr'><strong>um</strong></span> <span class='ocrx_word' id='word_1_237' title='bbox 581 2236 664 2292; x_wconf 83' lang='lat' dir='ltr'><strong>certis</strong></span> <span class='ocrx_word' id='word_1_238' title='bbox 686 2234 772 2292; x_wconf 88' lang='lat' dir='ltr'><strong>loturi</strong></span> <span class='ocrx_word' id='word_1_239' title='bbox 793 2233 868 2291; x_wconf 82' lang='lat' dir='ltr'><strong>exitii</strong></span> <span class='ocrx_word' id='word_1_240' title='bbox 890 2234 992 2291; x_wconf 87' lang='lat' dir='ltr'><strong>nuntiis</strong></span> <span class='ocrx_word' id='word_1_241' title='bbox 1013 2235 1134 2291; x_wconf 83' lang='lat' dir='ltr'><strong>nonduin</strong></span> <span class='ocrx_word' id='word_1_242' title='bbox 1155 2235 1329 2309; x_wconf 86' lang='lat' dir='ltr'><strong>resipiscant,</strong></span> <span class='ocrx_word' id='word_1_243' title='bbox 1356 2251 1412 2290; x_wconf 89' lang='lat' dir='ltr'><strong>non</strong></span> <span class='ocrx_word' id='word_1_244' title='bbox 1439 2242 1532 2292; x_wconf 87' lang='lat' dir='ltr'><strong>tamen</strong></span> <span class='ocrx_word' id='word_1_245' title='bbox 1552 2247 1629 2290; x_wconf 76' lang='lat' dir='ltr'><strong>noes</strong></span> 
     </span>
     <span class='ocr_line' id='line_1_22' title="bbox 313 2313 1702 2396; baseline -0.004 -14"><span class='ocrx_word' id='word_1_246' title='bbox 313 2323 363 2384; x_wconf 83' lang='lat' dir='ltr'><strong>‚bis</strong></span> <span class='ocrx_word' id='word_1_247' title='bbox 383 2313 580 2396; x_wconf 78' lang='lat' dir='ltr'><strong>desperandum</strong></span> <span class='ocrx_word' id='word_1_248' title='bbox 602 2321 654 2377; x_wconf 89' lang='lat' dir='ltr'><strong>erit</strong></span> <span class='ocrx_word' id='word_1_249' title='bbox 677 2319 723 2376; x_wconf 90' lang='lat' dir='ltr'><strong>tali</strong></span> <span class='ocrx_word' id='word_1_250' title='bbox 745 2319 885 2394; x_wconf 83' lang='lat' dir='ltr'><strong>pontifice,</strong></span> <span class='ocrx_word' id='word_1_251' title='bbox 909 2319 1014 2393; x_wconf 85' lang='lat' dir='ltr'><strong>qualem</strong></span> <span class='ocrx_word' id='word_1_252' title='bbox 1035 2319 1119 2376; x_wconf 90' lang='lat' dir='ltr'><strong>multa</strong></span> <span class='ocrx_word' id='word_1_253' title='bbox 1141 2319 1239 2378; x_wconf 72' lang='lat' dir='ltr'><strong>secula</strong></span> <span class='ocrx_word' id='word_1_254' title='bbox 1260 2336 1315 2376; x_wconf 91' lang='lat' dir='ltr'><strong>non</strong></span> <span class='ocrx_word' id='word_1_255' title='bbox 1337 2318 1476 2377; x_wconf 90' lang='lat' dir='ltr'><strong>tulerunt:</strong></span> <span class='ocrx_word' id='word_1_256' title='bbox 1505 2319 1600 2376; x_wconf 86' lang='lat' dir='ltr'><strong>scimus</strong></span> <span class='ocrx_word' id='word_1_257' title='bbox 1701 2333 1702 2336; x_wconf 73' lang='grc'>’</span> 
     </span>
     <span class='ocr_line' id='line_1_23' title="bbox 320 2403 1601 2483; baseline -0.004 -16"><span class='ocrx_word' id='word_1_258' title='bbox 320 2406 595 2483; x_wconf 79' lang='lat' dir='ltr'><strong>egregiasvirtutes.</strong></span> <span class='ocrx_word' id='word_1_259' title='bbox 624 2403 737 2480; x_wconf 79' lang='lat' dir='ltr'><strong>inclytas</strong></span> <span class='ocrx_word' id='word_1_260' title='bbox 757 2405 841 2462; x_wconf 76' lang='lat' dir='ltr'><strong>&#39;animi</strong></span> <span class='ocrx_word' id='word_1_261' title='bbox 863 2405 941 2462; x_wconf 90' lang='lat' dir='ltr'><strong>dotes</strong></span> <span class='ocrx_word' id='word_1_262' title='bbox 968 2404 1143 2462; x_wconf 85' lang='lat' dir='ltr'><strong>beatitudinis</strong></span> <span class='ocrx_word' id='word_1_263' title='bbox 1171 2412 1283 2466; x_wconf 78' lang='lat' dir='ltr'><strong>vestre,</strong></span> <span class='ocrx_word' id='word_1_264' title='bbox 1313 2409 1340 2461; x_wconf 83' lang='lat' dir='ltr'><strong>et</strong></span> <span class='ocrx_word' id='word_1_265' title='bbox 1366 2421 1438 2461; x_wconf 90' lang='lat' dir='ltr'><strong>nuuc</strong></span> <span class='ocrx_word' id='word_1_266' title='bbox 1468 2405 1601 2462; x_wconf 83' lang='lat' dir='ltr'><strong>cernimus</strong></span> 
     </span>
     <span class='ocr_line' id='line_1_24' title="bbox 315 2489 1600 2568; baseline -0.003 -18"><span class='ocrx_word' id='word_1_267' title='bbox 315 2497 375 2568; x_wconf 63' lang='lat' dir='ltr'><strong>*quo</strong></span> <span class='ocrx_word' id='word_1_268' title='bbox 398 2492 520 2554; x_wconf 83' lang='lat' dir='ltr'><strong>feruore,</strong></span> <span class='ocrx_word' id='word_1_269' title='bbox 552 2508 606 2565; x_wconf 90' lang='lat' dir='ltr'><strong>qua</strong></span> <span class='ocrx_word' id='word_1_270' title='bbox 633 2491 734 2565; x_wconf 88' lang='lat' dir='ltr'><strong>pietate</strong></span> <span class='ocrx_word' id='word_1_271' title='bbox 762 2508 813 2565; x_wconf 92' lang='lat' dir='ltr'><strong>pro</strong></span> <span class='ocrx_word' id='word_1_272' title='bbox 840 2490 985 2546; x_wconf 87' lang='lat' dir='ltr'><strong>commisso</strong></span> <span class='ocrx_word' id='word_1_273' title='bbox 1008 2489 1059 2546; x_wconf 91' lang='lat' dir='ltr'><strong>sibi</strong></span> <span class='ocrx_word' id='word_1_274' title='bbox 1087 2507 1170 2564; x_wconf 87' lang='lat' dir='ltr'><strong>grege</strong></span> <span class='ocrx_word' id='word_1_275' title='bbox 1199 2490 1322 2552; x_wconf 82' lang='lat' dir='ltr'><strong>insudet;</strong></span> <span class='ocrx_word' id='word_1_276' title='bbox 1350 2505 1411 2563; x_wconf 82' lang='lat' dir='ltr'><strong>quaa</strong></span> <span class='ocrx_word' id='word_1_277' title='bbox 1441 2505 1600 2563; x_wconf 87' lang='lat' dir='ltr'><strong>quamquam</strong></span> 
     </span>
     <span class='ocr_line' id='line_1_25' title="bbox 320 2572 1601 2651; baseline -0.006 -15"><span class='ocrx_word' id='word_1_278' title='bbox 320 2577 399 2636; x_wconf 89' lang='lat' dir='ltr'><strong>nobis</strong></span> <span class='ocrx_word' id='word_1_279' title='bbox 421 2574 575 2651; x_wconf 85' lang='lat' dir='ltr'><strong>gratissima</strong></span> <span class='ocrx_word' id='word_1_280' title='bbox 597 2582 675 2640; x_wconf 89' lang='lat' dir='ltr'><strong>sunt.</strong></span> <span class='ocrx_word' id='word_1_281' title='bbox 698 2591 782 2632; x_wconf 88' lang='lat' dir='ltr'><strong>unum</strong></span> <span class='ocrx_word' id='word_1_282' title='bbox 806 2583 894 2631; x_wconf 80' lang='lat' dir='ltr'><strong>tannen</strong></span> <span class='ocrx_word' id='word_1_283' title='bbox 916 2574 995 2631; x_wconf 90' lang='lat' dir='ltr'><strong>nobis</strong></span> <span class='ocrx_word' id='word_1_284' title='bbox 1018 2591 1130 2632; x_wconf 80' lang='lat' dir='ltr'><strong>summae</strong></span> <span class='ocrx_word' id='word_1_285' title='bbox 1152 2574 1323 2631; x_wconf 80' lang='lat' dir='ltr'><strong>admirationi</strong></span> <span class='ocrx_word' id='word_1_286' title='bbox 1346 2573 1399 2630; x_wconf 90' lang='lat' dir='ltr'><strong>luit</strong></span> <span class='ocrx_word' id='word_1_287' title='bbox 1420 2572 1601 2646; x_wconf 86' lang='lat' dir='ltr'><strong>(admirationi</strong></span> 
     </span>
     <span class='ocr_line' id='line_1_26' title="bbox 321 2655 1629 2735; baseline -0.007 -15"><span class='ocrx_word' id='word_1_288' title='bbox 321 2680 354 2720; x_wconf 89' lang='lat' dir='ltr'><strong>ne</strong></span> <span class='ocrx_word' id='word_1_289' title='bbox 369 2677 403 2720; x_wconf 92' lang='lat' dir='ltr'><strong>an</strong></span> <span class='ocrx_word' id='word_1_290' title='bbox 425 2661 517 2735; x_wconf 86' lang='lat' dir='ltr'><strong>potius</strong></span> <span class='ocrx_word' id='word_1_291' title='bbox 539 2661 649 2718; x_wconf 79' lang='lat' dir='ltr'><strong>moerori</strong></span> <span class='ocrx_word' id='word_1_292' title='bbox 658 2659 680 2734; x_wconf 84' lang='lat' dir='ltr'><strong>t)</strong></span> <span class='ocrx_word' id='word_1_293' title='bbox 704 2661 777 2734; x_wconf 91' lang='lat' dir='ltr'><strong>quod</strong></span> <span class='ocrx_word' id='word_1_294' title='bbox 792 2661 922 2718; x_wconf 77' lang='lat' dir='ltr'><strong>sanctitas</strong></span> <span class='ocrx_word' id='word_1_295' title='bbox 936 2666 1026 2716; x_wconf 89' lang='lat' dir='ltr'><strong>vestra</strong></span> <span class='ocrx_word' id='word_1_296' title='bbox 1041 2667 1126 2734; x_wconf 86' lang='lat' dir='ltr'><strong>optat.</strong></span> <span class='ocrx_word' id='word_1_297' title='bbox 1148 2667 1180 2715; x_wconf 95' lang='lat' dir='ltr'><strong>ut</strong></span> <span class='ocrx_word' id='word_1_298' title='bbox 1194 2655 1267 2716; x_wconf 84' lang='lat' dir='ltr'><strong>ltens¹</strong></span> <span class='ocrx_word' id='word_1_299' title='bbox 1279 2675 1358 2716; x_wconf 87' lang='lat' dir='ltr'><strong>aures</strong></span> <span class='ocrx_word' id='word_1_300' title='bbox 1372 2667 1485 2716; x_wconf 84' lang='lat' dir='ltr'><strong>nostras</strong></span> <span class='ocrx_word' id='word_1_301' title='bbox 1500 2660 1629 2734; x_wconf 71' lang='lat' dir='ltr'><strong>aperiatis</strong></span> 
     </span>
     <span class='ocr_line' id='line_1_27' title="bbox 321 2743 1603 2820; baseline -0.002 -17"><span class='ocrx_word' id='word_1_302' title='bbox 321 2747 354 2806; x_wconf 87' lang='lat' dir='ltr'><strong>ad</strong></span> <span class='ocrx_word' id='word_1_303' title='bbox 377 2745 537 2804; x_wconf 87' lang='lat' dir='ltr'><strong>audiendum</strong></span> <span class='ocrx_word' id='word_1_304' title='bbox 559 2744 703 2820; x_wconf 87' lang='lat' dir='ltr'><strong>aliquando</strong></span> <span class='ocrx_word' id='word_1_305' title='bbox 725 2745 846 2802; x_wconf 89' lang='lat' dir='ltr'><strong>veritatis</strong></span> <span class='ocrx_word' id='word_1_306' title='bbox 867 2761 975 2802; x_wconf 85' lang='lat' dir='ltr'><strong>vocem:</strong></span> <span class='ocrx_word' id='word_1_307' title='bbox 998 2745 1160 2818; x_wconf 85' lang='lat' dir='ltr'><strong>quasivero</strong></span> <span class='ocrx_word' id='word_1_308' title='bbox 1182 2743 1289 2801; x_wconf 86' lang='lat' dir='ltr'><strong>veritati</strong></span> <span class='ocrx_word' id='word_1_309' title='bbox 1312 2759 1391 2802; x_wconf 89' lang='lat' dir='ltr'><strong>aures</strong></span> <span class='ocrx_word' id='word_1_310' title='bbox 1411 2744 1547 2802; x_wconf 86' lang='lat' dir='ltr'><strong>hactenus</strong></span> <span class='ocrx_word' id='word_1_311' title='bbox 1562 2761 1603 2800; x_wconf 86' lang='lat' dir='ltr'><strong>oc·</strong></span> 
     </span>
     <span class='ocr_line' id='line_1_28' title="bbox 320 2827 1603 2904; baseline -0.005 -14"><span class='ocrx_word' id='word_1_312' title='bbox 320 2832 489 2890; x_wconf 89' lang='lat' dir='ltr'><strong>closerimus.</strong></span> <span class='ocrx_word' id='word_1_313' title='bbox 527 2831 601 2904; x_wconf 88' lang='lat' dir='ltr'><strong>atqui</strong></span> <span class='ocrx_word' id='word_1_314' title='bbox 631 2830 668 2886; x_wconf 89' lang='lat' dir='ltr'><strong>ita</strong></span> <span class='ocrx_word' id='word_1_315' title='bbox 696 2830 728 2887; x_wconf 89' lang='lat' dir='ltr'><strong>de</strong></span> <span class='ocrx_word' id='word_1_316' title='bbox 756 2829 836 2888; x_wconf 88' lang='lat' dir='ltr'><strong>nobis</strong></span> <span class='ocrx_word' id='word_1_317' title='bbox 863 2830 1072 2904; x_wconf 87' lang='lat' dir='ltr'><strong>respondemus,</strong></span> <span class='ocrx_word' id='word_1_318' title='bbox 1103 2846 1154 2886; x_wconf 89' lang='lat' dir='ltr'><strong>nos</strong></span> <span class='ocrx_word' id='word_1_319' title='bbox 1181 2845 1236 2886; x_wconf 90' lang='lat' dir='ltr'><strong>non</strong></span> <span class='ocrx_word' id='word_1_320' title='bbox 1263 2834 1317 2886; x_wconf 87' lang='lat' dir='ltr'><strong>tam</strong></span> <span class='ocrx_word' id='word_1_321' title='bbox 1346 2827 1487 2904; x_wconf 74' lang='lat' dir='ltr'><strong>profundo</strong></span> <span class='ocrx_word' id='word_1_322' title='bbox 1511 2845 1603 2886; x_wconf 90' lang='lat' dir='ltr'><strong>somno</strong></span> 
     </span>
     <span class='ocr_line' id='line_1_29' title="bbox 321 2913 1603 2992; baseline -0.004 -19"><span class='ocrx_word' id='word_1_323' title='bbox 321 2917 429 2992; x_wconf 85' lang='lat' dir='ltr'><strong>sopitos</strong></span> <span class='ocrx_word' id='word_1_324' title='bbox 450 2916 479 2971; x_wconf 89' lang='lat' dir='ltr'><strong>in</strong></span> <span class='ocrx_word' id='word_1_325' title='bbox 500 2914 569 2972; x_wconf 86' lang='lat' dir='ltr'><strong>hane</strong></span> <span class='ocrx_word' id='word_1_326' title='bbox 590 2931 677 2988; x_wconf 79' lang='lat' dir='ltr'><strong>usqrre</strong></span> <span class='ocrx_word' id='word_1_327' title='bbox 698 2915 794 2973; x_wconf 91' lang='lat' dir='ltr'><strong>boram</strong></span> <span class='ocrx_word' id='word_1_328' title='bbox 815 2914 1026 2979; x_wconf 83' lang='lat' dir='ltr'><strong>obdormivisse,</strong></span> <span class='ocrx_word' id='word_1_329' title='bbox 1056 2923 1087 2972; x_wconf 94' lang='lat' dir='ltr'><strong>ut</strong></span> <span class='ocrx_word' id='word_1_330' title='bbox 1113 2914 1172 2972; x_wconf 79' lang='lat' dir='ltr'><strong>baec</strong></span> <span class='ocrx_word' id='word_1_331' title='bbox 1188 2914 1299 2972; x_wconf 86' lang='lat' dir='ltr'><strong>demum</strong></span> <span class='ocrx_word' id='word_1_332' title='bbox 1321 2915 1471 2972; x_wconf 79' lang='lat' dir='ltr'><strong>Turcamm</strong></span> <span class='ocrx_word' id='word_1_333' title='bbox 1492 2913 1603 2972; x_wconf 85' lang='lat' dir='ltr'><strong>victoria</strong></span> 
     </span>
     <span class='ocr_line' id='line_1_30' title="bbox 321 2997 1603 3075; baseline 0 -17"><span class='ocrx_word' id='word_1_334' title='bbox 321 3017 372 3059; x_wconf 88' lang='lat' dir='ltr'><strong>nos</strong></span> <span class='ocrx_word' id='word_1_335' title='bbox 394 3001 539 3066; x_wconf 77' lang='lat' dir='ltr'><strong>excitaret:</strong></span> <span class='ocrx_word' id='word_1_336' title='bbox 569 3000 629 3056; x_wconf 86' lang='lat' dir='ltr'><strong>sed·</strong></span> <span class='ocrx_word' id='word_1_337' title='bbox 645 2997 690 3056; x_wconf 88' lang='lat' dir='ltr'><strong>diu</strong></span> <span class='ocrx_word' id='word_1_338' title='bbox 720 3007 781 3056; x_wconf 89' lang='lat' dir='ltr'><strong>ante</strong></span> <span class='ocrx_word' id='word_1_339' title='bbox 809 3000 980 3075; x_wconf 75' lang='lat' dir='ltr'><strong>praevidimus</strong></span> <span class='ocrx_word' id='word_1_340' title='bbox 1009 3017 1040 3056; x_wconf 92' lang='lat' dir='ltr'><strong>ea</strong></span> <span class='ocrx_word' id='word_1_341' title='bbox 1069 3016 1129 3074; x_wconf 81' lang='lat' dir='ltr'><strong>quae</strong></span> <span class='ocrx_word' id='word_1_342' title='bbox 1156 3015 1229 3058; x_wconf 86' lang='lat' dir='ltr'><strong>nunc</strong></span> <span class='ocrx_word' id='word_1_343' title='bbox 1255 3007 1318 3056; x_wconf 88' lang='lat' dir='ltr'><strong>ante</strong></span> <span class='ocrx_word' id='word_1_344' title='bbox 1346 2999 1441 3056; x_wconf 89' lang='lat' dir='ltr'><strong>oculos</strong></span> <span class='ocrx_word' id='word_1_345' title='bbox 1465 2997 1603 3058; x_wconf 83' lang='lat' dir='ltr'><strong>babemus.</strong></span> 
     </span>
     <span class='ocr_line' id='line_1_31' title="bbox 322 3085 1632 3160; baseline -0.002 -18"><span class='ocrx_word' id='word_1_346' title='bbox 322 3085 554 3160; x_wconf 79' lang='lat' dir='ltr'><strong>smotissimaeque</strong></span> <span class='ocrx_word' id='word_1_347' title='bbox 581 3085 719 3142; x_wconf 80' lang='lat' dir='ltr'><strong>memoriae</strong></span> <span class='ocrx_word' id='word_1_348' title='bbox 747 3085 962 3160; x_wconf 84' lang='lat' dir='ltr'><strong>praedecessores</strong></span> <span class='ocrx_word' id='word_1_349' title='bbox 977 3085 1143 3143; x_wconf 56' lang='lat' dir='ltr'><strong>»sanctitatis</strong></span> <span class='ocrx_word' id='word_1_350' title='bbox 1175 3092 1289 3148; x_wconf 84' lang='lat' dir='ltr'><strong>vestrae,</strong></span> <span class='ocrx_word' id='word_1_351' title='bbox 1325 3085 1373 3160; x_wconf 90' lang='lat' dir='ltr'><strong>qui</strong></span> <span class='ocrx_word' id='word_1_352' title='bbox 1399 3091 1483 3141; x_wconf 86' lang='lat' dir='ltr'><strong>aetate</strong></span> <span class='ocrx_word' id='word_1_353' title='bbox 1511 3092 1632 3142; x_wconf 72' lang='lat' dir='ltr'><strong>nocuae</strong></span> 
     </span>
     <span class='ocr_line' id='line_1_32' title="bbox 321 3169 1606 3245; baseline -0.002 -19"><span class='ocrx_word' id='word_1_354' title='bbox 321 3171 460 3234; x_wconf 83' lang='lat' dir='ltr'><strong>vixerunt.</strong></span> <span class='ocrx_word' id='word_1_355' title='bbox 482 3169 637 3226; x_wconf 89' lang='lat' dir='ltr'><strong>monuimus</strong></span> <span class='ocrx_word' id='word_1_356' title='bbox 660 3171 869 3245; x_wconf 78' lang='lat' dir='ltr'><strong>rogavimusque</strong></span> <span class='ocrx_word' id='word_1_357' title='bbox 891 3177 919 3228; x_wconf 87' lang='lat' dir='ltr'><strong>et</strong></span> <span class='ocrx_word' id='word_1_358' title='bbox 941 3170 1114 3244; x_wconf 82' lang='lat' dir='ltr'><strong>perviscera</strong></span> <span class='ocrx_word' id='word_1_359' title='bbox 1140 3169 1309 3242; x_wconf 79' lang='lat' dir='ltr'><strong>mericordiae</strong></span> <span class='ocrx_word' id='word_1_360' title='bbox 1332 3169 1377 3225; x_wconf 83' lang='lat' dir='ltr'><strong>llei</strong></span> <span class='ocrx_word' id='word_1_361' title='bbox 1406 3169 1541 3226; x_wconf 80' lang='lat' dir='ltr'><strong>obtestati</strong></span> <span class='ocrx_word' id='word_1_362' title='bbox 1563 3185 1606 3225; x_wconf 91' lang='lat' dir='ltr'><strong>su·</strong></span> 
     </span>
     <span class='ocr_line' id='line_1_33' title="bbox 321 3249 1606 3330; baseline -0.003 -16"><span class='ocrx_word' id='word_1_363' title='bbox 321 3249 396 3320; x_wconf 77' lang='lat' dir='ltr'><strong>inus,</strong></span> <span class='ocrx_word' id='word_1_364' title='bbox 418 3263 450 3312; x_wconf 91' lang='lat' dir='ltr'><strong>ut</strong></span> <span class='ocrx_word' id='word_1_365' title='bbox 471 3255 630 3314; x_wconf 71' lang='lat' dir='ltr'><strong>Christiano</strong></span> <span class='ocrx_word' id='word_1_366' title='bbox 652 3254 807 3330; x_wconf 83' lang='lat' dir='ltr'><strong>reipublicae</strong></span> <span class='ocrx_word' id='word_1_367' title='bbox 830 3253 1021 3312; x_wconf 81' lang='lat' dir='ltr'><strong>consulerent:</strong></span> <span class='ocrx_word' id='word_1_368' title='bbox 1049 3271 1168 3329; x_wconf 83' lang='lat' dir='ltr'><strong>quorum</strong></span> <span class='ocrx_word' id='word_1_369' title='bbox 1189 3253 1273 3328; x_wconf 85' lang='lat' dir='ltr'><strong>aliqui</strong></span> <span class='ocrx_word' id='word_1_370' title='bbox 1295 3253 1438 3310; x_wconf 88' lang='lat' dir='ltr'><strong>uobiscum</strong></span> <span class='ocrx_word' id='word_1_371' title='bbox 1460 3265 1606 3311; x_wconf 82' lang='lat' dir='ltr'><strong>consense-</strong></span> 
     </span>
     <span class='ocr_line' id='line_1_34' title="bbox 322 3337 1606 3415; baseline -0.004 -16"><span class='ocrx_word' id='word_1_372' title='bbox 322 3351 399 3405; x_wconf 87' lang='lat' dir='ltr'><strong>runt.</strong></span> <span class='ocrx_word' id='word_1_373' title='bbox 429 3340 478 3398; x_wconf 88' lang='lat' dir='ltr'><strong>sed</strong></span> <span class='ocrx_word' id='word_1_374' title='bbox 505 3347 593 3398; x_wconf 89' lang='lat' dir='ltr'><strong>tamen</strong></span> <span class='ocrx_word' id='word_1_375' title='bbox 621 3357 729 3415; x_wconf 87' lang='lat' dir='ltr'><strong>sempor</strong></span> <span class='ocrx_word' id='word_1_376' title='bbox 755 3341 856 3414; x_wconf 89' lang='lat' dir='ltr'><strong>reperti</strong></span> <span class='ocrx_word' id='word_1_377' title='bbox 886 3348 950 3397; x_wconf 90' lang='lat' dir='ltr'><strong>sunt</strong></span> <span class='ocrx_word' id='word_1_378' title='bbox 976 3340 1025 3414; x_wconf 90' lang='lat' dir='ltr'><strong>qui</strong></span> <span class='ocrx_word' id='word_1_379' title='bbox 1050 3347 1105 3396; x_wconf 70' lang='lat' dir='ltr'><strong>mm</strong></span> <span class='ocrx_word' id='word_1_380' title='bbox 1133 3338 1262 3414; x_wconf 75' lang='lat' dir='ltr'><strong>gloriose</strong></span> <span class='ocrx_word' id='word_1_381' title='bbox 1284 3347 1312 3395; x_wconf 89' lang='lat' dir='ltr'><strong>ct</strong></span> <span class='ocrx_word' id='word_1_382' title='bbox 1334 3339 1389 3396; x_wconf 83' lang='lat' dir='ltr'><strong>tam</strong></span> <span class='ocrx_word' id='word_1_383' title='bbox 1410 3337 1465 3395; x_wconf 78' lang='lat' dir='ltr'><strong>lieo</strong></span> <span class='ocrx_word' id='word_1_384' title='bbox 1488 3347 1606 3414; x_wconf 77' lang='lat' dir='ltr'><strong>accepte</strong></span> 
     </span>
     <span class='ocr_line' id='line_1_35' title="bbox 322 3421 1605 3500; baseline -0.005 -16"><span class='ocrx_word' id='word_1_385' title='bbox 322 3425 487 3500; x_wconf 75' lang='lat' dir='ltr'><strong>expeditioni</strong></span> <span class='ocrx_word' id='word_1_386' title='bbox 509 3425 673 3488; x_wconf 81' lang='lat' dir='ltr'><strong>inriderent.</strong></span> <span class='ocrx_word' id='word_1_387' title='bbox 702 3435 729 3482; x_wconf 92' lang='lat' dir='ltr'><strong>et</strong></span> <span class='ocrx_word' id='word_1_388' title='bbox 758 3426 830 3482; x_wconf 88' lang='lat' dir='ltr'><strong>omni</strong></span> <span class='ocrx_word' id='word_1_389' title='bbox 845 3426 920 3482; x_wconf 66' lang='lat' dir='ltr'><strong>vnixu</strong></span> <span class='ocrx_word' id='word_1_390' title='bbox 948 3425 1026 3482; x_wconf 91' lang='lat' dir='ltr'><strong>nobis</strong></span> <span class='ocrx_word' id='word_1_391' title='bbox 1042 3423 1271 3482; x_wconf 54' lang='lat' dir='ltr'><strong>adversarentur:</strong></span> <span class='ocrx_word' id='word_1_392' title='bbox 1307 3423 1380 3498; x_wconf 91' lang='lat' dir='ltr'><strong>quod</strong></span> <span class='ocrx_word' id='word_1_393' title='bbox 1407 3424 1429 3480; x_wconf 89' lang='lat' dir='ltr'><strong>si</strong></span> <span class='ocrx_word' id='word_1_394' title='bbox 1460 3421 1502 3479; x_wconf 80' lang='lat' dir='ltr'><strong>nli</strong></span> <span class='ocrx_word' id='word_1_395' title='bbox 1528 3425 1605 3480; x_wconf 89' lang='lat' dir='ltr'><strong>iidem</strong></span> 
     </span>
     <span class='ocr_line' id='line_1_36' title="bbox 321 3507 1634 3586; baseline -0.007 -16"><span class='ocrx_word' id='word_1_396' title='bbox 321 3511 474 3572; x_wconf 78' lang='lat' dir='ltr'><strong>sanctitatis</strong></span> <span class='ocrx_word' id='word_1_397' title='bbox 496 3520 593 3568; x_wconf 77' lang='lat' dir='ltr'><strong>vestro</strong></span> <span class='ocrx_word' id='word_1_398' title='bbox 614 3512 829 3586; x_wconf 72' lang='lat' dir='ltr'><strong>predecessores</strong></span> <span class='ocrx_word' id='word_1_399' title='bbox 851 3510 971 3567; x_wconf 85' lang='lat' dir='ltr'><strong>virerent</strong></span> <span class='ocrx_word' id='word_1_400' title='bbox 993 3511 1039 3584; x_wconf 91' lang='lat' dir='ltr'><strong>qui</strong></span> <span class='ocrx_word' id='word_1_401' title='bbox 1062 3517 1143 3567; x_wconf 76' lang='lat' dir='ltr'><strong>etate</strong></span> <span class='ocrx_word' id='word_1_402' title='bbox 1165 3517 1259 3566; x_wconf 88' lang='lat' dir='ltr'><strong>nostra</strong></span> <span class='ocrx_word' id='word_1_403' title='bbox 1281 3509 1370 3571; x_wconf 80' lang='lat' dir='ltr'><strong>luere,</strong></span> <span class='ocrx_word' id='word_1_404' title='bbox 1393 3507 1545 3566; x_wconf 87' lang='lat' dir='ltr'><strong>redderent</strong></span> <span class='ocrx_word' id='word_1_405' title='bbox 1565 3517 1634 3564; x_wconf 80' lang='lat' dir='ltr'><strong>re-as</strong></span> 
     </span>
     <span class='ocr_line' id='line_1_37' title="bbox 321 3591 1607 3669; baseline -0.002 -17"><span class='ocrx_word' id='word_1_406' title='bbox 321 3594 410 3653; x_wconf 87' lang='lat' dir='ltr'><strong>ritatis</strong></span> <span class='ocrx_word' id='word_1_407' title='bbox 433 3595 631 3660; x_wconf 85' lang='lat' dir='ltr'><strong>testimonium,</strong></span> <span class='ocrx_word' id='word_1_408' title='bbox 661 3605 690 3653; x_wconf 92' lang='lat' dir='ltr'><strong>et</strong></span> <span class='ocrx_word' id='word_1_409' title='bbox 711 3595 852 3653; x_wconf 88' lang='lat' dir='ltr'><strong>nobiseum</strong></span> <span class='ocrx_word' id='word_1_410' title='bbox 874 3611 928 3652; x_wconf 89' lang='lat' dir='ltr'><strong>una</strong></span> <span class='ocrx_word' id='word_1_411' title='bbox 950 3593 1110 3652; x_wconf 75' lang='lat' dir='ltr'><strong>Christiane</strong></span> <span class='ocrx_word' id='word_1_412' title='bbox 1131 3593 1287 3669; x_wconf 89' lang='lat' dir='ltr'><strong>reipublicae</strong></span> <span class='ocrx_word' id='word_1_413' title='bbox 1309 3602 1365 3650; x_wconf 89' lang='lat' dir='ltr'><strong>tam</strong></span> <span class='ocrx_word' id='word_1_414' title='bbox 1385 3591 1538 3667; x_wconf 83' lang='lat' dir='ltr'><strong>lugubrem</strong></span> <span class='ocrx_word' id='word_1_415' title='bbox 1560 3595 1607 3649; x_wconf 90' lang='lat' dir='ltr'><strong>bo·</strong></span> 
     </span>
     <span class='ocr_line' id='line_1_38' title="bbox 322 3678 1608 3756; baseline -0.004 -18"><span class='ocrx_word' id='word_1_416' title='bbox 322 3682 404 3738; x_wconf 86' lang='lat' dir='ltr'><strong>stium</strong></span> <span class='ocrx_word' id='word_1_417' title='bbox 426 3681 566 3740; x_wconf 86' lang='lat' dir='ltr'><strong>victoriam</strong></span> <span class='ocrx_word' id='word_1_418' title='bbox 590 3682 813 3756; x_wconf 87' lang='lat' dir='ltr'><strong>ingemiscerent,</strong></span> <span class='ocrx_word' id='word_1_419' title='bbox 835 3687 862 3736; x_wconf 92' lang='lat' dir='ltr'><strong>et</strong></span> <span class='ocrx_word' id='word_1_420' title='bbox 885 3687 983 3754; x_wconf 92' lang='lat' dir='ltr'><strong>sponte</strong></span> <span class='ocrx_word' id='word_1_421' title='bbox 1005 3697 1055 3736; x_wconf 92' lang='lat' dir='ltr'><strong>sua</strong></span> <span class='ocrx_word' id='word_1_422' title='bbox 1076 3680 1227 3736; x_wconf 76' lang='lat' dir='ltr'><strong>laberentur</strong></span> <span class='ocrx_word' id='word_1_423' title='bbox 1241 3678 1439 3753; x_wconf 85' lang='lat' dir='ltr'><strong>expeditionem</strong></span> <span class='ocrx_word' id='word_1_424' title='bbox 1454 3678 1540 3736; x_wconf 89' lang='lat' dir='ltr'><strong>istam</strong></span> <span class='ocrx_word' id='word_1_425' title='bbox 1556 3695 1608 3734; x_wconf 90' lang='lat' dir='ltr'><strong>non</strong></span> 
     </span>
     <span class='ocr_line' id='line_1_39' title="bbox 321 3761 1608 3842; baseline -0.002 -20"><span class='ocrx_word' id='word_1_426' title='bbox 321 3767 372 3824; x_wconf 89' lang='lat' dir='ltr'><strong>hac</strong></span> <span class='ocrx_word' id='word_1_427' title='bbox 394 3774 554 3841; x_wconf 87' lang='lat' dir='ltr'><strong>tempestate</strong></span> <span class='ocrx_word' id='word_1_428' title='bbox 582 3767 668 3840; x_wconf 88' lang='lat' dir='ltr'><strong>magis</strong></span> <span class='ocrx_word' id='word_1_429' title='bbox 695 3783 774 3840; x_wconf 86' lang='lat' dir='ltr'><strong>quam</strong></span> <span class='ocrx_word' id='word_1_430' title='bbox 803 3782 910 3839; x_wconf 88' lang='lat' dir='ltr'><strong>semper</strong></span> <span class='ocrx_word' id='word_1_431' title='bbox 935 3766 1115 3824; x_wconf 85' lang='lat' dir='ltr'><strong>necessariam</strong></span> <span class='ocrx_word' id='word_1_432' title='bbox 1148 3764 1243 3820; x_wconf 88' lang='lat' dir='ltr'><strong>luisse.</strong></span> <span class='ocrx_word' id='word_1_433' title='bbox 1292 3763 1390 3822; x_wconf 85' lang='lat' dir='ltr'><strong>Verum</strong></span> <span class='ocrx_word' id='word_1_434' title='bbox 1417 3761 1474 3820; x_wconf 77' lang='lat' dir='ltr'><strong>lieo</strong></span> <span class='ocrx_word' id='word_1_435' title='bbox 1504 3763 1608 3842; x_wconf 85' lang='lat' dir='ltr'><strong>optimo</strong></span> 
     </span>
     <span class='ocr_line' id='line_1_40' title="bbox 321 3846 1609 3928; baseline -0.001 -21"><span class='ocrx_word' id='word_1_436' title='bbox 321 3851 436 3928; x_wconf 70' lang='lat' dir='ltr'><strong>mammo</strong></span> <span class='ocrx_word' id='word_1_437' title='bbox 459 3853 561 3926; x_wconf 86' lang='lat' dir='ltr'><strong>gratias</strong></span> <span class='ocrx_word' id='word_1_438' title='bbox 583 3853 701 3926; x_wconf 84' lang='lat' dir='ltr'><strong>agimus,</strong></span> <span class='ocrx_word' id='word_1_439' title='bbox 725 3851 797 3924; x_wconf 92' lang='lat' dir='ltr'><strong>quod</strong></span> <span class='ocrx_word' id='word_1_440' title='bbox 819 3851 946 3907; x_wconf 89' lang='lat' dir='ltr'><strong>maiestas</strong></span> <span class='ocrx_word' id='word_1_441' title='bbox 967 3865 1016 3908; x_wconf 84' lang='lat' dir='ltr'><strong>sus</strong></span> <span class='ocrx_word' id='word_1_442' title='bbox 1038 3867 1089 3906; x_wconf 90' lang='lat' dir='ltr'><strong>uos</strong></span> <span class='ocrx_word' id='word_1_443' title='bbox 1110 3849 1282 3924; x_wconf 85' lang='lat' dir='ltr'><strong>potissimum</strong></span> <span class='ocrx_word' id='word_1_444' title='bbox 1301 3849 1421 3909; x_wconf 82' lang='lat' dir='ltr'><strong>excitare</strong></span> <span class='ocrx_word' id='word_1_445' title='bbox 1440 3846 1535 3906; x_wconf 80' lang='lat' dir='ltr'><strong>voluit</strong></span> <span class='ocrx_word' id='word_1_446' title='bbox 1549 3848 1609 3906; x_wconf 84' lang='lat' dir='ltr'><strong>bea-</strong></span> 
     </span>
     <span class='ocr_line' id='line_1_41' title="bbox 322 3932 1637 4010; baseline -0.007 -19"><span class='ocrx_word' id='word_1_447' title='bbox 322 3935 437 3992; x_wconf 87' lang='lat' dir='ltr'><strong>titudine</strong></span> <span class='ocrx_word' id='word_1_448' title='bbox 458 3944 548 3993; x_wconf 87' lang='lat' dir='ltr'><strong>restra</strong></span> <span class='ocrx_word' id='word_1_449' title='bbox 570 3935 629 3992; x_wconf 88' lang='lat' dir='ltr'><strong>eius</strong></span> <span class='ocrx_word' id='word_1_450' title='bbox 650 3936 734 3994; x_wconf 88' lang='lat' dir='ltr'><strong>vicem</strong></span> <span class='ocrx_word' id='word_1_451' title='bbox 761 3943 875 4010; x_wconf 84' lang='lat' dir='ltr'><strong>gerente</strong></span> <span class='ocrx_word' id='word_1_452' title='bbox 901 3941 930 3992; x_wconf 89' lang='lat' dir='ltr'><strong>ct</strong></span> <span class='ocrx_word' id='word_1_453' title='bbox 955 3951 1076 4010; x_wconf 86' lang='lat' dir='ltr'><strong>gregem</strong></span> <span class='ocrx_word' id='word_1_454' title='bbox 1096 3934 1184 3992; x_wconf 87' lang='lat' dir='ltr'><strong>ovium</strong></span> <span class='ocrx_word' id='word_1_455' title='bbox 1213 3949 1323 3992; x_wconf 88' lang='lat' dir='ltr'><strong>suarum</strong></span> <span class='ocrx_word' id='word_1_456' title='bbox 1352 3932 1465 4008; x_wconf 86' lang='lat' dir='ltr'><strong>egregie</strong></span> <span class='ocrx_word' id='word_1_457' title='bbox 1492 3941 1637 3992; x_wconf 74' lang='lat' dir='ltr'><strong>tutantem</strong></span> 
     </span>
     <span class='ocr_line' id='line_1_42' title="bbox 322 4017 1609 4095; baseline -0.002 -19"><span class='ocrx_word' id='word_1_458' title='bbox 322 4037 384 4093; x_wconf 82' lang='lat' dir='ltr'><strong>quaa</strong></span> <span class='ocrx_word' id='word_1_459' title='bbox 407 4020 431 4076; x_wconf 88' lang='lat' dir='ltr'><strong>si</strong></span> <span class='ocrx_word' id='word_1_460' title='bbox 452 4027 570 4094; x_wconf 82' lang='lat' dir='ltr'><strong>coeptnm</strong></span> <span class='ocrx_word' id='word_1_461' title='bbox 592 4020 644 4078; x_wconf 89' lang='lat' dir='ltr'><strong>iter</strong></span> <span class='ocrx_word' id='word_1_462' title='bbox 665 4022 803 4095; x_wconf 84' lang='lat' dir='ltr'><strong>peregerit</strong></span> <span class='ocrx_word' id='word_1_463' title='bbox 825 4021 893 4078; x_wconf 85' lang='lat' dir='ltr'><strong>duee</strong></span> <span class='ocrx_word' id='word_1_464' title='bbox 914 4021 1014 4079; x_wconf 85' lang='lat' dir='ltr'><strong>virtute</strong></span> <span class='ocrx_word' id='word_1_465' title='bbox 1035 4037 1099 4084; x_wconf 88' lang='lat' dir='ltr'><strong>sua,</strong></span> <span class='ocrx_word' id='word_1_466' title='bbox 1121 4017 1227 4076; x_wconf 90' lang='lat' dir='ltr'><strong>nullum</strong></span> <span class='ocrx_word' id='word_1_467' title='bbox 1248 4019 1407 4080; x_wconf 86' lang='lat' dir='ltr'><strong>discrimen,</strong></span> <span class='ocrx_word' id='word_1_468' title='bbox 1437 4017 1515 4074; x_wconf 86' lang='lat' dir='ltr'><strong>nulla</strong></span> <span class='ocrx_word' id='word_1_469' title='bbox 1539 4017 1609 4076; x_wconf 76' lang='lat' dir='ltr'><strong>cala·</strong></span> 
     </span>
     <span class='ocr_line' id='line_1_43' title="bbox 322 4103 1610 4180; baseline -0.001 -20"><span class='ocrx_word' id='word_1_470' title='bbox 322 4104 402 4161; x_wconf 77' lang='lat' dir='ltr'><strong>mnas</strong></span> <span class='ocrx_word' id='word_1_471' title='bbox 424 4103 582 4162; x_wconf 75' lang='lat' dir='ltr'><strong>Christiane</strong></span> <span class='ocrx_word' id='word_1_472' title='bbox 605 4104 761 4180; x_wconf 75' lang='lat' dir='ltr'><strong>reipublice</strong></span> <span class='ocrx_word' id='word_1_473' title='bbox 783 4105 922 4162; x_wconf 87' lang='lat' dir='ltr'><strong>subeunda</strong></span> <span class='ocrx_word' id='word_1_474' title='bbox 936 4113 984 4162; x_wconf 89' lang='lat' dir='ltr'><strong>aut</strong></span> <span class='ocrx_word' id='word_1_475' title='bbox 998 4104 1212 4180; x_wconf 84' lang='lat' dir='ltr'><strong>pertimescenda</strong></span> <span class='ocrx_word' id='word_1_476' title='bbox 1226 4113 1282 4168; x_wconf 70' lang='lat' dir='ltr'><strong>esta</strong></span> <span class='ocrx_word' id='word_1_477' title='bbox 1305 4119 1425 4177; x_wconf 82' lang='lat' dir='ltr'><strong>uosque,</strong></span> <span class='ocrx_word' id='word_1_478' title='bbox 1447 4103 1544 4176; x_wconf 86' lang='lat' dir='ltr'><strong>quoad</strong></span> <span class='ocrx_word' id='word_1_479' title='bbox 1559 4103 1610 4158; x_wconf 85' lang='lat' dir='ltr'><strong>vita</strong></span> 
     </span>
     <span class='ocr_line' id='line_1_44' title="bbox 323 4187 1609 4268; baseline 0.001 -24"><span class='ocrx_word' id='word_1_480' title='bbox 323 4189 474 4264; x_wconf 86' lang='lat' dir='ltr'><strong>supererit,</strong></span> <span class='ocrx_word' id='word_1_481' title='bbox 496 4206 632 4264; x_wconf 87' lang='lat' dir='ltr'><strong>nunquam</strong></span> <span class='ocrx_word' id='word_1_482' title='bbox 654 4189 809 4250; x_wconf 86' lang='lat' dir='ltr'><strong>deseremus</strong></span> <span class='ocrx_word' id='word_1_483' title='bbox 832 4199 886 4248; x_wconf 89' lang='lat' dir='ltr'><strong>tarn</strong></span> <span class='ocrx_word' id='word_1_484' title='bbox 902 4189 1050 4264; x_wconf 89' lang='lat' dir='ltr'><strong>gloriosam</strong></span> <span class='ocrx_word' id='word_1_485' title='bbox 1066 4189 1322 4268; x_wconf 53' lang='lat' dir='ltr'><strong>provinciamstam</strong></span> <span class='ocrx_word' id='word_1_486' title='bbox 1339 4187 1535 4252; x_wconf 83' lang='lat' dir='ltr'><strong>necessariam,</strong></span> <span class='ocrx_word' id='word_1_487' title='bbox 1557 4197 1609 4245; x_wconf 85' lang='lat' dir='ltr'><strong>tam</strong></span> 
     </span>
     <span class='ocr_line' id='line_1_45' title="bbox 323 4272 1610 4349; baseline 0.003 -21"><span class='ocrx_word' id='word_1_488' title='bbox 323 4272 377 4346; x_wconf 91' lang='lat' dir='ltr'><strong>ipsi</strong></span> <span class='ocrx_word' id='word_1_489' title='bbox 396 4273 450 4332; x_wconf 85' lang='lat' dir='ltr'><strong>Deo</strong></span> <span class='ocrx_word' id='word_1_490' title='bbox 474 4282 624 4348; x_wconf 85' lang='lat' dir='ltr'><strong>acceptam,</strong></span> <span class='ocrx_word' id='word_1_491' title='bbox 651 4274 698 4332; x_wconf 87' lang='lat' dir='ltr'><strong>sed</strong></span> <span class='ocrx_word' id='word_1_492' title='bbox 721 4292 801 4348; x_wconf 87' lang='lat' dir='ltr'><strong>opes,</strong></span> <span class='ocrx_word' id='word_1_493' title='bbox 829 4275 914 4338; x_wconf 86' lang='lat' dir='ltr'><strong>vires.</strong></span> <span class='ocrx_word' id='word_1_494' title='bbox 943 4275 1101 4349; x_wconf 86' lang='lat' dir='ltr'><strong>sangninem</strong></span> <span class='ocrx_word' id='word_1_495' title='bbox 1123 4284 1247 4332; x_wconf 88' lang='lat' dir='ltr'><strong>nostrum</strong></span> <span class='ocrx_word' id='word_1_496' title='bbox 1270 4274 1351 4331; x_wconf 85' lang='lat' dir='ltr'><strong>etiam</strong></span> <span class='ocrx_word' id='word_1_497' title='bbox 1379 4273 1413 4330; x_wconf 89' lang='lat' dir='ltr'><strong>ad</strong></span> <span class='ocrx_word' id='word_1_498' title='bbox 1433 4281 1546 4332; x_wconf 83' lang='lat' dir='ltr'><strong>certum</strong></span> <span class='ocrx_word' id='word_1_499' title='bbox 1567 4289 1610 4332; x_wconf 78' lang='lat' dir='ltr'><strong>ex·</strong></span> 
     </span>
     <span class='ocr_line' id='line_1_46' title="bbox 323 4356 1639 4431; baseline 0.007 -19"><span class='ocrx_word' id='word_1_500' title='bbox 323 4356 400 4413; x_wconf 88' lang='lat' dir='ltr'><strong>itium</strong></span> <span class='ocrx_word' id='word_1_501' title='bbox 419 4375 470 4431; x_wconf 91' lang='lat' dir='ltr'><strong>pro</strong></span> <span class='ocrx_word' id='word_1_502' title='bbox 492 4357 591 4415; x_wconf 82' lang='lat' dir='ltr'><strong>Christi</strong></span> <span class='ocrx_word' id='word_1_503' title='bbox 613 4359 665 4416; x_wconf 88' lang='lat' dir='ltr'><strong>lide</strong></span> <span class='ocrx_word' id='word_1_504' title='bbox 686 4359 865 4418; x_wconf 80' lang='lat' dir='ltr'><strong>conteremus.</strong></span> <span class='ocrx_word' id='word_1_505' title='bbox 1517 4380 1522 4388; x_wconf 82' lang='grc'>’</span> <span class='ocrx_word' id='word_1_506' title='bbox 1617 4366 1639 4406; x_wconf 78' lang='lat'><strong>¹⁵</strong></span> 
     </span>
    </p>
   </div>
   <div class='ocr_carea' id='block_1_3' title="bbox 322 4535 1613 4858">
    <p class='ocr_par' dir='ltr' id='par_1_3' title="bbox 322 4535 1613 4858">
     <span class='ocr_line' id='line_1_47' title="bbox 340 4535 1609 4607; baseline -0.001 -17"><span class='ocrx_word' id='word_1_507' title='bbox 340 4597 343 4604; x_wconf 18' lang='grc' dir='ltr'><strong>Α</strong></span> <span class='ocrx_word' id='word_1_508' title='bbox 391 4535 488 4605; x_wconf 83' lang='lat' dir='ltr'><strong>¹cuni]</strong></span> <span class='ocrx_word' id='word_1_509' title='bbox 508 4553 590 4606; x_wconf 82' lang='lat' dir='ltr'><strong>quum</strong></span> <span class='ocrx_word' id='word_1_510' title='bbox 606 4541 655 4592; x_wconf 78' lang='lat' dir='ltr'><strong>Ba.</strong></span> <span class='ocrx_word' id='word_1_511' title='bbox 706 4539 862 4594; x_wconf 67' lang='lat' dir='ltr'><strong>&#39;censum</strong></span> <span class='ocrx_word' id='word_1_512' title='bbox 881 4541 908 4592; x_wconf 84' lang='lat' dir='ltr'><strong>G.</strong></span> <span class='ocrx_word' id='word_1_513' title='bbox 922 4543 959 4594; x_wconf 77' lang='grc' dir='ltr'><strong>Η.</strong></span> <span class='ocrx_word' id='word_1_514' title='bbox 1012 4535 1609 4607; x_wconf 71' lang='lat' dir='ltr'><strong>11.Reg.XX11.at.ct.Pss1n.xvmot</strong></span> 
     </span>
     <span class='ocr_line' id='line_1_48' title="bbox 323 4619 1613 4689; baseline -0.003 -13"><span class='ocrx_word' id='word_1_515' title='bbox 323 4623 491 4689; x_wconf 68' lang='grc' dir='ltr'><strong>8ιιοῐτοΒι.</strong></span> <span class='ocrx_word' id='word_1_516' title='bbox 510 4629 602 4676; x_wconf 82' lang='lat' dir='ltr'><strong>autam</strong></span> <span class='ocrx_word' id='word_1_517' title='bbox 614 4625 645 4676; x_wconf 81' lang='lat' dir='ltr'><strong>a.</strong></span> <span class='ocrx_word' id='word_1_518' title='bbox 686 4625 895 4679; x_wconf 78' lang='lat' dir='ltr'><strong>convinceth.</strong></span> <span class='ocrx_word' id='word_1_519' title='bbox 943 4622 1172 4677; x_wconf 62' lang='lat' dir='ltr'><strong>ootcbxxflo.</strong></span> <span class='ocrx_word' id='word_1_520' title='bbox 1218 4621 1414 4676; x_wconf 77' lang='lat' dir='ltr'><strong>¹⁰salutemlt.</strong></span> <span class='ocrx_word' id='word_1_521' title='bbox 1462 4619 1485 4652; x_wconf 81' lang='lat'><strong>¹²</strong></span> <span class='ocrx_word' id='word_1_522' title='bbox 1502 4625 1613 4688; x_wconf 78' lang='lat' dir='ltr'><strong>tempus</strong></span> 
     </span>
     <span class='ocr_line' id='line_1_49' title="bbox 322 4705 1610 4782; baseline -0.002 -25"><span class='ocrx_word' id='word_1_523' title='bbox 322 4705 386 4776; x_wconf 70' lang='lat' dir='ltr'><strong>ete]</strong></span> <span class='ocrx_word' id='word_1_524' title='bbox 398 4707 481 4760; x_wconf 70' lang='lat' dir='ltr'><strong>Pano</strong></span> <span class='ocrx_word' id='word_1_525' title='bbox 493 4723 536 4782; x_wconf 84' lang='lat' dir='ltr'><strong>ep·</strong></span> <span class='ocrx_word' id='word_1_526' title='bbox 549 4706 585 4759; x_wconf 75' lang='lat' dir='ltr'><strong>etl</strong></span> <span class='ocrx_word' id='word_1_527' title='bbox 595 4709 672 4760; x_wconf 82' lang='lat' dir='ltr'><strong>Rom.</strong></span> <span class='ocrx_word' id='word_1_528' title='bbox 685 4709 760 4761; x_wconf 86' lang='lat' dir='ltr'><strong>XIII.</strong></span> <span class='ocrx_word' id='word_1_529' title='bbox 768 4707 809 4762; x_wconf 86' lang='lat'><strong>11.</strong></span> <span class='ocrx_word' id='word_1_530' title='bbox 833 4747 837 4766; x_wconf 20' lang='grc' dir='ltr'><strong>,η</strong></span> <span class='ocrx_word' id='word_1_531' title='bbox 854 4713 956 4761; x_wconf 81' lang='lat' dir='ltr'><strong>sumae&#39;</strong></span> <span class='ocrx_word' id='word_1_532' title='bbox 967 4711 998 4760; x_wconf 78' lang='grc' dir='ltr'><strong>(ι’.</strong></span> <span class='ocrx_word' id='word_1_533' title='bbox 1017 4737 1021 4740; x_wconf 98' lang='grc'>-</span> <span class='ocrx_word' id='word_1_534' title='bbox 1045 4707 1066 4742; x_wconf 77' lang='lat'><strong>¹⁸</strong></span> <span class='ocrx_word' id='word_1_535' title='bbox 1082 4709 1189 4774; x_wconf 79' lang='lat' dir='ltr'><strong>quoties</strong></span> <span class='ocrx_word' id='word_1_536' title='bbox 1199 4707 1248 4758; x_wconf 79' lang='lat' dir='ltr'><strong>Ba.</strong></span> <span class='ocrx_word' id='word_1_537' title='bbox 1295 4705 1316 4742; x_wconf 78' lang='lat'><strong>¹²</strong></span> <span class='ocrx_word' id='word_1_538' title='bbox 1329 4707 1367 4758; x_wconf 80' lang='lat' dir='ltr'><strong>cf.</strong></span> <span class='ocrx_word' id='word_1_539' title='bbox 1378 4706 1478 4758; x_wconf 75' lang='lat' dir='ltr'><strong>Iudith.</strong></span> <span class='ocrx_word' id='word_1_540' title='bbox 1490 4706 1610 4761; x_wconf 57' lang='lat' dir='ltr'><strong>vtlalt.</strong></span> 
     </span>
     <span class='ocr_line' id='line_1_50' title="bbox 323 4787 1610 4858; baseline 0 -16"><span class='ocrx_word' id='word_1_541' title='bbox 323 4789 344 4824; x_wconf 75' lang='lat'><strong>¹⁸</strong></span> <span class='ocrx_word' id='word_1_542' title='bbox 362 4788 516 4846; x_wconf 53' lang='lat' dir='ltr'><strong>ermentei</strong></span> <span class='ocrx_word' id='word_1_543' title='bbox 527 4793 638 4848; x_wconf 74' lang='lat' dir='ltr'><strong>mo.</strong></span> <span class='ocrx_word' id='word_1_544' title='bbox 660 4791 907 4845; x_wconf 58' lang='lat' dir='ltr'><strong>‹²⁰nuneiisG.H.</strong></span> <span class='ocrx_word' id='word_1_545' title='bbox 943 4788 964 4825; x_wconf 76' lang='lat'><strong>³²</strong></span> <span class='ocrx_word' id='word_1_546' title='bbox 982 4789 1189 4844; x_wconf 66' lang='lat' dir='ltr'><strong>cf.1.nc.l.28.</strong></span> <span class='ocrx_word' id='word_1_547' title='bbox 1224 4790 1337 4842; x_wconf 69' lang='lat' dir='ltr'><strong>⁸*idem</strong></span> <span class='ocrx_word' id='word_1_548' title='bbox 1350 4793 1386 4842; x_wconf 86' lang='lat' dir='ltr'><strong>H.</strong></span> <span class='ocrx_word' id='word_1_549' title='bbox 1420 4787 1610 4858; x_wconf 67' lang='lat' dir='ltr'><strong>“pengitlt</strong></span> 
     </span>
    </p>
   </div>
   <div class='ocr_carea' id='block_1_4' title="bbox 0 0 1715 5524">
    <p class='ocr_par' dir='ltr' id='par_1_4' title="bbox 0 0 1715 5524">
     <span class='ocr_line' id='line_1_51' title="bbox 0 0 1715 5524; baseline 0 0"><span class='ocrx_word' id='word_1_550' title='bbox 0 0 1715 5524; x_wconf 95' lang='lat' dir='ltr'><strong> </strong></span> 
     </span>
    </p>
   </div>
  </div>
 </body>
</html>
