3464 5526
797 215 810 249 l

231 426 355 462 nuruum
375 425 404 460 ΙΙΙ
423 426 517 462 DVCEH
536 425 812 460 WIBTENPERGEMBN
833 425 934 460 cuncto
955 427 986 462 11·
1012 425 1123 504 lmen
1137 424 1165 460 A.
1181 419 1238 462 lbl'l'.
1331 395 1378 466 35

102 589 131 642 ut
145 579 213 652 illos
233 597 285 642 sua
307 578 472 642 nobilitavit
494 582 602 650 virtus,
622 581 662 640 ita
682 582 770 641 istum
788 582 832 641 sui
850 561 971 659 pessimi
989 597 1104 650 mores,
1127 597 1178 642 sua
1195 581 1292 658 turpia
1308 581 1380 641 laei-

101 701 165 744 nora
186 683 224 744 ad
245 683 362 744 intimas
384 683 488 744 sordes
507 682 693 753 abiecerunt,
717 701 753 744 ex
775 683 832 743 boc
855 681 973 753 ordine,
1003 681 1050 744 bis
1071 681 1234 760 equalibus
1252 683 1290 743 ad
1312 699 1380 760 per·

100 793 208 864 petuam
230 785 315 846 lant'ae
337 804 372 846 ac
393 786 520 846 nominis
540 786 733 863 ignominiam
755 791 979 862 protruserunl3
1011 787 1075 864 ipse
1104 804 1136 848 se
1165 804 1201 847 ex
1223 784 1281 846 bac
1301 782 1377 854 luc'e,

100 887 149 948 hoc
167 886 328 966 splendore
348 887 385 948 ad
406 889 541 950 intimum
563 888 705 958 dedecus,
729 887 765 948 ad
787 888 977 949 foedissimam
999 887 1175 965 flagitiorum
1198 905 1233 948 ac
1255 886 1380 948 dedeco-

80 1003 162 1050 ⁵rum
184 988 342 1068 caliginem
365 989 514 1052 demersit.
559 989 667 1051 Peccat
681 990 772 1068 igitur
789 991 840 1066 qui
858 989 937 1050 buno
956 989 1145 1072 ,principem
1166 995 1264 1059 vocal,
1288 1005 1379 1066 quan·
1391 1003 1450 1054 tro.

102 1091 256 1172 doquidem
279 1109 394 1153 summo
418 1092 515 1152 ordini
536 1093 676 1154 iniuriam
698 1092 784 1161 lacit,
807 1098 836 1152 ct
857 1091 912 1152 iste
934 1092 977 1152 sie
993 1109 1057 1153 esse
1077 1091 1177 1161 desiit,
1199 1093 1309 1172 quique
1323 1099 1382 1152 tam

100 1195 252 1256 bouesturn
276 1212 384 1254 nomen
406 1202 465 1256 mm
487 1195 566 1274 turpi
588 1197 633 1256 rei
656 1195 797 1282 imponit:
822 1209 877 1270 ego
900 1191 973 1254 nibil
994 1203 1103 1274 praeter
1125 1195 1280 1262 decorum,
1310 1192 1381 1254 nibil

101 1303 201 1374 praeter
227 1297 357 1358 officium
386 1313 456 1374 ago,
493 1299 544 1376 qui
568 1305 669 1358 contra
698 1297 848 1358 bominem
872 1294 1020 1374 perditum
1048 1314 1083 1357 ac
1109 1295 1296 1377 profligatum
1326 1313 1382 1374 prc

101 1399 263 1462 necessario
286 1418 321 1458 ac
342 1400 509 1478 propinquo
532 1418 599 1461 meo
621 1400 720 1468 renim
751 1401 840 1462 immo
863 1399 913 1478 qui
941 1417 1008 1460 eum
1036 1399 1165 1468 vindico,
1199 1415 1287 1476 quem
1316 1414 1382 1457 aau-

74 1501 183 1575 nguine
205 1519 243 1561 ac
266 1503 441 1578 cognatione
460 1503 593 1562 iunctum
614 1501 685 1562 mibi
701 1503 756 1562 iste
773 1502 941 1563 immaniter
956 1500 1124 1570 trucidavit,
1148 1519 1204 1562 nec
1218 1502 1287 1561 satis
1300 1505 1383 1560 ratus

101 1605 274 1680 peremisse,
294 1603 325 1662 iu
348 1603 477 1666 lacerato
502 1605 623 1683 insuper
646 1623 681 1664 ac
695 1604 827 1666 divexato
845 1603 991 1682 perempti
1008 1620 1134 1682 corpore
1149 1609 1280 1664 nostram
1298 1604 1382 1678 iguo·

101 1705 231 1774 minium,
268 1713 401 1768 nostrum
434 1705 562 1768 dedecus
596 1707 735 1786 quaesivit.
780 1705 874 1768 Debet
899 1707 988 1782 igitur
1016 1706 1157 1784 consequi
1185 1704 1301 1764 veniam
1329 1704 1449 1782 quicar.

100 1807 158 1868 baec
179 1807 267 1874 lecit,
290 1814 320 1870 et
341 1809 392 1886 qui
413 1810 476 1870 siue
500 1827 586 1870 causa
609 1809 694 1870 lecit?
717 1815 855 1886 atquem
877 1807 945 1868 iacti
968 1825 1027 1868 nou
1045 1807 1184 1887 poenitet?
1206 1813 1236 1868 et
1255 1807 1307 1885 qui
1321 1823 1382 1875 vos,

100 1908 253 1980 Germani,
276 1912 452 1980 contemnit,
475 1910 562 1972 buius
583 1911 684 1972 iudicii
706 1910 827 1980 diebus,
856 1909 913 1972 hac
937 1927 988 1972 sua
1018 1907 1195 1984 calamitate,
1225 1907 1283 1969 boc
1304 1909 1383 1988 peri·

75 2009 176 2080 tremo,
207 2031 297 2074 ausus
327 2030 400 2074 nova
420 2021 449 2076 et
475 2015 599 2084 atrocia,
629 2020 661 2075 ut
685 2031 788 2076 omues
814 2019 995 2091 cognoscant
1020 2029 1108 2090 quam
1129 2008 1201 2072 nihil
1224 2011 1309 2089 pensi
1331 2009 1383 2071 ha-

99 2111 177 2174 beat?
197 2123 228 2176 et
250 2117 315 2194 qui,
342 2115 413 2176 dum
437 2115 491 2176 hos
513 2115 591 2194 legat
612 2115 670 2176 buc
693 2118 743 2196 qui
765 2135 797 2177 se
819 2122 974 2182 excusent,
1005 2114 1057 2190 qui
1084 2114 1198 2173 veniam
1222 2119 1323 2181 orent,
1353 2111 1383 2172 id

100 2224 139 2276 est
159 2217 210 2294 qui
230 2216 363 2278 dicende
383 2235 478 2282 causae
493 2225 609 2296 tempus
626 2219 803 2296 prorogent,
826 2217 944 2278 iuterim
964 2233 1045 2276 arma
1061 2217 1166 2285 sumit,
1189 2211 1296 2275 milites
1313 2229 1384 2274 cou-

99 2317 211 2387 scribil,
236 2319 398 2380 exereitum
419 2327 518 2399 parat,
547 2318 652 2380 auxilia
675 2320 840 2399 prospicit?
872 2324 1003 2379 meretur
1026 2318 1146 2397 iuquam
1173 2319 1228 2376 iste
1249 2315 1383 2376 aeuum?

99 2427 144 2478 aut
165 2421 322 2504 quisquam
345 2423 384 2480 ita
408 2429 451 2481 est
471 2421 570 2482 hebeti
592 2440 683 2482 seusu·
705 2423 756 2500 qui
778 2437 838 2481 non
853 2418 996 2498 intelligat
1018 2420 1088 2498 quid
1102 2420 1147 2480 sic
1167 2417 1307 2480 moliatur
1331 2418 1451 2496 quibat.

72 2523 150 2606 aviaco
172 2541 267 2584 uuum
288 2523 346 2584 hoc
368 2531 468 2602 sperat
492 2523 573 2585 banc
595 2541 712 2584 moram
741 2522 840 2584 odium
869 2529 1084 2584 commotorum
1106 2521 1248 2584 adversus
1276 2535 1308 2580 se
1325 2518 1383 2582 bo·

99 2624 206 2684 minum
229 2623 403 2693 leniturum,
427 2642 480 2686 sua
502 2625 617 2687 scelera
640 2625 788 2686 oblivione
806 2626 925 2686 iuterim
946 2624 1103 2703 sopienda,
1126 2641 1159 2685 se
1186 2624 1309 2684 iucuriae
1334 2639 1383 2684 re·

98 2733 161 2785 strae
180 2727 338 2788 occasione
357 2728 562 2806 impunitatem
586 2727 832 2789 consecutanum?
865 2726 1019 2788 occurrite
1041 2723 1228 2787 irauduleuto
1251 2721 1383 2794 consilio,

99 2827 250 2896 Germani,
273 2827 405 2891 obsistite
421 2827 573 2892 malitiosis
591 2827 779 2908 cogitatibus:
803 2829 959 2907 praevisum
975 2809 1020 2887 est
1034 2824 1216 2906 periculum,
1242 2843 1279 2888 nc
1294 2827 1385 2887 sinite

98 2927 176 2989 adiri.
222 2928 337 3008 Fingite
357 2939 455 2993 autem
478 2929 591 2992 nullum
614 2949 678 2994 esse
702 2929 739 2992 ab
761 2931 817 2990 isto
839 2927 1019 3009 periculum,
1043 2945 1109 3006 quae
1127 2928 1164 2990 de
1185 2926 1268 2990 vobis
1287 2927 1451 2990 bont-cn.

71 3041 165 3090 anum
189 3033 397 3108 cogitationes,
421 3035 445 3094 si
465 3034 637 3102 emerserit,
659 3051 724 3112 quae
746 3031 890 3111 suspicio,
916 3013 1092 3115 qui4s'ermo
1122 3032 1192 3099 en't,
1222 3046 1287 3108 quae
1309 3028 1383 3091 iula-

98 3133 149 3192 mia
171 3127 316 3211 mouetur
337 3120 605 3206 bane'natiouem,
629 3137 758 3214 primum
784 3133 862 3213 quod
884 3134 1055 3212 potueritis,
1084 3133 1222 3213 quodque
1249 3149 1309 3192 nou
1331 3131 1383 3192 ob·
1475 3181 1481 3192 .

97 3250 177 3296 scure
198 3235 407 3308 decreveritis,
431 3255 491 3298 neu
513 3239 650 3300 affecisse
668 3243 767 3298 minen
790 3235 936 3317 supplicio
959 3235 1067 3297 ismmt
1095 3235 1202 3296 deinde
1232 3235 1274 3294 sic
1298 3210 1400 3313 puta-⁴

98 3333 165 3397 bunt
188 3338 297 3406 exteri,
320 3339 418 3398 omnia
433 3355 484 3400 vos
504 3339 630 3417 flagitia,
654 3341 753 3400 omnia
772 3337 910 3404 omuibus
927 3335 1040 3400 scelera
1059 3337 1243 3404 condensam
1267 3333 1381 3396 nullius

97 3453 156 3498 esse
184 3440 214 3500 iu
238 3440 395 3503 Germania
425 3442 543 3503 iustitie
572 3449 769 3508 momentum,
799 3439 896 3502 nullas
923 3438 1021 3517 legum
1050 3437 1199 3516 reliquias.
1244 3437 1302 3498 Sed
1326 3443 1451 3514 egomt.

70 3543 127 3597 ³⁰ut
148 3538 205 3600 boc
225 3559 281 3621 per
299 3559 349 3611 se,
374 3543 487 3603 ouamsi
508 3542 604 3604 solum
627 3544 826 3622 contingeret,
855 3543 1014 3604 maximum
1038 3557 1101 3602 esse
1131 3538 1310 3608 arbitrarer,
1343 3539 1383 3597 ita

97 3637 148 3700 boe
171 3650 257 3721 puto,
280 3644 400 3706 minime
423 3631 674 3707 contemnendum
696 3627 801 3706 istum:
831 3652 949 3723 paratos
974 3639 1064 3702 babet
1091 3639 1205 3710 Gallos,
1234 3639 1381 3700 intensum

97 3740 159 3804 huie
180 3745 291 3806 nationi
311 3745 442 3816 bostem;
466 3744 613 3808 Helvetios
634 3749 786 3816 nutantes,
807 3745 955 3808 rebellare
974 3743 1087 3804 Frisios
1109 3742 1199 3812 videl;
1223 3738 1301 3826 bello
1324 3740 1380 3802 Ve-

96 3853 159 3904 neto
182 3853 360 3924 occupatum
388 3853 432 3917 te,
465 3848 576 3918 Caesar,
607 3849 697 3910 novit.
742 3845 812 3917 Qum
840 3865 909 3910 cum
935 3863 990 3906 nos
1019 3847 1214 3914 circunstant,
1247 3849 1380 3923 optatum

97 3943 182 4006 Gallis
203 3949 317 4010 eveniet
336 3957 470 4010 nostrum
492 3967 608 4012 armare
631 3951 785 4012 adversum
808 3965 863 4009 uos
884 3947 1092 4028 obprobrium:
1119 3953 1227 4023 augent
1247 3942 1380 4024 pericula

70 4049 223 4120 “animos
244 4057 273 4110 et
294 4067 373 4128 saepe
394 4050 511 4112 initium
532 4053 632 4113 virtuli
653 4052 818 4130 desperatio
840 4049 980 4128 praebuit:
1009 4050 1074 4110 lieri
1095 4049 1195 4125 itaque
1214 4056 1325 4124 potest,
1348 4051 1381 4106 ut

99 4145 142 4208 bie
164 4169 199 4212 er
223 4151 363 4214 imbecilli
384 4152 486 4224 lortis,
521 4171 556 4214 ex
578 4155 670 4215 tracto
692 4155 790 4221 ieros,
820 4171 855 4212 ex
878 4151 992 4212 abiecto
1014 4148 1160 4228 superbus
1188 4166 1222 4208 ac
1246 4145 1377 4209 insoleus

98 4247 248 4329 aliquando
270 4261 415 4334 erumpat
457 4260 486 4314 et
512 4255 569 4315 hoo
597 4255 626 4315 in
651 4253 794 4315 sehabet
816 4252 864 4314 illa
886 4255 976 4314 reniae
997 4251 1117 4330 petitio,
1141 4250 1198 4312 boe
1220 4248 1278 4309 sibi
1302 4267 1375 4328 pro·

99 4355 203 4427 posuit,
226 4353 283 4414 boc
306 4355 433 4417 molitur.
478 4353 539 4426 Qua
564 4357 593 4416 iu
610 4373 648 4416 re
670 4373 788 4426 vereor,
817 4372 854 4416 ue
877 4355 943 4434 quis
964 4355 1115 4433 opinetur,
1145 4350 1446 4428 tam'improbo,t.t⁸·
1522 4345 1523 4353 '

98 4487 293 4502 Ἢ*-
381 4487 383 4492 ·

158 4574 170 4606 ²
187 4576 294 4628 infimas
314 4579 405 4642 usque·
417 4583 445 4625 Η.
515 4577 525 4608 ⁸
545 4573 590 4642 ac]
611 4579 639 4624 et
657 4589 724 4628 corr.
737 4581 766 4624 Η.
837 4573 858 4606 ¹⁰
877 4573 1015 4624 affinitate
1036 4574 1058 4620 1.
1080 4571 1244 4636 cognatione
1263 4585 1331 4622 corr.
1345 4574 1374 4617 H.

96 4667 199 4726 proprie
215 4665 361 4728 scripsisset
380 4661 548 4727 adgnationa
602 4658 623 4692 ¹⁷
641 4659 723 4710 sumit
742 4664 765 4710 1.
785 4657 907 4723 disponit
924 4660 1036 4708 cornil.
1097 4653 1117 4686 ¹⁰
1137 4655 1207 4718 quod
1224 4657 1250 4704 2.
1287 4651 1329 4717 qd.
1350 4657 1373 4702 1.

98 4739 118 4774 ²¹
135 4745 302 4796 belides,
339 4743 360 4776 ¹¹
380 4744 432 4795 boe
445 4748 468 4794 1.
489 4744 649 4802 aliudccrr.
662 4727 691 4792 11ss
726 4739 749 4774 ⁸²
766 4737 1135 4808 Helv.]Swiceroscorr.11.
1169 4735 1191 4770 ⁸⁴
1209 4737 1375 4802 approbati.

1088 4820 1135 4884 31
