3382 5516
340 404 421 479 236
451 431 672 470 construamur!
685 434 720 470 ll!
734 431 848 470 Tvfllllssl
863 433 975 470 ffll’nll
989 433 1214 471 Gollfl'l'l'l'V'l'loll!
1227 433 1264 470 ΑΒ
1278 433 1483 470 brutrucum
1492 433 1509 468 l.

341 595 405 670 quid
426 595 544 668 denique
566 601 619 650 tam
642 601 784 650 strenuum
806 593 974 669 principibus
998 593 1113 669 Europae
1135 593 1192 651 lere
1212 593 1423 652 dormitantibus
1441 602 1523 668 344444
1534 591 1588 648 4444·

271 695 289 747 4.
297 698 327 742 ao.
338 680 387 738 das
408 688 437 737 et
458 679 552 736 inlidas
574 687 673 753 sponte
695 695 756 736 sese
777 679 906 736 dedentes
928 679 955 736 in
977 679 1143 736 deditionem
1165 695 1242 736 suam
1261 679 1420 753 redegisse?
1444 678 1463 734 t:
1481 679 1587 734 retrario

338 765 411 822 44444
431 781 495 822 4444
516 764 641 821 Maiestas
662 772 752 820 restra
774 773 803 822 et
824 771 987 822 caeterorum
1010 764 1162 840 principum
1177 764 1393 821 Christianorum
1415 763 1537 824 examinet
1554 779 1589 836 44

337 849 514 908 nerositatem
536 849 735 923 et-potentiam
757 849 927 906 consideret:
950 849 1097 924 numquid,
1120 865 1182 924 quas
1203 866 1290 925 prope
1311 850 1465 917 innumeros
1478 865 1547 905 44444
1558 865 1589 902 se·

337 935 487 994 renissimae
508 934 655 992 Maiestatis
677 942 773 992 vestrm
794 932 947 1008 liungaria‚
971 932 1049 1008 regio
1070 933 1296 1010 populosissima.
1320 941 1408 992 tamen
1429 933 1508 990 adbuc
1523 932 1603 992 444444

336 1027 434 1078 contra
455 1021 605 1082 llomanos.
628 1017 703 1076 orbis
724 1019 864 1082 dominos.
888 1019 1035 1076 fortissime
1056 1020 1187 1094 pugnavit
1209 1019 1390 1095 ingentesque
1410 1019 1494 1076 clades
1506 1016 1549 1073 illis
1561 1017 1590 1072 in·

338 1105 414 1168 tulit.
438 1113 466 1161 et
487 1105 583 1162 deinde
605 1121 656 1178 pro
678 1103 831 1161 Christiana
852 1103 904 1161 llde
927 1105 1009 1161 toties
1032 1104 1180 1162 Saraeenm
1200 1103 1360 1167 debellarit.
1388 1121 1459 1161 nunc
1485 1101 1591 1159 florentis·

337 1191 405 1248 sima
426 1189 585 1264 artibusque
608 1187 771 1246 militaribus
793 1189 914 1264 apprime
938 1190 1084 1253 instructa.
1107 1191 1151 1246 cui
1175 1190 1373 1265 quodammodo
1396 1183 1591 1258 nullagensnul·

337 1274 417 1350 laque
439 1275 561 1350 potentia
583 1273 713 1332 resistere
734 1282 840 1349 potest,
868 1284 900 1331 444
920 1291 953 1331 44
975 1273 1181 1348 gloriosissimis
1207 1275 1329 1332 444444444
1357 1281 1480 1332 constare
1503 1271 1590 1330 uidetur.

337 1367 432 1418 eontra
453 1359 584 1416 vilissima
603 1357 737 1454 mancipia
759 1376 811 1435 pro
833 1358 985 1416 Christiana
1006 1357 1057 1416 lide
1084 1359 1186 1418 bellare
1214 1375 1271 1417 nou
1299 1357 1409 1418 audebit
1433 1367 1462 1416 44
1479 1356 1590 1432 usquead
1599 1365 1613 1403 44

269 1459 329 1510 §.tn
341 1445 552 1503 internecionem
566 1443 706 1542 prosequi
728 1459 783 1501 non
804 1444 941 1519 patietur?
968 1444 1056 1501 Furor
1083 1453 1126 1501 est
1152 1444 1277 1519 prolecto
1299 1445 1430 1502 deterreri
1457 1461 1471 1500 a
1496 1441 1592 1518 44444444

339 1530 502 1592 Turearum,
526 1530 626 1605 quippe
648 1537 750 1603 preter
771 1529 969 1604 quinquaginta
997 1527 1039 1586 vel
1066 1530 1206 1604 sexaginta
1227 1529 1312 1586 millia
1341 1531 1461 1604 equitum
1480 1536 1505 1588 44
1521 1527 1591 1584 decem

337 1614 422 1672 millia
443 1614 579 1691 peditum.
602 1631 662 1690 quae
684 1629 768 1689 supra
789 1613 931 1672 retulimus
953 1629 1014 1671 4444
1036 1614 1064 1670 44
1086 1615 1206 1672 exercitu
1229 1617 1391 1678 4444444444,
1414 1615 1535 1708 reliquum
1550 1609 1591 1666 vul·

227 1765 236 1774 ,
338 1715 392 1774 gus
413 1701 486 1757 iners
508 1708 536 1757 et
557 1702 659 1757 inerme
682 1709 738 1762 est.
768 1716 801 1758 ac
821 1698 895 1756 velut
916 1715 983 1776 grex
1004 1700 1136 1796 pecudum
1159 1699 1191 1758 ad
1213 1698 1321 1756 libitum'
1349 1699 1467 1757 victoriis
1486 1687 1535 1754 sine
1551 1691 1591 1752 ulla

338 1801 430 1861 pugna
451 1785 513 1842 duci
535 1792 643 1859 potest:
671 1785 745 1859 quod
772 1799 851 1842 secus
880 1785 908 1842 44
935 1785 1082 1860 provinciis
1103 1783 1319 1842 Christianorum
1341 1783 1486 1859 contingit:
1505 1797 1555 1838 4444
1571 1789 1613 1835 4444

338 1868 436 1945 vulgus
457 1870 539 1926 amnis
561 1869 732 1945 aptissimum
754 1878 846 1927 estet
868 1870 900 1927 ad
922 1870 1096 1945 pugnandum
1119 1849 1327 1927 lerocissimum.
1349 1870 1467 1944 llrurgat
1486 1863 1591 1946 ergolla·

338 1955 421 2012 iestas
443 1963 533 2012 vestra
546 1961 608 2012 'una
630 1972 691 2012 cum
712 1953 884 2030 Principibus
906 1953 1036 2029 lluropae,
1065 1956 1112 2030 qui
1139 1973 1282 2014 commune
1304 1955 1405 2012 bonum
1429 1962 1458 2011 ct
1476 1952 1592 2009 utilitatem

337 2039 505 2100 desiderant.
534 2048 562 2097 et
590 2040 761 2116 praecedente
783 2040 883 2097 Christi
911 2057 993 2097 cruce
1021 2056 1093 2097 arma
1123 2048 1220 2098 contra
1250 2041 1355 2097 bostem
1384 2039 1543 2097 senissimum
1560 2051 1592 2090 su·

328 2125 417 2182 mite:
440 2123 533 2188 fidem,
556 2127 688 2200 patriam,
712 2123 802 2199 leges,
831 2121 944 2200 templa,
971 2141 1084 2189 uxores.
1113 2123 1215 2182 liberos
1244 2133 1425 2200 parentesque
1451 2121 1592 2181 clarissimos

337 2209 487 2275 4444444444,
511 2210 717 2286 iustissimoque
738 2207 811 2267 bello
833 2207 960 2267 auxilium
982 2209 1102 2268 divinum
1123 2211 1199 2268 vobis
1215 2224 1276 2268 'non
1297 2210 1453 2304 defuturum
1474 2208 1562 2265 scitote.
1597 2219 1613 2258 4
