3468 5512
530 482 639 520 ΟΟΜἜΑ
653 483 747 520 buxu!
760 483 937 524 ΡΔΙΕῙΙΟΜΕ
950 482 1028 521 [ΜΒ.
1231 513 1235 522 .
1345 451 1418 524 463

132 639 186 716 qui
209 637 279 700 velit
300 639 427 700 suaviter
448 641 560 708 rivers,
593 639 675 717 quasi
702 637 765 720 baec
793 635 861 698 illos
889 639 1033 715 imprimis
1055 640 1110 698 vita
1134 638 1246 700 deceat
1288 637 1340 698 liri
1362 638 1487 709 meiero.

133 740 287 802 Laurentii
309 741 428 802 llutteoi
456 743 486 802 in
514 740 615 801 literas
641 740 798 802 reserenda
831 737 982 815 frugalitas
1008 755 1114 817 magno
1142 737 1230 800 nobis
1256 737 1292 798 ad
1320 736 1422 816 gloriae

132 841 280 905 ambitum
301 844 489 904 incitamento
511 860 575 904 esse
597 841 699 903 debet:
729 844 753 901 is
783 859 848 902 corn
871 837 1018 919 locuplete
1040 848 1118 902 esset
1135 856 1229 902 ceusu
1251 857 1286 900 ac
1306 839 1337 898 iu
1359 857 1421 902 ma·

133 946 203 1021 guis
222 947 309 1006 etiam
333 946 498 1024 principum
520 953 689 1006 nostrorum
712 944 835 1020 negotiis
850 941 928 1002 domi
943 944 1054 1020 pariter
1069 960 1104 1002 ac
1118 941 1228 1004 militiae
1243 948 1420 1024 versaretur,

47 1098 51 1106 ,
94 1067 107 1105 s
135 1049 273 1108 insuam
296 1047 415 1114 domum
438 1049 537 1125 piper,
561 1065 692 1116 crocum,
714 1043 844 1104 zinziber
866 1051 895 1104 et
909 1043 938 1104 id
954 1059 1047 1120 genus
1062 1044 1219 1121 peregriua
1234 1043 1420 1120 condimenta

131 1165 286 1228 uunquam
309 1146 438 1218 admisit,
462 1167 518 1210 nec
540 1147 596 1208 alio
618 1148 682 1226 ipse
704 1164 792 1225 quam
815 1165 851 1206 ex
873 1153 974 1206 nostra
990 1143 1055 1206 lana
1072 1147 1245 1239 vestimento
1261 1147 1304 1206 uti
1318 1145 1421 1210 solitus

133 1257 195 1320 est,
219 1269 286 1312 cum
309 1250 347 1310 ob
369 1249 446 1312 beno
468 1257 580 1328 gestam
602 1267 666 1310 rem
689 1249 823 1328 pretiosae
846 1245 887 1308 illi
909 1246 1084 1326 quandoque
1111 1255 1207 1312 testes
1228 1248 1419 1311 donarentur.

131 1353 224 1432 idque
246 1370 306 1412 uon
328 1360 440 1416 tantum
462 1351 589 1414 iaciebat
610 1353 698 1430 ipse,¹
712 1350 762 1410 sed
785 1365 892 1427 magno
914 1351 1001 1410 etiam
1024 1349 1101 1428 apud
1123 1349 1249 1429 aequales
1264 1367 1334 1412 suos
1349 1369 1488 1422 con-m,

132 1456 209 1516 vicio
224 1473 323 1519 mores
338 1454 491 1516 bominum
506 1453 716 1524 insectabatur,
741 1453 833 1532 ‘quasi
856 1469 914 1512 uon
937 1448 1014 1530 apud
1030 1450 1092 1510 nos'
1115 1452 1250 1530 inquiens
1273 1459 1420 1517 ‘nascatur

97 1577 122 1616 m
134 1575 196 1636 quo
211 1557 236 1617 si
252 1556 327 1643 gulae
342 1555 563 1618 oblectamentis
579 1574 654 1634 opus
668 1556 713 1624 sit,
730 1553 842 1615 condiri
858 1561 957 1616 nostra
968 1555 1096 1637 possint,
1112 1560 1163 1614 aut
1180 1555 1418 1618 vestimentorum

132 1660 270 1737 corporis
291 1660 418 1738 pretium
441 1658 529 1719 animi
559 1658 725 1737 qualitatem
754 1657 876 1732 arguat'.
922 1655 980 1716 Sed
1008 1655 1046 1716 de
1073 1655 1130 1716 hoc
1157 1657 1233 1726 viro,
1260 1675 1297 1718 ne
1324 1676 1488 1735 ureamqis,

132 1756 175 1820 ibi
198 1759 322 1838 glorlam
345 1769 462 1838 captare
486 1760 600 1829 videar,
623 1758 704 1838 loqui
728 1757 858 1820 desinam
882 1759 906 1818 si
928 1756 984 1818 boc
1006 1758 1089 1835 prius
1111 1757 1229 1828 dixero,
1251 1760 1290 1820 ita
1312 1761 1420 1830 sentire

131 1881 198 1932 me,
226 1879 287 1922 non
310 1863 433 1942 perinde
456 1861 611 1939 pulcbrum
635 1880 700 1924 esse
722 1880 756 1922 ex
779 1860 835 1921 bac
857 1858 980 1929 tamilla,
1010 1859 1060 1920 ubi
1087 1859 1221 1937 quaedam
1249 1860 1356 1940 alloqui
1378 1863 1418 1926 ia*

132 1965 272 2051 clationis
294 1965 415 2030 materia
438 1965 609 2034 iuvenitur„
625 1977 711 2041 quam
735 1962 813 2024 illius
834 1969 972 2042 nepotem
995 1962 1044 2038 qui
1066 1962 1109 2022 sic
1132 1963 1233 2022 uixerit
1255 1965 1344 2026 nasei.
1383 1963 1486 2036 Etim,

95 2067 266 2130 remaiores
287 2065 405 2144 quidem
427 2067 519 2126 nostri
542 2084 576 2126 ao
597 2063 653 2136 illi,
684 2082 757 2144 quos
779 2064 875 2124 adbuc
898 2051 1022 2124 vidimus
1051 2065 1150 2142 pueri,
1180 2082 1267 2126 senes
1288 2082 1357 2126 cum
1378 2066 1420 2127 sic

131 2169 301 2237 sonarent,
329 2167 371 2228 sic
399 2170 590 2238 vestirentur,
618 2166 698 2228 bene
725 2166 888 2228 constitutis
916 2164 1092 2240 corporibus
1120 2165 1239 2227 luerunt
1267 2174 1297 2228 et
1318 2173 1419 2228 conua

132 2269 245 2332 famem
266 2288 300 2330 ac
322 2269 413 2338 sitim,
437 2270 530 2348 frigus
553 2277 581 2330 et
602 2276 704 2330 aestum
727 2286 780 2346 per
802 2266 912 2330 laboris
926 2267 1092 2344 patientiam
1108 2267 1259 2338 induratis,
1283 2285 1350 2330 eum
1366 2287 1421 2330 aros

132 2372 170 2432 ad
195 2371 306 2448 primas
325 2372 422 2432 statim
444 2373 566 2450 pruinas
588 2389 691 2433 manus
713 2389 747 2430 ac
770 2369 860 2448 pedes
882 2353 1104 2438 contrahamus,
1127 2387 1162 2430 ac
1183 2353 1344 2448 incipiente
1362 2381 1420 2435 sta·

131 2474 186 2534 tim
209 2472 315 2552 hyeme
336 2471 499 2552 triplicibus
520 2475 689 2534 muniamur
711 2471 851 2550 pellibus,
880 2479 932 2538 aut
958 2471 1034 2530 iutra
1061 2469 1110 2530 illa
1142 2488 1196 2534 nos
1226 2472 1421 2538 recondamus

92 2575 296 2653 antepidaria,
326 2575 403 2636 unde
430 2593 489 2636 non
513 2576 626 2636 eximus
648 2575 705 2635 nisi
726 2573 763 2635 ad
784 2574 913 2638 mediam
935 2574 992 2634 iarn
1015 2579 1143 2632 aestatem
1168 2581 1298 2636 torrento
1321 2583 1350 2636 et
1372 2595 1419 2638 ca-

131 2675 248 2738 loribus
270 2678 368 2737 omnia
390 2676 532 2738 adurente
548 2676 623 2746 sole;
648 2695 730 2744 curn,
752 2677 881 2754 inquam,
904 2677 949 2735 vir
973 2674 1104 2736 decimus
1126 2675 1249 2755 quisque
1271 2695 1350 2740 nunc
1372 2698 1487 2754 reesa

131 2779 265 2858 periatur
287 2781 316 2839 iu
340 2779 497 2840 Germania
519 2778 679 2848 nobilium,
709 2779 759 2857 qui
787 2796 845 2838 nou
874 2785 924 2838 aut
951 2777 1081 2855 podagra
1103 2775 1219 2841 laboret
1239 2789 1289 2842 aut
1311 2781 1418 2863 articu-

131 2882 191 2942 lari
213 2869 320 2942 morbo
343 2880 491 2943 crucietur
513 2888 563 2942 aut
584 2881 736 2960 hydropisi
762 2880 932 2949 infestetur,
961 2879 1065 2949 ischia,
1093 2875 1176 2958 lepra
1204 2888 1255 2942 aut
1282 2879 1329 2944 illa
1358 2901 1419 2944 rna-

131 2985 212 3046 xima
240 3001 340 3046 aecum
369 2981 445 3044 mala
473 2983 628 3044 invebente
655 2983 760 3044 morbo
789 2980 899 3042 Gallico
934 2973 1097 3042 divexetu'ri
1140 2981 1302 3062 Aliquando
1329 2986 1418 3064 igitur
1428 3008 1487 3059 nu.

93 3109 122 3148 as
134 3085 173 3146 ad
196 3103 250 3170 nep
273 3085 405 3146 redimus
427 3092 462 3145 et⁴
476 3084 559 3146 illam
580 3085 635 3146 bac
658 3087 790 3153 natione,
814 3083 872 3144 boc
894 3085 1019 3162 imperio
1041 3084 1158 3162 dignam
1181 3086 1365 3164 ingredimur
1381 3089 1420 3150 vi-

131 3187 209 3248 tam!
232 3205 320 3266 quam
343 3189 430 3248 etiam
453 3189 517 3266 qui,
542 3197 573 3248 ut
594 3187 625 3248 bi
648 3205 722 3266 quos
746 3188 819 3256 diri,
842 3184 970 3247 molliter
993 3189 1079 3248 nimis
1101 3189 1215 3259 vivunt,
1239 3197 1335 3250 tamen
1359 3188 1420 3252 lau·

132 3289 199 3348 dari
220 3289 298 3368 apud
321 3305 352 3349 se
374 3291 541 3368 patiuntur:
570 3307 665 3368 neque
695 3291 771 3350 enim
801 3306 978 3367 quemquam
1008 3288 1069 3349 lere
1098 3290 1219 3350 istorum
1250 3309 1314 3353 esse
1336 3300 1418 3370 puto,

132 3391 185 3469 qui
209 3391 296 3450 etiam
312 3391 344 3450 si
367 3391 463 3451 studio
486 3393 566 3453 omni
589 3390 739 3452 mollitiem
763 3389 840 3450 colat
884 3397 911 3450 et
940 3387 1192 3466 indulgentissime
1216 3394 1294 3453 circa
1318 3393 1419 3455 lurum

133 3479 230 3560 vivat]
251 3510 309 3552 nou
333 3493 362 3583 in
386 3491 450 3554 aliis
472 3499 569 3554 tamen
592 3481 690 3552 oderit
710 3511 773 3552 earn
798 3493 899 3558 vitam;
922 3492 978 3551 nisi
1002 3499 1045 3551 est
1067 3491 1140 3552 adeo
1162 3509 1216 3571 per
1238 3491 1419 3556 incontineb·

94 3619 122 3661 aa
135 3595 206 3654 tiam
230 3603 393 3656 excaeoatus
415 3596 496 3675 quis,
520 3601 552 3656 ut
572 3595 644 3656 istos
666 3600 744 3666 amet
766 3593 879 3672 perdite
901 3601 1030 3654 moratos
1052 3593 1266 3674 Sardanapalos
1280 3605 1309 3656 et
1322 3594 1419 3658 Helio-

133 3845 158 3884 u
177 3831 237 3884 ineu
255 3829 340 3896 orbiu
357 3831 502 3908 urrualleu
518 3825 549 3897 31⁰1
568 3833 626 3886 teti.
661 3833 709 3897 iles
727 3833 765 3887 tab
784 3831 816 3896 id)
834 3831 1094 3896 caticuminorum
1108 3835 1147 3886 uir
1161 3834 1250 3899 [petato
1264 3833 1351 3898 uitta
1366 3834 1486 3902 [ducar.

131 3914 185 3980 quia
204 3914 294 3978 lurni,
314 3923 361 3968 unt
379 3931 416 3970 uae
433 3927 519 3972 untur
534 3923 563 3972 ti
581 3921 721 3984 armamitre
740 3920 830 3971 ttriuu
848 3909 905 3982 triu
924 3919 948 3983 [o
967 3919 1001 3970 ian
1017 3920 1070 3978 aab
1094 3917 1135 3982 stit
1159 3919 1214 3971 aaut
1238 3917 1313 3984 [einer
1336 3921 1417 3987 ratini

130 4003 202 4056 tutti
216 3999 278 4056 otti
292 4001 402 4068 inittiqe
421 4003 512 4056 ttetau
528 4003 654 4070 reincudit
673 4009 761 4059 matti.
799 4000 864 4067 ztir
883 4003 1003 4068 trintum
1019 4004 1098 4065 seiten
1117 4003 1199 4067 nutare
1217 4005 1292 4068 iuuat
1314 4007 1485 4070 turtio-lus.

133 4083 361 4150 tinniturum,
385 4086 408 4151 [a
427 4087 460 4152 tir
477 4088 521 4152 itu
537 4089 588 4141 urei
607 4091 644 4141 σι’
663 4089 715 4141 niet
732 4090 791 4154 bitu
809 4089 901 4152 animi
923 4089 951 4140 iu
975 4088 1058 4153 [tuben
1081 4089 1130 4152 tini
1153 4086 1194 4152 bii
1217 4087 1253 4152 ult
1270 4098 1315 4142 cen
1337 4092 1418 4144 uiuet

95 4170 282 4238 autumandi
301 4173 418 4236 acontius
442 4175 506 4224 tuen
526 4163 557 4236 31⁰¹
580 4173 696 4238 utriaco,
721 4174 745 4239 ir
768 4187 826 4226 anau
850 4175 895 4238 itu
917 4175 1080 4237 accersatur
1103 4177 1259 4226 netuauneu
1282 4175 1341 4228 tuna
1364 4179 1486 4240 ciuiuus,

131 4257 237 4322 fletuum
254 4255 336 4320 liunt,
353 4265 394 4310 mr
412 4257 451 4308 uit
468 4257 506 4308 uit
522 4260 597 4321 putta
616 4253 649 4314 ori
666 4258 769 4310 bisunt
787 4261 827 4321 iat
850 4259 887 4311 ου’
910 4266 996 4311 curru
1020 4259 1185 4323 trandidit,
1207 4266 1233 4323 bs
1255 4260 1312 4313 attae
1330 4264 1417 4326 annu

131 4353 184 4393 aun
203 4341 239 4392 iri
257 4337 339 4405 {mileu
358 4333 390 4392 uri
409 4339 509 4405 [auten.
544 4340 629 4408 patuit
648 4339 700 4406 tait
718 4356 765 4394 aas
780 4345 834 4406 aad)
851 4343 892 4395 ein
911 4346 961 4396 aaut
979 4343 1048 4406 nutat
1065 4347 1116 4397 otti
1135 4348 1237 4408 rursusi
1254 4347 1364 4410 amandi
1382 4354 1485 4405 autu.

132 4425 192 4490 tatii
206 4425 302 4490 scutit>
320 4425 385 4477 trbrn
405 4424 519 4492 otrtallru
539 4433 565 4492 Β)
588 4435 661 4480 meret
683 4441 731 4482 ons
754 4425 927 4491 andnimais
951 4432 997 4480 mat
1020 4442 1054 4480 au
1077 4429 1153 4500 itaut,
1173 4434 1202 4482 bi
1225 4440 1311 4494 tuetur
1334 4431 1366 4499 itt
1385 4420 1417 4498 sd

131 4511 187 4563 tabi
205 4513 262 4574 aud>
279 4523 329 4564 aaa
345 4516 421 4564 utura
437 4511 476 4564 bie
493 4512 525 4577 tir
542 4513 582 4564 uir
594 4513 650 4582 jobi
668 4513 705 4564 ου’
724 4511 819 4578 bruni,
842 4514 925 4578 untur
942 4513 1038 4579 oratoru
1056 4518 1129 4597 tonui
1153 4529 1196 4580 pur
1220 4514 1361 4582 uriipttid
1377 4531 1418 4582 pr-

202 4711 332 4778 ¹lpritnis
351 4717 375 4765 2.
422 4713 557 4766 ²litterae
576 4717 601 4765 3.
651 4713 762 4765 ³scnsu
780 4719 804 4766 2.
856 4715 1003 4783 ⁷pretiose
1024 4721 1141 4772 tutu.
1192 4719 1215 4754 ²⁰
1233 4719 1298 4786 inm]
1318 4727 1373 4770 torn
1391 4723 1417 4772 2.

131 4795 153 4830 ²²
174 4796 654 4862 Ci.hurinn.p.4bl.utluicit.
706 4799 727 4832 ²³
746 4801 877 4851 molitiem
896 4805 920 4852 2.
979 4801 1157 4856 buteones.
1210 4813 1336 4869 tuntbtc.
