3406 5526
98 416 273 453 ΙΠῙΙΙΒῙΔΙΙ
293 415 350 452 ῘΙΡ.
369 415 538 472 ΡΙΙῼΡΟΘΠῙΟ
556 415 591 452 b:
611 415 700 450 BHM
719 391 838 452 'Pllwlco
856 417 893 452 AD
906 411 1100 460 Palliolum
1114 417 1138 452 0·
1157 417 1183 453 A.
1200 411 1258 453 1⁵¹8.
1299 387 1362 458 181

96 577 160 653 pdo;
182 577 241 636 eius
263 593 327 632 vero
349 577 492 649 coniugem
514 583 542 632 et
563 573 632 632 filias
654 591 709 634 uon
732 575 769 630 ita
791 583 883 632 sancte
905 582 935 631 ut
950 574 1100 632 Alexander
1113 573 1221 632 llacedo
1236 575 1306 632 barii
1321 577 1372 634 lle·

96 663 133 736 gis
159 669 272 718 matrem
299 668 328 716 et
354 661 497 734 coniugem
524 660 642 733 captiuas
670 659 779 722 habuit.
809 661 855 716 sed
884 661 911 715 in
939 660 1088 717 convivium
1111 660 1238 717 adductas
1260 661 1372 718 tradidit

14 793 19 806 .
96 747 224 821 flagitiose
247 745 408 820 stuprandas
431 745 489 801 suis
512 743 684 801 satellitibus.
728 745 824 800 Eadem
847 747 873 800 in
897 744 1137 818 aliis-regionibus
1153 745 1273 802 accidere
1287 746 1372 824 eapti·

95 834 129 887 vis
148 829 283 888 credibile.
327 830 467 904 Nunquam
488 829 574 886 dicam
597 830 696 886 lortem
718 843 778 886 esse
800 831 899 892 virum,
923 845 1001 903 quem
1025 828 1086 886 talia
1109 829 1229 903 exempla
1245 847 1299 886 nou
1314 847 1372 886 mo·

78 925 167 978 sient,
191 917 238 990 qui
261 932 315 972 nou
337 929 439 971 summa
462 915 541 970 aninri
563 914 711 988 eupiditate
732 915 881 982 desiderat,
905 914 1049 972 utstatim
1071 930 1170 988 pugnae
1185 915 1292 988 signum
1307 931 1372 988 pro·

93 1009 214 1075 ponatur.
438 1007 440 1012 ’
1116 1037 1117 1040 ¹
1233 1035 1234 1041 κ

170 1085 264 1160 ltaque
286 1101 346 1142 eum
368 1101 477 1141 necesse
500 1084 535 1139 sit
557 1083 636 1140 nobis
658 1085 728 1140 tueri
757 1100 846 1140 veram
868 1083 1042 1158 religionem,
1066 1082 1218 1142 libertatern
1231 1091 1370 1147 nostram,
1384 1093 1412 1138 tn

93 1171 233 1245 coniuges,
257 1169 372 1232 liberos,
396 1169 471 1241 leges
493 1185 524 1224 ae
545 1168 714 1242 disciplinam
736 1168 885 1244 publicam,
909 1169 1040 1225 adhortor
1060 1187 1108 1225 vos
1130 1169 1163 1226 ad
1185 1170 1265 1226 buius
1281 1169 1372 1226 iustis·
1452 1234 1457 1242 .

93 1257 201 1312 simiae
224 1254 368 1312 necessarii
392 1252 456 1310 belli
480 1255 646 1310 societatem.
690 1253 808 1310 Maiores
827 1255 916 1310 nostri
939 1259 1052 1328 quantas
1081 1270 1124 1310 res
1139 1253 1310 1328 ¹gesserunt.
1339 1261 1371 1310 ut

66 1343 116 1396 uin
137 1341 200 1398 Asia
224 1340 404 1414 reprimerent
425 1329 628 1405 blabor'netiealn
651 1337 819 1395 barbariem!
841 1337 883 1436 ”¹³
906 1355 959 1394 nou
982 1337 1142 1395 dubitarunt
1163 1338 1243 1396 talem
1265 1339 1371 1396 hostem

92 1425 183 1499 procul
206 1441 344 1500 querere;
373 1441 444 1480 uurre
467 1425 560 1483 l'urem
587 1439 700 1497 regnum
724 1423 806 1480 nobis'
825 1421 941 1480 sueinum
964 1424 1131 1486 invaserunt.
1157 1440 1207 1480 nec
1227 1431 1282 1480 tam
1304 1423 1372 1480 Pan·

93 1511 176 1569 uouiae
199 1527 281 1584 quam
304 1508 452 1567 Germania
474 1506 574 1565 bellum
596 1508 768 1565 denunciant.
812 1506 912 1564 blultos
934 1508 985 1574 iam
1008 1525 1093 1564 anuos
1108 1507 1296 1582 llungerorum
1318 1507 1372 1564 vir·

93 1603 146 1650 tute
167 1593 307 1651 barbaries
331 1592 376 1650 ille
398 1602 442 1650 est
463 1609 478 1648 a
500 1593 603 1648 nostris
625 1591 773 1650 cervicibus
801 1592 927 1667 depulsa:
955 1609 1005 1648 nos
1034 1585 1154 1654 vicissim
1177 1593 1281 1649 nationi
1300 1592 1372 1664 bene

93 1681 192 1739 merite
215 1679 400 1736 defensionem
421 1677 562 1742 debemus;
590 1677 679 1734 nunes
707 1679 786 1734 etiarn
815 1678 1026 1734 fortissimorum
1048 1677 1180 1741 virorum,
1204 1677 1251 1751 qui
1273 1677 1299 1732 iu
1316 1677 1372 1734 acie

65 1775 204 1839 ltpropter
226 1767 394 1822 communem
416 1762 569 1820 libertatem
591 1761 761 1825 ceciderunt,
784 1762 921 1836 flagitent.
944 1769 974 1818 ut
997 1779 1052 1820 suae
1067 1762 1161 1835 patriae
1176 1770 1296 1818 mutuam
1311 1779 1373 1835 gra·

92 1851 152 1905 tiam
176 1849 339 1911 reseramus,
369 1863 522 1922 quanquam
550 1864 578 1904 re
602 1847 659 1921 ipsa
682 1863 736 1904 uon
759 1848 849 1904 miurus
876 1846 989 1921 periculi
1018 1846 1097 1903 nobis
1128 1863 1207 1921 quarn
1230 1845 1373 1921 {irrogarint

92 1935 236 2009 impendet.
584 1987 599 2002 ..

173 2018 287 2092 Reliqua
309 2025 351 2074 est
372 2015 457 2074 altera
479 2033 542 2091 pars
564 2015 782 2078 deliberationis,
805 2018 913 2092 quantis
934 2007 1022 2090 eopii's
1044 2033 1088 2073 res
1110 2017 1226 2090 gerenda
1248 2016 1294 2079 sit,
1317 2015 1404 2090 quo'n

92 2105 116 2159 in
139 2102 200 2160 loco
225 2101 325 2159 bellum
348 2101 530 2164 inferendum.
554 2102 624 2158 trude
645 2111 810 2158 commeatus
832 2101 1006 2158 subvehendi.
1049 2101 1077 2157 Si
1100 2102 1181 2157 animi
1202 2117 1256 2157 nou
1274 2099 1372 2156 abhor-

63 2197 152 2245 urent
173 2188 207 2244 ab
232 2188 284 2260 bqe
306 2185 393 2248 bello.
416 2187 473 2244 lraec
494 2185 654 2244 deliberatio
668 2185 763 2264 laedis
786 2186 851 2242 erit:
874 2203 934 2242 narn
957 2203 1077 2242 summus
1098 2185 1236 2248 Pontifex,
1258 2185 1313 2241 ller
1327 2184 1374 2240 Hi·

91 2273 190 2348 spauim
204 2281 240 2329 et
263 2272 357 2328 Veneti
377 2270 490 2328 olassem
522 2272 656 2326 instruent
686 2280 713 2326 et
739 2272 860 2326 ciuitates
892 2273 917 2326 in
946 2270 1027 2326 litore
1056 2271 1128 2344 Epiri
1157 2278 1185 2326 et
1211 2268 1373 2344 Peloponesi
1432 2301 1436 2308 ·

92 2359 155 2414 sitas
178 2357 320 2421 invadent;
351 2364 447 2413 noster
468 2357 603 2412 exercitus
625 2371 685 2412 curu
708 2354 817 2412 Gallicis
839 2363 866 2410 et
891 2355 1009 2428 Angliois
1037 2353 1143 2411 auxiliis
1171 2356 1198 2409 in
1220 2348 1373 2412 Pannonias

90 2444 231 2500 ducendus
252 2443 321 2499 erit:
344 2459 406 2498 nam
429 2441 490 2498 ideo
513 2455 706 2516 properamus,
736 2449 766 2496 ut
795 2441 845 2497 boc
867 2457 981 2513 rognum
1005 2439 1118 2498 Tureieo
1141 2438 1286 2495 latrocinio
1308 2438 1374 2494 libe-

92 2536 179 2585 retur:
206 2529 268 2586 iude
290 2530 316 2584 in
332 2527 468 2602 Illyricum
484 2527 626 2583 transferri
643 2525 741 2581 bellum
757 2525 810 2582 erit
824 2525 1079 2582 commodissimum.
1122 2523 1277 2580 llorrnulam
1293 2524 1379 2600 eliani

62 2623 386 2688 aspropouo,quantun1
413 2613 547 2686 pecuniae.
577 2621 706 2686 quantum
735 2613 855 2683 equitum
887 2629 917 2666 ae
948 2609 1067 2684 peditum
1096 2609 1213 2682 siugulis
1240 2609 1374 2682 Principi-

92 2697 141 2754 bus
170 2697 321 2755 Germanite
349 2698 544 2771 imperandum
562 2713 622 2752 esse
653 2705 755 2770 putem.
805 2695 975 2752 Commeatus
1010 2704 1041 2754 ut
1068 2694 1190 2750 llanubio
1223 2692 1374 2749 convehan-

92 2792 149 2846 tur,
172 2801 187 2840 a
212 2799 267 2838 me,
278 2789 352 2839 certe
376 2781 570 2856 providebitur.
615 2781 704 2849 Quare
727 2781 766 2843 si.
790 2789 821 2836 ut
844 2797 939 2854 spero,
963 2779 1014 2835 hoe
1036 2779 1138 2835 bellurn
1162 2779 1305 2853 expetitis,
1328 2778 1374 2834 de-

20 2867 24 2880 '
91 2867 280 2925 liberationem
305 2868 341 2923 ita
365 2867 527 2927 instituetis.
557 2875 587 2922 ut
606 2867 647 2922 de
675 2865 791 2922 formula
821 2865 891 2920 inter
917 2882 966 2920 uos
992 2865 1146 2920 eorrveniat:
1176 2881 1238 2920 nam
1260 2871 1375 2937 propter

92 2953 156 3008 bane
179 2952 318 3027 praecipue
340 2952 384 3008 hic
406 2960 554 3008 conuentus
577 2951 693 3007 indictus
716 2960 766 3006 est.
810 2951 866 3006 Non
891 2956 1013 3012 sumtus,
1036 2967 1091 3007 non
1113 2948 1235 3011 labores,
1258 2962 1313 3004 non
1328 2964 1375 3022 pe·

62 3037 175 3093 striculi
205 3036 407 3098 detrectabitis.
436 3037 458 3091 si
488 3037 613 3092 statuetis
635 3035 689 3092 lleo
719 3051 767 3091 eos
790 3035 842 3091 boe
864 3033 982 3091 ollieiuru
1004 3034 1116 3097 debere,
1146 3041 1176 3090 ut
1199 3034 1251 3090 boc
1273 3031 1374 3089 bellum

92 3139 194 3180 summo
220 3121 311 3177 studio
334 3121 497 3194 suscipiatis.
540 3120 665 3178 Christus
687 3119 714 3174 in
737 3127 859 3176 extremo
881 3119 980 3176 iudieio
1010 3120 1143 3176 rationem
1174 3137 1188 3175 a
1216 3119 1296 3175 nobis
1325 3135 1376 3192 po·

92 3216 162 3269 sset,
186 3206 209 3261 si
234 3223 294 3262 eum
316 3205 424 3279 lmperii
447 3223 551 3262 summa
573 3205 693 3278 dignitas
716 3205 751 3260 slt
774 3205 844 3279 apud
867 3223 932 3268 nos,
961 3205 1118 3262 deseremus
1146 3213 1260 3260 ceteras
1286 3204 1376 3260 natio·

93 3308 151 3354 nes.
175 3293 199 3347 si
225 3308 278 3348 non
301 3291 480 3365 suscipiemus
495 3290 680 3346 defensionem
695 3289 854 3346 Christianae
877 3287 1042 3364 reipublicae.
1086 3287 1211 3344 Hostium
1234 3289 1304 3342 vires
1320 3303 1375 3342 nou

92 3377 251 3434 extenuari:
278 3384 372 3432 errant
398 3376 470 3432 euim
496 3375 519 3432 si
543 3375 588 3448 qui
611 3383 707 3448 putant
731 3373 832 3431 l'urcas
859 3382 906 3430 aut
934 3375 1046 3446 ignavos
1074 3381 1120 3430 aut
1148 3370 1271 3429 imbelles
1301 3388 1374 3435 esse:

63 3469 135 3517 etot
157 3461 280 3519 victoris
303 3460 421 3517 iudicant
449 3461 488 3516 eis
517 3475 566 3516 neo
594 3459 733 3516 seientiam
761 3459 801 3516 rei
824 3457 950 3514 militaris
978 3475 1028 3514 uec
1056 3457 1243 3514 fortitudinem
1271 3456 1375 3511 deesse.

92 3546 226 3620 polliceor
249 3553 338 3602 tanen
360 3539 451 3602 laetum
474 3543 538 3601 belli
561 3545 675 3606 exitum,
699 3544 759 3618 quia
783 3545 851 3599 lleus
874 3543 1047 3600 lavetiustis
1070 3550 1097 3597 et
1118 3541 1171 3614 piis
1193 3539 1323 3602 consiliis,
1347 3557 1377 3598 ne

92 3640 193 3688 certum
210 3629 261 3686 'est
282 3647 358 3686 suam
380 3637 600 3688 conservaturum
622 3627 783 3690 Ee‘olesiam:
813 3635 902 3684 servat
923 3636 1012 3682 autem
1035 3643 1089 3683 nou
1112 3625 1232 3688 ociosos,
1262 3625 1308 3682 sed
1338 3625 1377 3680 la·

92 3717 193 3773 eleutes
217 3715 336 3772 officium
359 3723 387 3770 et
409 3716 480 3772 serio
499 3721 582 3788 'opem
605 3714 663 3770 eius
686 3719 768 3788 atque
791 3711 921 3769 auxilium
943 3709 1131 3786 implorantes.
1153 3727 1203 3768 nee
1225 3709 1377 3766 multitudi-

94 3818 152 3857 nem
175 3801 298 3858 hostium
320 3817 370 3856 nee
393 3800 463 3856 vires
485 3799 720 3874 pertimescemus,
743 3798 789 3854 sed
813 3805 843 3852 ut
865 3797 944 3854 docet
966 3813 1017 3852 nus
1038 3795 1169 3858 Psalmus,
1193 3793 1244 3850 ulti
1266 3795 1293 3850 in
1314 3811 1380 3851 cur-

66 3887 168 3943 roribus
190 3893 221 3942 et
244 3885 272 3941 in
293 3879 389 3960 equis‚'
409 3901 460 3941 uos
482 3894 571 3941 autern
594 3885 621 3940 in
643 3883 752 3940 nomino
774 3883 818 3939 [lei
842 3882 929 3938 nostri
953 3882 1043 3938 omnia
1065 3880 1211 3955 geremus!

623 4067 776 4076 -..--..-.-..
794 4067 824 4072 -...

135 4219 274 4286 [demptus
285 4217 394 4271 Sublatis
411 4223 482 4285 apud
492 4184 614 4272 Remum.
627 4225 644 4269 t.
657 4235 679 4270 c.
691 4237 719 4284 p.
727 4223 833 4297 52.rqq.
846 4220 958 4268 orationi
971 4217 1100 4268 Goerarece
1116 4217 1172 4269 dces
1181 4212 1329 4282 premisse]

94 4360 119 4374 ..
133 4363 140 4376 .
154 4361 160 4374 .
172 4337 246 4374 enno
259 4321 435 4372 minxvffl.
449 4325 612 4372 conventum
623 4321 754 4386 Auguste
771 4320 884 4370 indixit:
904 4320 932 4370 in
951 4333 1003 4385 quo
1022 4322 1160 4369 conventu
1179 4333 1239 4368 eum
1257 4317 1378 4368 deomni

92 4409 199 4472 rstioue
218 4407 345 4458 mouendi
362 4405 428 4456 belli
447 4405 578 4456 adversus
595 4405 700 4456 Teroua
719 4409 793 4456 esset
810 4421 871 4455 eum
890 4403 1062 4455 Germanicis
1080 4403 1251 4472 principibus
1273 4401 1377 4453 delibe-

94 4497 216 4554 raturus,
236 4491 343 4542 curauit
358 4495 390 4540 ut
408 4505 440 4540 eo
457 4491 585 4542 venirent
604 4491 686 4542 etism
698 4491 815 4542 Romani
826 4489 969 4540 Pontificio
987 4495 1016 4540 et
1033 4489 1152 4539 omnium
1163 4489 1269 4554 Regum
1280 4487 1376 4554 legati,

95 4581 123 4626 nt
140 4576 261 4642 intelllgi
279 4581 372 4641 posset
390 4580 506 4640 caeteros
523 4591 603 4641 reges
622 4588 676 4626 non
694 4574 834 4626 defuturos
847 4591 907 4625 esse
920 4575 1056 4624 communi
1069 4588 1184 4624 causare.
1214 4571 1310 4622 Multis
1322 4571 1377 4620 ism

95 4677 296 4690 *—

160 4740 330 4797 ¹⁰'dubltent
342 4749 365 4796 1.
400 4742 421 4777 ¹¹
439 4745 567 4796 littorei.
585 4745 671 4811 Epyrl
689 4747 741 4796 1.2.
776 4743 799 4778 ²⁰
817 4749 907 4794 autern
920 4749 950 4793 ut
962 4747 987 4793 2.
1022 4741 1044 4774 ⁸⁹
1062 4738 1289 4793 Psstm.x1x.8.
