3464 5526
1103 353 1119 388 Q

244 453 369 490 ituram
388 455 418 490 ΙΙ
437 453 582 491 vantem
599 439 879 490 viennensum
896 453 1000 490 ORATIO
1018 455 1038 490 1.
1062 453 1129 490 fler.
1144 453 1169 490 Λ.
1184 449 1242 490 llll).
1364 427 1386 494 5

102 616 167 684 tete
184 611 322 672 iuvenes:
344 609 391 670 lais
411 609 584 688 lachrymis
603 583 662 672 laoc
684 610 802 690 planetu
825 625 911 669 suum
933 607 1080 676 dolorem,
1105 627 1175 670 suos
1196 611 1387 672 testificantur

103 713 231 778 allectus:
261 713 369 772 satisne
389 712 426 772 ad
452 714 629 782 rnorendum
654 711 803 772 materiae?
828 710 936 770 seniles
963 710 1140 789 lachryme?
1168 713 1324 772 iustissima
1352 731 1386 774 ec

103 813 264 875 favorabilis
281 815 418 875 iuvenum
434 814 571 892 querele?
594 833 630 874 an
649 813 745 902 adhuc
767 813 875 892 aliquid
898 811 1095 892 desyderatisl
1117 813 1271 875 loemlneos
1289 815 1385 892 plora·

103 923 158 984 tus,
183 914 344 992 puellares,
357 914 545 976 eiulationesl
568 934 605 978 en
623 923 697 976 astat
716 915 762 976 illa
783 915 946 975 exanimata
968 932 1069 983 soror;
1081 915 1139 975 illa
1164 913 1269 975 debilis
1286 933 1320 976 ae
1335 917 1384 976 de·

87 1025 174 1078 sserta
190 1035 283 1084 uxor,
306 1023 373 1078 ante
388 1017 467 1076 diem
482 1017 582 1086 vidua:
603 1026 768 1097 queruntur
782 1016 929 1078 sublatum
945 1016 1051 1084 filium,
1071 1017 1249 1080 trucidatum
1264 1018 1384 1078 fratrem

102 1117 265 1197 deplorant,
290 1118 352 1179 haee
374 1125 508 1197 ereptum
531 1119 587 1180 sibi
606 1120 670 1180 vites
692 1120 844 1180 dimidium
867 1120 998 1197 quantis,
1030 1119 1105 1197 proh
1125 1119 1272 1196 luppiter,
1298 1120 1383 1180 moti·

102 1219 151 1280 hus
170 1218 358 1280 lamentatur.
394 1220 438 1280 Aa
460 1220 568 1281 multos
588 1221 662 1305 adeo
684 1222 770 1288 unius
787 1221 923 1282 interitus
939 1221 1079 1298 pertinet:
1102 1237 1170 1280 uam
1189 1218 1308 1298 quidde
1325 1226 1382 1280 tota
1397 1237 1442 1288 §.e

101 1322 189 1382 dicam
205 1320 336 1382 familiai
358 1321 394 1382 de
409 1319 454 1382 his
470 1321 607 1383 Francis?
630 1323 666 1384 de
681 1324 738 1384 hoe
752 1323 883 1400 equitum
898 1320 1019 1382 ordinet
1043 1319 1120 1400 apud
1145 1339 1247 1384 omnes
1263 1339 1321 1382 non
1340 1329 1384 1382 est

101 1423 183 1484 ledus
198 1423 386 1502 desyderium
409 1417 518 1484 mortui
535 1443 623 1502 quam
643 1426 761 1486 viventis
781 1441 864 1484 anaor
881 1424 943 1484 luit.
978 1423 1237 1492 huneillereddat
1258 1424 1382 1494 sidens,
1420 1460 1421 1473 ,

76 1530 147 1585 uaut
165 1526 189 1584 si
208 1524 307 1612 homo
322 1532 380 1594 est,
404 1525 494 1604 digno
518 1527 614 1605 expiet
635 1526 786 1606 supplicio.
822 1526 917 1604 quisi
938 1525 1131 1604 profugisset,
1155 1527 1263 1605 inquiri
1281 1526 1382 1603 utique

100 1626 282 1695 mandaretis,
299 1633 386 1706 atque
401 1627 457 1688 hoe
468 1625 510 1687 illi
521 1644 659 1704 magnum
675 1626 853 1688 declinandae
870 1644 963 1704 poeuae
975 1627 1176 1689 adiumentum
1194 1635 1285 1696 esset;
1302 1645 1380 1688 nunc

99 1729 124 1786 in
145 1727 243 1790 medio
266 1735 395 1790 vestrum
415 1729 475 1806 agit
493 1728 668 1798 sceleratus,
698 1729 806 1799 videte,
834 1745 902 1799 oro,
930 1728 1037 1806 quibus
1058 1727 1166 1797 oculiS,
1194 1747 1252 1806 quo
1275 1730 1380 1790 intuitu

99 1829 294 1898 truculentum
317 1829 414 1890 adhuc
435 1829 484 1890 ille
506 1831 535 1890 in
557 1849 610 1891 ore
631 1831 744 1892 videtur
766 1832 861 1892 inesse
883 1830 1046 1891 innocentis
1062 1823 1160 1899 cr'uor,
1184 1831 1381 1908 quoadsper·

99 1949 144 1992 sus
158 1938 216 2001 ost,
241 1932 271 1991 iu
286 1931 436 2000 menibus,
459 1949 518 2010 quo
539 1951 572 1993 se
589 1915 753 2010 'inquinarit
773 1932 913 2010 perditus.
952 1932 1080 2018 lleorum
1100 1931 1306 1994 immortalium
1329 1931 1380 1992 be·
1394 1945 1439 1994 §.e

74 2033 235 2112 ttnigraitate
259 2051 329 2094 reor
350 2033 521 2112 contigisse,
552 2043 585 2094 nt
612 2035 657 2095 sui
685 2032 786 2095 similis
814 2032 976 2103 videretur,
1003 2041 1094 2112 utque
1121 2035 1253 2110 corporis
1280 2031 1381 2093 habitu

99 2137 218 2196 allectus
233 2135 323 2195 animi
341 2135 495 2213 proderet:
518 2133 582 2198 talis
604 2141 684 2206 erat,
706 2153 771 2196 cum
788 2135 1008 2214 iuriisoperum
1024 2136 1107 2196 daret
1121 2136 1196 2204 suis,
1217 2133 1382 2202 laocrultu,
1477 2199 1481 2204 ,

6 2227 7 2246 ’
99 2237 140 2297 luis
160 2236 336 2314 superciliis.
376 2237 460 2299 cuius
489 2255 557 2297 eum
578 2237 608 2296 in
631 2255 684 2296 suo
705 2235 852 2315 periculo,
883 2255 942 2315 quo
970 2237 1063 2298 maius
1084 2235 1214 2298 incidere
1245 2253 1304 2294 non
1329 2253 1382 2314 po·

99 2345 163 2406 test,
185 2339 250 2402 haec
269 2339 307 2398 sit
321 2338 425 2408 iacies,
448 2338 496 2399 hio
515 2346 668 2416 aspectus,
690 2356 790 2417 queso
812 2339 840 2397 in
861 2337 910 2398 iilo
932 2337 1089 2416 parricidio
1105 2355 1192 2415 quarn
1209 2337 1298 2398 fulmo
1315 2353 1381 2414 spe-

99 2443 167 2502 tiem
188 2443 357 2503 existimare
375 2438 459 2500 lieet?
480 2455 569 2518 quam
584 2441 726 2509 frontem,
749 2439 827 2518 quod
846 2457 896 2510 os,
916 2458 990 2518 quos
1005 2440 1121 2509 oculos,
1133 2457 1233 2517 .quem
1248 2440 1381 2517 corporis

71 2543 226 2604 uslatuml.
243 2548 294 2602 aut
317 2559 390 2620 quos
413 2540 554 2617 effingere
571 2521 641 2601 li'cet
661 2541 729 2602 huic
745 2541 848 2612 luisse,
872 2559 939 2602 cum
958 2541 1005 2602 illa
1024 2543 1148 2612 laceret,
1170 2542 1307 2620 spiritus,
1330 2543 1381 2618 qui

99 2660 186 2713 nane,
215 2661 283 2704 cum
305 2645 359 2704 ista
381 2645 505 2722 patitur,
534 2642 611 2705 hanc
632 2645 740 2704 retinet
767 2645 998 2706 contumaciam?
1032 2640 1148 2704 Scilicet
1173 2649 1224 2702 'res
1252 2644 1449 2705 ventolano.

99 2745 232 2808 indicium
254 2751 321 2824 post
343 2751 427 2806 natos
449 2744 582 2806 homines
603 2745 798 2814 aucensime,
827 2729 1048 2814 immanissime,
1072 2743 1289 2814 credemusne:
1319 2745 1382 2822 ipse

99 2865 163 2908 reus
179 2848 314 2908 omnium
334 2865 408 2925 quos
422 2853 501 2908 terra
516 2847 641 2910 sustinet
657 2846 912 2924 licentiosissimae,
934 2848 1112 2912 teterrimus,
1129 2844 1380 2914 malitiosissimus,

99 2950 175 3010 cuius
198 2955 297 3009 tamen
320 2949 485 3026 importuna
511 2947 610 3009 lenitus
629 2965 688 3007 non
709 2947 800 3008 habet
821 2965 880 3026 quo
901 2956 1021 3009 uocetur
1042 2949 1176 3016 nomine,
1198 2947 1381 3027 quandoqui-

72 3051 160 3112 adem
183 3052 213 3110 in
236 3067 297 3110 uno
318 3049 446 3118 scelere,
472 3049 549 3128 quod
572 3055 639 3112 culn
661 3031 742 3112 nullo
763 3067 885 3129 prorsus
902 3048 1052 3112 maleficio.
1065 3050 1235 3127 comparari·
1248 3050 1380 3120 sustinet,

100 3151 181 3212 multa
206 3153 305 3212 insunt
326 3150 447 3212 scelera.
488 3149 587 3227 lpsum
608 3151 652 3212 rei
674 3157 762 3230 ceput
783 3138 932 3228 singulare
956 3159 1013 3222 est,
1037 3152 1155 3214 unicum
1170 3158 1227 3220 est,
1248 3169 1303 3212 nec
1319 3165 1449 3216 ma·t.u.

99 3255 138 3329 gis
152 3255 250 3314 omnia
268 3253 399 3315 omnium
414 3249 526 3314 scelera
543 3252 647 3321 vincit,
664 3271 752 3330 quam
766 3255 863 3332 ipsum
877 3269 909 3314 se
923 3251 1038 3316 excellit
1054 3272 1089 3314 ac
1104 3251 1233 3331 superat.
1262 3253 1340 3332 quod
1356 3255 1381 3314 si

100 3355 285 3432 parricidium
305 3371 403 3423 voees,
426 3354 600 3431 proditionis
613 3353 721 3414 oblitus
737 3355 858 3425 uiderim
880 3357 905 3414 si
920 3355 995 3416 hanc
1010 3354 1171 3424 addideris,
1195 3371 1265 3432 erga
1280 3373 1381 3416 senem

99 3457 286 3534 ingratitudo,
316 3471 387 3533 erga
408 3456 542 3518 iuvenem
565 3455 861 3534 obsequentissimum
888 3458 1023 3535 impietus
1050 3455 1146 3524 abest;
1175 3463 1266 3516 restat
1293 3457 1380 3533 perd·

74 3557 160 3626 odia,
183 3575 249 3636 quaa
268 3575 328 3618 non
352 3563 448 3637 potest
465 3559 505 3618 ita
526 3575 593 3620 cum
616 3556 782 3634 proditione
804 3558 955 3635 coniungi,
978 3565 1089 3618 utnon
1111 3573 1179 3618 suas
1196 3557 1252 3618 sibi
1268 3559 1381 3635 speeie·

101 3661 146 3720 tim
161 3669 259 3739 partes
278 3659 428 3728 vendicet;
451 3677 516 3738 quae
537 3660 634 3719 omnis
656 3655 693 3720 ed
715 3657 795 3720 illam
811 3657 955 3720 scelerum
971 3677 1079 3728 arcem,
1095 3657 1298 3720 crudelitatem
1317 3666 1379 3719 ten·
1486 3731 1489 3740 1

100 3761 181 3830 dunt,
205 3763 234 3822 in
257 3779 315 3840 qua
337 3765 435 3824 mutus
456 3761 511 3820 luit
532 3759 595 3832 hic,
624 3767 656 3820 ut
678 3761 741 3822 eins
762 3760 927 3822 immanitas
948 3758 1072 3836 intelligi
1094 3761 1203 3837 possit,-
1232 3761 1291 3821 dici
1319 3779 1378 3821 non

101 3864 196 3938 possit.
231 3861 290 3924 Sed
312 3864 369 3923 iam
392 3862 482 3924 credo
502 3861 585 3922 locus
606 3868 664 3934 est,
687 3869 719 3922 ut
738 3860 877 3922 brevibus
898 3879 962 3922 rem
983 3868 1094 3938 gestam
1114 3861 1210 3924 verbis
1226 3873 1442 3943 exponam,t.t²

101 3981 160 4040 quae
182 3967 236 4025 etsi
258 3971 326 4025 nota
349 3961 418 4024 satis
440 3970 497 4033 est,
528 3963 661 4040 quaedam
688 3971 786 4024 tamen
814 3965 852 4052 iu¹
872 3965 1021 4024 commum
1042 3963 1127 4036 lama,
1140 3943 1379 4028 dissidere'iutra

74 4079 131 4124 use
152 4064 299 4136 videntur,
325 4073 385 4126 aton
414 4064 493 4144 quod
519 4062 624 4144 aliquis
650 4063 716 4142 plus
740 4065 903 4143 suspicatus
929 4065 979 4136 sit,
1007 4067 1058 4127 sed
1086 4067 1153 4144 quia
1182 4066 1263 4130 multi
1283 4069 1381 4129 minus

104 4209 295 4229 -ιῦ-ι-

163 4333 358 4400 ¹leerymis2.
377 4335 552 4399 amoinsra.
604 4333 759 4384 tueatur.
779 4336 858 4384 etsie
876 4335 955 4399 infra.
1007 4333 1111 4386 ‘selei
1128 4341 1153 4388 2.
1230 4341 1307 4398 uxor]
1328 4338 1378 4388 Ur-

103 4415 160 4467 sule
175 4419 288 4471 Thumb.
312 4421 355 4470 De
372 4419 488 4486 perditis
511 4417 693 4478 mulierculae,
718 4418 879 4469 concubium
898 4419 988 4482 ducis,
1008 4421 1128 4472 moribus
1141 4427 1196 4472 tum
1208 4419 1326 4472 nondum
1339 4439 1380 4473 re·

102 4503 234 4554 sciverunt
251 4505 367 4554 Hntteni
386 4509 434 4554 sut
452 4491 575 4555 eiusdem
592 4504 734 4554 infamium
753 4505 781 4552 in
797 4519 846 4552 ore
863 4502 1001 4555 hominum
1019 4521 1073 4556 non
1091 4507 1227 4557 obituram
1245 4522 1306 4556 esse
1319 4523 1380 4572 spe-

102 4587 203 4638 rsbsnt
222 4587 505 4654 decorandum
524 4593 593 4640 orat.
608 4589 639 4638 V.
653 4592 676 4652 5.
689 4587 745 4652 43.)
769 4587 852 4638 eliter
870 4595 932 4652 post
949 4606 1053 4655 peueos
1072 4607 1166 4644 annos.
1191 4592 1229 4642 cl.
1246 4591 1334 4642 voli.
1354 4607 1380 4656 p.

102 4671 155 4722 2¹15.
172 4671 231 4733 Μ.
284 4673 419 4738 ⁶Iupiter
437 4678 462 4724 2.
515 4672 622 4738 ⁸Apud
641 4687 706 4738 quos
725 4687 819 4724 omnes
836 4677 864 4722 11.
918 4673 939 4706 ¹⁵
956 4663 1085 4728 videatur
1102 4684 1130 4732 lt.
1184 4675 1205 4708 ¹⁶
1223 4676 1381 4740 prodeat2.

102 4757 145 4806 aed
160 4743 212 4809 uie
229 4757 305 4810 dudio
323 4757 422 4824 prodet
438 4761 543 4824 scripsit
560 4762 589 4806 11.
636 4755 655 4788 ³¹
677 4773 769 4836 arcem
788 4758 981 4813 crudelitatem
995 4762 1058 4810 edd.
