3410 5524
895 1353 1044 1416 novmrs

630 1453 668 1514 lN
705 1455 893 1516 vtulcttvtu
928 1453 1309 1519 WIRTENBERGENSEII

630 1569 634 1578 '
821 1573 958 1624 ORATIO
977 1574 1114 1637 QVINTA

396 1763 409 1786 ι
461 1707 510 1756 AD
530 1706 803 1758 CONFOEDVSTOS
822 1709 964 1760 SVEVIAE
981 1707 1029 1761 ΕΤ
1047 1709 1238 1764 VIGTOREM
1254 1709 1482 1762 EXERCI'I'VM
1602 1731 1613 1770 a

667 1809 775 1861 vtc‘ro
794 1811 861 1862 IAM
878 1811 926 1860 ET
944 1810 1080 1862 niuoso
1098 1811 1268 1862 TYRANNO

868 1916 1066 1958 noeumane.
1127 1951 1138 1972 ,

688 1214 908 1291 vennone
938 1215 1009 1290 nn
1036 1215 1253 1292 nvnnnn

1681 1549 1682 1622 l

267 2065 312 2115 ar.
406 2047 576 2119 Maximam,
605 2049 753 2128 principes
781 2065 816 2108 ac
843 2049 897 2109 riri
925 2048 1093 2117 tortissimi,
1122 2067 1186 2110 rem
1214 2048 1376 2110 conlectam
1399 2058 1428 2111 et
1450 2049 1533 2128 plane
1553 2050 1599 2108 im·

322 2148 474 2211 mortalem
497 2151 545 2229 pia
568 2149 604 2210 ad
627 2149 715 2211 deum
739 2151 881 2227 optimum
911 2152 1069 2210 maximum
1097 2149 1308 2230 supplicatione
1337 2152 1480 2229 primum,
1505 2149 1598 2212 deinrle

321 2257 421 2312 mutua
443 2251 520 2311 iuter
542 2267 597 2310 nos
619 2250 902 2328 congratulationem
926 2271 960 2312 ac
982 2250 1107 2332 publico
1130 2249 1265 2314 alacriter
1293 2253 1399 2330 gaudio
1427 2264 1625 2334 prosequenti

320 2351 387 2412 dam
416 2370 532 2414 censeo.
577 2371 613 2413 an
641 2371 700 2413 oon
730 2359 773 2414 est
800 2352 857 2413 hoc
890 2355 1046 2415 maximum
1075 2355 1237 2432 putandum
1262 2355 1343 2433 qnod
1372 2355 1400 2414 in
1430 2373 1543 2416 summo
1563 2354 1600 2414 rei

320 2455 472 2516 Germane
494 2454 662 2515 discrimine
684 2451 794 2515 amoliti
817 2465 932 2516 omnem
956 2464 1066 2517 metum
1088 2474 1204 2528 sumus,
1228 2475 1314 2518 omne
1336 2457 1501 2536 pericnlum
1517 2459 1599 2518 444144-

320 2556 435 2616 almus?
456 2562 507 2616 aut
528 2557 579 2635 qui
602 2556 658 2617 hoc
681 2555 876 2628 confecimus,
900 2558 942 2618 sic
964 2557 1175 2620 insolescemus
1197 2563 1230 2618 ut
1252 2558 1353 2636 dignas
1368 2558 1424 2619 deo
1438 2575 1528 2636 agere
1542 2574 1599 2634 gra-

319 2657 373 2716 tias
396 2657 598 2736 negligamus?
627 2655 672 2719 401
700 2675 761 2718 non
790 2657 936 2736 publicam
965 2657 1109 2728 lotitiam,
1138 2661 1272 2736 ingentes
1296 2658 1431 2739 plausus,
1460 2663 1600 2738 incompa·
1673 2631 1682 2844 p

320 2755 427 2818 nabiles
451 2759 615 2837 triumphos
636 2767 766 2820 meretur
788 2759 845 2820 hoc
867 2743 994 2829 lacinus,
1024 2759 1102 2838 qnod
1131 2762 1188 2822 nisi
1214 2762 1470 2832 conscivissemus‚
1500 2780 1553 2821 nos
1571 2758 1626 2819 liu

265 2857 402 2936 gaheri,
425 2877 479 2918 nos
501 2861 571 2930 tuti,
594 2877 648 2920 nos
671 2859 794 2922 sortasse
815 2863 869 2921 riri
891 2879 950 2921 non
973 2853 1121 2923 essemus?
1137 2863 1201 2936 ,Sed
1224 2881 1319 2942 neque
1335 2865 1373 2924 ita
1388 2863 1487 2923 m'rtuti
1503 2869 1600 2922 nostra

320 2957 556 3038 applaudendum
579 2967 666 3040 puto,
688 2970 722 3023 ut
743 2962 819 3024 hanc
841 2963 926 3023 nohis
951 2965 1109 3025 universim
1139 2964 1261 3044 gloriam
1292 2967 1486 3044 imputemus,
1514 2981 1600 3042 neque

888 3101 1040 3109 -n—

321 3144 1682 3240 1.,211.Ξ144<110.141141ίος4.441111111115.4400444414441011044044444404444014404444404041

1339 3220 1597 3230 —.-——.—...——-—

385 3295 506 3351 ‘Medio
524 3316 616 3351 manse
630 3303 742 3353 Maiore.
759 3300 832 3352 15111.
850 3303 1003 3352 Huttennm
1022 3303 1089 3353 huic
1104 3303 1209 3372 guinizo
1233 3303 1352 3354 orationi
1371 3309 1521 3353 extremam
1542 3317 1599 3352 non·

318 3382 381 3433 dum
409 3384 572 3450 imposuisse
602 3401 712 3436 manum
734 3385 816 3436 docet
838 3387 897 3436 eius
921 3387 1040 3451 epistula
1062 3387 1249 3454 Esslingensis
1273 3389 1308 3437 ad
1333 3387 1489 3438 Chiliannm
1513 3387 1599 3462 Salen·
1681 3447 1682 3450 Ἴ

318 3483 375 3518 sem
394 3466 431 3534 (9.
445 3469 484 3535 4.)
498 3485 584 3536 quam
603 3470 656 3521 vol.
671 3471 692 3522 Ι.
704 3488 731 3537 p.
743 3469 802 3522 2117.
823 3471 1003 3526 exhibuimus.
1039 3473 1076 3521 Et
1098 3473 1173 3537 priua
1195 3485 1276 3536 qnam
1299 3471 1359 3522 haec
1382 3472 1470 3522 oratio
1494 3470 1599 3537 partice-

317 3558 401 3616 retnr,
419 3554 557 3620 Apologia
580 3571 629 3620 pro
646 3555 817 3606 Phalarimne
837 3553 903 3619 (rol.
918 3557 942 3606 1.·
953 3571 1025 3606 num.
1039 3555 1205 3622 CXXXII),
1224 3557 1254 3606 in
1271 3571 1325 3622 qua
1342 3571 1396 3606 non
1415 3556 1468 3606 nisi
1487 3557 1520 3607 da
1538 3555 1601 3621 prio·

316 3638 392 3689 ribus
415 3640 618 3690 orationibns'
610 3657 638 3690 m
664 3641 938 3706 Wirtanbergensem
960 3641 1064 3690 mantio
1094 3641 1171 3690 lacta
1195 3647 1250 3700 est,
1284 3655 1309 3690 e
1327 3656 1368 3706 gr.
1384 3642 1409 3702 9.
1427 3641 1469 3691 at.
1494 3637 1599 3704 (rolL

318 3739 344 3788 p.
362 3721 455 3791 sut),
481 3726 626 3791 conposita
649 3741 710 3796 esse
732 3725 822 3776 videri
845 3727 945 3791 possit;
970 3724 1019 3775 sed
1042 3722 1091 3774 alii
1115 3725 1238 3776 eiusdem
1254 3724 1397 3790 Apologiae
1419 3725 1476 3775 loci
1498 3727 1542 3790 (e.
1564 3738 1600 3788 gr

317 3808 340 3868 9.
355 3806 410 3871 71.)
428 3810 574 3859 ostendunt
598 3810 670 3860 hanc
693 3791 756 3875 post
773 3811 891 3860 Hntteni
915 3811 949 3860 ab
973 3810 1097 3860 exercitu
1120 3809 1236 3859 reditum
1259 3811 1392 3875 scriptam
1415 3825 1490 3872 esse,
1514 3812 1555 3860 ita
1575 3811 1601 3855 ut

316 3895 446 3956 utraque,
472 3897 501 3948 ct
519 3895 608 3945 oratio
625 3894 658 3943 V.
679 3899 707 3944 et
725 3895 855 3961 apologia
874 3894 969 3945 eodem
988 3895 1046 3945 fere
1065 3899 1187 3960 tempore
1207 3898 1234 3944 et
1252 3893 1431 3959 perficeretur
1454 3892 1599 3944 04144840-

318 3975 511 4041 ckelbergensi
528 3978 669 4043 farragine
688 3977 787 4042 (Indic.
802 3979 869 4028 bibl.
882 3995 908 4030 n.
921 3975 1034 4029 XXIIII.
1050 3977 1088 4044 l.)
1111 3979 1220 4044 publice
1238 3979 1369 4042 prodiret.
1384 4007 1389 4016 ·
1439 3976 1600 4030 ⁵confoeda-

316 4057 385 4124 atos]
404 4061 492 4110 Malim
510 4063 714 4112 conloederatos
732 4066 877 4128 scripsisset
896 4065 1039 4114 Hactenus:
1062 4080 1118 4114 nam
1135 4067 1175 4114 uel
1195 4067 1219 4113 si
1240 4065 1303 4114 illud
1318 4064 1463 4114 vocabulum
1478 4079 1536 4114 aere
1554 4062 1598 4112 La·

315 4147 392 4192 tinum
410 4153 460 4204 ert,
480 4150 549 4211 quod
564 4163 613 4198 noa
626 4149 677 4196 alai
687 4149 757 4212 apud
770 4149 874 4198 Pontion
891 4150 1021 4199 diaconum
1039 4149 1247 4212 (¹Conioednsti,
1267 4148 1372 4199 ioedere
1390 4147 1552 4214 coniuncti’)
1569 4151 1600 4198 le·

314 4229 397 4292 gitur,
416 4236 486 4280 certe
508 4247 552 4281 eos
576 4233 618 4296 qni
636 4232 779 4294 [ruderibus
801 4239 874 4298 quasi
888 4240 1048 4298 prenarratur,
1074 4249 1122 4284 aon
1146 4235 1190 4300 qui
1203 4234 1345 4298 foederibus
1364 4236 1446 4298 faetta
1466 4238 1600 4284 muniuntur

316 4313 516 4379 adiuvanturque
529 4317 654 4380 derigunt,
672 4323 699 4386 pt
718 4321 830 4368 onustus
849 4325 888 4368 est
906 4322 1041 4384 quieuere
1058 4321 1190 4386 premitur,
1211 4324 1339 4370 oneratus
1357 4327 1439 4370 aretem
1457 4321 1499 4386 qui
1514 4321 1553 4368 oet
1568 4323 1599 4365 tu-

315 4398 420 4448 cuodum
437 4413 500 4448 oona
514 4399 578 4461 sert.
615 4401 709 4458 11444044,
729 4402 797 4466 pund
813 4397 937 4452 1141414444
954 4406 1044 4466 saluii,
1063 4409 1125 4468 aput
1138 4387 1267 4454 Plocimrm
1284 4405 1310 4452 in
1328 4407 1419 4468 plorata
1437 4401 1473 4468 (p.
1487 4401 1545 4454 188.
1558 4417 1598 4464 op.

316 4481 423 4546 Maium)
443 4482 633 4548 ‘Confmditos
653 4485 757 4539 foedare
776 4486 927 4550 copulatos'
946 4503 960 4536 e
978 4489 1059 4538 Porcio
1077 4489 1253 4553 corripendum
1277 4491 1312 4538 ait
1335 4503 1381 4538 aec
1399 4502 1443 4550 ae,
1466 4504 1515 4539 noa
1532 4487 1600 4536 1041444

315 4570 365 4616 ioci
381 4559 518 4631 disputatio
537 4576 584 4620 eat.
648 4569 724 4636 ⁸pro
743 4571 884 4622 fortissimi
904 4577 932 4621 14.
952 4574 1037 4624 ndarr.
1057 4573 1197 4624 Germani.
1257 4571 1275 4605 ¹¹
1294 4573 1385 4625 uideo.
1399 4578 1422 4624 1.
1452 4587 1559 4624 censeo.
1572 4575 1598 4619 11.

316 4649 369 4700 ¹⁵.¹⁶
387 4667 436 4701 ans
457 4650 538 4703 libori
591 4669 712 4706 essemus
730 4660 752 4706 1.
778 4663 807 4706 41.
821 4673 891 4706 corr.
909 4673 990 4710 nemo
1006 4657 1053 4708 hic
1070 4656 1154 4722 liber,
1179 4673 1258 4708 nomo
1277 4662 1360 4724 tutus,
1388 4675 1467 4710 nemo
1486 4659 1599 4710 tortasse

314 4735 394 4787 rivus
406 4736 453 4785 diu
471 4737 579 4790 luisset·
