3382 5516
305 487 313 506 ι
338 408 412 480 226
431 439 463 474 11.
476 437 687 480 Trasimenna.
700 438 856 473 hunnerici
870 437 979 474 cotenu
991 435 1118 474 TEVBCAB
1131 437 1234 473 curro
1247 437 1284 472 ΔΙ)
1295 435 1444 472 unnim
1455 437 1520 472 m.
1533 431 1622 474 mitit.

337 596 520 672 populabundi
543 604 717 674 ercqrrentcs
740 595 767 650 iu
790 596 847 668 ipsa
876 594 932 652 lere
960 596 1076 651 tentoria
1107 595 1226 652 hostium
1254 603 1437 670 penetrarent.
1480 595 1621 668 implorato

339 683 445 737 tandem
469 680 657 753 lluugarorum
680 679 781 736 auxilio
803 699 833 738 ae
857 680 970 737 Tliurcae
994 679 1136 754 peridem
1160 689 1267 754 tempus
1294 680 1406 736 interitu
1434 680 1562 736 nunciato
1583 697 1622 736 re·

269 772 328 822 §.lb
340 767 494 841 linquentes
517 774 647 822 vastatam
669 765 833 838 provinciam
856 763 1005 822 incolumes
1025 765 1135 822 donnum
1150 775 1277 840 expecto
1292 765 1438 822 redierunt.
1466 764 1525 820 Non
1541 764 1621 821 multo

336 871 436 920 russum
464 869 525 915 impa-
592 858 656 924 post
679 849 857 924 quadraginta
879 849 1000 906 millibus
1023 849 1188 906 Thurcarum
1211 867 1263 924 per
1284 849 1454 906 tributariam
1470 849 1572 906 llaciam
1598 851 1620 904 in

336 919 366 990 ll:
378 913 538 1000 'hildibald
590 933 730 990 Poloniam
754 935 920 990 irruentibus
943 934 1093 1008 positisque
1115 951 1170 992 uon
1192 934 1275 1008 longe
1296 935 1452 991 aGracovia
1473 935 1571 991 eastris
1585 936 1639 990 itas

338 1021 425 1077 territi
449 1027 514 1090 sunt
535 1018 646 1080 Poloni‚
677 1027 707 1074 ut
736 1037 769 1075 ne
798 1020 934 1093 principes
963 1019 1072 1093 quidem
1101 1020 1165 1092 qnid
1192 1019 1300 1078 consilii
1322 1026 1450 1094 caperem
1472 1019 1619 1074 habuerint.

338 1123 420 1179 quum
444 1113 532 1160 tamen
555 1103 742 1160 consedissent
765 1104 859 1160 bostes
882 1104 1029 1162 interduo
1052 1104 1176 1166 llumina.
1207 1113 1282 1162 tanta
1304 1113 1415 1178 repente
1439 1103 1564 1160 imbrium
1586 1105 1621 1159 ui·

336 1183 521 1262 ἶιξξᾞᾞξῑοξῖξῗῐ·
543 1193 552 1262 t
575 1189 668 1261 visque
691 1209 704 1244 r
719 1189 769 1262 ipia
792 1188 902 1252 cecidit,
926 1197 1001 1245 tauta
1024 1189 1063 1244 vis
1086 1189 1198 1261 frigoris
1220 1190 1389 1264 supervenit,
1411 1197 1444 1245 ut
1466 1187 1513 1244 ille
1533 1189 1620 1248 lorini·

337 1277 416 1332 datus
440 1275 575 1330 exercitus
597 1273 696 1347 partim
719 1274 789 1330 lame
812 1274 911 1348 partim
934 1273 1051 1346 frigore,
1085 1291 1140 1330 non
1169 1275 1272 1330 virtute
1300 1282 1408 1336 nostra,
1443 1291 1522 1348 paene
1551 1281 1618 1329 totm

282 1366 515 1433 ·‘-‘·ronsumptus
543 1359 588 1414 sit
632 1357 813 1431 Expectabitis
841 1359 928 1433 igitur
954 1359 1040 1414 donec
1068 1367 1159 1416 tantm
1187 1359 1274 1416 hostis
1302 1359 1376 1416 domi
1398 1375 1446 1415 vos
1467 1359 1642 1433 opprimatttt

335 1445 421 1500 donec
444 1443 574 1500 machinis
599 1442 703 1517 quatiat
733 1461 842 1506 muros,
872 1444 971 1500 vestris
999 1443 1073 1516 agris
1101 1443 1249 1502 exercitum
1277 1444 1337 1500 cius
1365 1443 1519 1500 alentibus?
1552 1442 1617 1500 liun-

335 1521 492 1607 llffifflfflq
516 1545 596 1601 quam
625 1527 707 1582 lionis
737 1537 879 1586 nutaverat
906 1528 1001 1584 maiori
1029 1528 1184 1586 discrimine
1211 1536 1274 1585 aute
1301 1528 1428 1584 Gallicam
1456 1527 1618 1584 ohsidionem

335 1607 564 1686 ffiffllbfflfflm'l
585 1612 814 1686 llannibalemque
836 1613 868 1669 ad
892 1614 1001 1670 tertium
1024 1611 1057 1668 ab
1086 1613 1153 1669 nrhe
1181 1612 1296 1687 lapidem
1328 1629 1519 1688 progressum:
1556 1629 1617 1668 nun·

336 1691 606 1778 ξῇζξῗςῇξηξ,“ιζξξξζέ““1
630 1713 710 1771 qnam
733 1698 771 1753 sie
794 1698 956 1774 trepidatum
979 1705 1022 1752 est
1037 1697 1212 1771 Cartbagine.
1236 1699 1461 1772 quemadmodum
1476 1698 1563 1754 llareo
1577 1701 1616 1752 lt·

267 1793 326 1844 nis.
336 1782 397 1847 tilio
420 1781 525 1856 llegulo
548 1782 775 1855 Scipionibusqne
797 1782 848 1838 sub
870 1783 937 1856 ipsis
960 1782 1034 1838 urhis
1057 1781 1144 1838 oculis
1165 1792 1253 1840 castra
1275 1783 1447 1839 metantibus.
1492 1783 1614 1839 Praeterea
1624 1793 1641 1830 ¹5

337 1866 411 1924 nulln
435 1885 498 1940 spes
521 1866 643 1922 babendo
665 1875 708 1922 est
730 1867 757 1922 in
781 1885 856 1922 irrora
872 1876 986 1941 propter
1001 1868 1160 1940 gravitatem
1176 1869 1324 1930 exereitus,
1347 1869 1482 1941 siquidem
1498 1869 1525 1924 in
1541 1869 1614 1924 Thur·

335 1945 471 2022 Jfflssfffffflffll
494 1969 585 2007 carum
608 1951 705 2006 cestris
728 1961 831 2008 arcttun
854 1969 941 2025 genus
964 1950 1116 2025 disciplinae
1138 1953 1308 2009 servantibus
1323 1971 1376 2008 non
1392 1953 1545 2014 institores.
1567 1969 1613 2008 non

334 2029 544 2108 ,lffi‘l'gfflflff'l
566 2035 647 2098 lires,
671 2035 776 2093 utillum
800 2045 936 2098 scortum.
961 2055 991 2092 uc
1014 2053 1089 2092 inore
1111 2037 1363 2110 Carthaginensium
1392 2053 1426 2092 ne
1454 2038 1542 2094 vinnm
1562 2037 1613 2110 qui·

334 2122 395 2176 dem
418 2121 536 2182 videbis.
559 2137 661 2194 pauens
684 2138 794 2194 speroque
817 2120 926 2178 calones
949 2139 979 2178 ac
1002 2138 1062 2177 rara
1085 2122 1288 2195 impedimenta:
1317 2121 1374 2178 sola
1402 2140 1468 2178 cura
1498 2123 1523 2177 iu
1543 2139 1612 2194 erpe·

326 2205 400 2262 ditis
423 2206 502 2279 cquis
525 2213 553 2260 et
576 2205 743 2277 fulgentibus
766 2205 862 2268 armis.
885 2207 956 2262 unde
978 2223 1034 2262 nou
1056 2223 1125 2280 opus
1147 2214 1189 2262 est
1212 2207 1356 2264 mutaturis
1379 2205 1469 2263 locum
1485 2223 1543 2262 vasa
1557 2217 1639 2261 conti

337 2289 460 2346 rlmnuri:
484 2290 675 2364 itaque-prius
697 2290 823 2346 advolant
845 2307 925 2364 quam
948 2291 1108 2352 audiantur.
1137 2291 1253 2346 celerius
1281 2291 1440 2366 opprimunt
1462 2307 1541 2366 quara
1560 2307 1612 2346 sen·

266 2376 448 2433 §.retianum
493 2374 564 2430 luter·
585 2383 682 2430 caetera
707 2374 771 2430 illud
795 2393 905 2449 quoque
927 2375 1129 2432 memorandum
1152 2383 1208 2438 est,
1237 2378 1308 2450 apud
1332 2377 1452 2432 Thurcas
1483 2379 1551 2450 quod
1570 2391 1612 2448 per

337 2469 378 2518 tot
400 2476 486 2515 annos
509 2476 616 2532 semper
638 2459 665 2514 in
690 2477 784 2532 taragna
808 2459 941 2518 bellorum
965 2459 1036 2516 mole
1059 2477 1138 2516 nemo
1166 2459 1351 2522 rebellaverit.
1380 2459 1474 2517 nullus
1500 2460 1612 2534 proditor

336 2553 463 2620 repertus
486 2544 536 2606 sit;
560 2544 625 2616 quiu
648 2561 743 2600 onrues
766 2545 793 2600 in
816 2544 894 2600 fidem
917 2561 1011 2601 eorum
1034 2561 1185 2601 nonomen
1208 2553 1359 2603 transeunt.
1405 2545 1442 2601 lhi
1472 2545 1610 2618 precipuus

335 2625 398 2701 {2:⁰33
409 2621 529 2710 qtggolllf'
545 2631 552 2702 Ι
576 2629 668 2684 virtuti
691 2628 768 2684 locus
791 2647 820 2685 ac
835 2638 911 2686 certa
926 2630 1076 2686 redduntur
1091 2631 1217 2704 premia:
1241 2630 1293 2686 vidi
1315 2631 1446 2704 quosdam
1462 2631 1531 2703 apud
1546 2629 1635 2684 clm-s

268 2716 442 2780 §.instianos
466 2713 569 2770 nullius
591 2713 757 2769 conditionis
780 2714 850 2788 apud
875 2714 995 2772 Thomas
1017 2715 1048 2771 ad
1072 2731 1193 2772 summos
1216 2715 1334 2772 honores
1362 2723 1515 2789 provectos.
1555 2714 1610 2768 Pro·

335 2799 396 2854 inde
419 2797 588 2854 considerate
611 2797 633 2852 si
657 2797 703 2853 diu
726 2807 888 2870 regnaturos
912 2799 1060 2856 timendum
1083 2799 1132 2860 sit.
1164 2799 1297 2872 siquidem
1319 2817 1351 2856 er
1373 2800 1488 2873 captivis
1509 2798 1610 2873 pruden-

336 2883 373 2937 tia
396 2899 426 2938 ac
449 2882 610 2938 tortitudine
632 2881 801 2954 insignibus,
824 2884 976 2958 Scythicam
999 2885 1091 2941 adbaec
1114 2884 1279 2958 impietatem
1295 2883 1532 2958 amplectentibus.
1553 2881 1608 2937 liunt

334 2960 515 3038 Tlfflffitf
528 2959 588 3027 ψἸ
611 2965 649 3021 illi
673 2968 763 3040 rmgni
785 2968 880 3030 duces,
904 2969 1080 3042 quosbassas
1102 2976 1214 3034 vocant;
1237 2969 1308 3026 unde
1330 2986 1414 3042 quum
1437 2968 1509 3025 Gotti
1531 2967 1607 3023 statim

333 3011 467 3122 &¹³:aengss
487 3049 495 3118 Ι
518 3059 581 3123 post
609 3053 805 3124 sexagesimum
834 3071 933 3110 annum
962 3053 988 3110 in
1016 3054 1130 3128 patriam
1159 3052 1265 3126 (relicta
1293 3053 1378 3125 ltalia)
1409 3053 1632 3126 remigraverint!

334 3129 535 3216 {ffipssiffl²⁰f·
558 3131 565 3202 Ι
583 3135 696 3195 Tbureaa
719 3154 782 3194 vero
806 3139 1020 3212 quadringentos
1036 3138 1093 3195 iere
1109 3156 1157 3212 per
1172 3152 1258 3196 annos
1281 3138 1308 3193 in
1329 3139 1392 3194 Asia
1415 3147 1498 3212 atque
1518 3137 1608 3208 inceps
1688 3151 1689 3208 3

335 3221 521 3283 dominantes.
545 3219 572 3275 in
595 3221 652 3276 dies
675 3239 786 3295 qunque
807 3232 991 3296 propagantes
1014 3223 1157 3298 imperium
1180 3223 1334 3280 inllammati
1363 3231 1428 3279 sunt
1457 3223 1489 3280 ad
1511 3236 1607 3296 pessun-

267 3314 325 3365 §.iu
336 3305 453 3362 dandum
475 3305 597 3380 reliquos
620 3306 803 3368 Christianos.
826 3309 924 3364 nedum
948 3309 1020 3381 quod
1043 3315 1119 3382 parta
1142 3307 1195 3365 iam
1215 3308 1354 3365 dimittere
1377 3307 1471 3363 velint.
1503 3306 1605 3374 Qorun

335 3408 424 3464 neque
446 3390 562 3452 viribus.
588 3407 680 3464 ireque
705 3392 833 3466 ingeniis,
863 3410 951 3471 neque
982 3392 1078 3450 animis
1106 3393 1292 3450 deficientibus
1314 3392 1380 3467 quid
1407 3391 1482 3448 aliud
1503 3391 1605 3448 lutnmrn

334 3493 475 3550 speramus
498 3493 586 3550 quam.
609 3477 631 3532 si
649 3484 709 3532 toto
724 3475 938 3534 Christianorum
952 3486 1051 3534 conatu
1068 3495 1123 3534 non
1139 3479 1294 3538 resistatur.
1318 3476 1474 3552 quibusque
1494 3471 1630 3550 pronuba

334 3561 469 3635 correptis
492 3578 542 3634 per
564 3560 658 3618 littora
680 3561 816 3635 llispaniei
840 3571 867 3618 cl
889 3560 984 3619 Gallici
1007 3563 1099 3620 occasii
1124 3562 1248 3619 victrices
1262 3563 1356 3636 copias
1370 3557 1604 3620 circumductmos?

334 3645 422 3714 Quare
451 3646 613 3720 compositis
642 3647 779 3704 intestinis
814 3646 907 3709 bellis.
938 3645 1101 3703 oblitteratis
1128 3647 1361 3710 dissensionibus,
1396 3647 1526 3704 revocatis
1554 3643 1604 3698 dia
1687 3653 1688 3666 ¹

334 3730 433 3805 preciis
456 3747 517 3804 quaa
540 3732 774 3806 pessumibant,
805 3732 963 3790 restauratis
992 3731 1096 3790 artibus
1123 3731 1281 3788 liberalibus
1308 3749 1370 3805 qum
1401 3732 1427 3788 in
1455 3728 1603 3788 contrarium
1687 3767 1688 3780 r

334 3815 498 3877 ceciderant.
521 3815 550 3870 in
573 3814 632 3874 sola
654 3815 820 3873 conscientia
843 3815 1047 3874 lieuelactorum
1069 3834 1100 3872 nc
1114 3816 1222 3874 Christo
1245 3823 1454 3891 propugnatore
1474 3811 1603 3872 matractia

266 3900 456 3973 §.mundique
478 3900 565 3974 copiis
586 3901 742 3960 adoriamur
768 3899 934 3960 sevissimos
957 3901 1085 3958 Thurcas.
1128 3901 1224 3958 Parata
1252 3910 1294 3957 est
1321 3909 1420 3975 potens
1448 3899 1533 3960 ltalia,
1559 3903 1627 3952 nont·

336 3985 424 4042 deerit
444 3984 575 4041 bellicosa
596 3985 739 4060 llispania.
763 4002 816 4044 non
839 4002 947 4060 pugnax
970 3984 1069 4050 Gallia,
1099 4002 1155 4042 nou
1177 3985 1234 4059 pari
1256 3985 1336 4042 animi
1360 3984 1539 4058 magnitudine
1560 3979 1604 4036 bri·

337 4067 442 4132 tanniu,
466 4069 591 4127 bohemis
613 4071 646 4126 ud
668 4071 720 4126 boc
742 4076 770 4126 et
792 4070 929 4143 ilungaris
950 4070 1112 4144 ceterisque
1134 4069 1229 4127 validis
1256 4069 1385 4143 gentihus
1413 4087 1470 4128 non
1490 4068 1603 4126 deusde

336 4153 412 4210 turis.
449 4153 601 4218 Nomius,
625 4154 768 4211 fortissimi
791 4153 929 4216 Germani.
953 4154 1030 4210 eritis
1053 4155 1079 4212 in
1097 4163 1173 4211 tanto
1187 4155 1344 4212 discrimine
1359 4153 1540 4229 spectatores?
1558 4162 1601 4204 non

335 4237 569 4295 commovebimini
584 4239 740 4314 reipublice
756 4237 915 4296 Christiane
937 4240 1079 4297 ruentibus
1103 4238 1233 4296 habenis?
1256 4237 1310 4294 Vos
1332 4247 1486 4296 exterarum
1499 4234 1599 4310 gentian

334 4315 456 4394 l‘lffi'ss„
463 4315 572 4396 23:5¹3,
587 4333 595 4402 Ι
616 4323 673 4398 pati
697 4323 790 4398 iugum
812 4323 914 4382 insueti
930 4323 1074 4399 imperium
1089 4323 1238 4382 Romanum
1253 4323 1287 4380 ab
1302 4323 1417 4382 interitu
1432 4316 1624 4380 durioribus

402 4587 491 4642 ‘Non
509 4606 544 4640 m.
557 4585 598 4656 p]
619 4587 867 4642 o.1497.axtremo
885 4591 943 4642 lere
963 4595 1102 4642 autumno.
1149 4589 1160 4620 ⁹
1177 4605 1257 4656 posue
1271 4593 1295 4640 1.
1347 4590 1435 4653 Quasi
1452 4589 1485 4640 de
1500 4588 1600 4638 eroco

336 4671 470 4739 gallorum
490 4675 518 4724 lu
536 4673 637 4724 Russia
655 4673 722 4724 lotis
739 4673 903 4740 loqueretur.
939 4674 961 4707 ἥ
979 4676 1095 4740 proemia
1109 4677 1131 4724 1.
1167 4672 1315 4735 §§.46.4l.]
1334 4673 1516 4726 similium
1531 4664 1600 4718 cate

335 4760 404 4809 ticio
422 4760 476 4809 inm
495 4764 551 4809 tem
571 4759 681 4809 fuerant
706 4765 858 4824 postesque
886 4759 964 4823 qusai
988 4759 1016 4808 in
1039 4757 1184 4808 lenonium
1207 4757 1323 4810 redacta
1344 4763 1417 4810 anna
1451 4758 1490 4808 its
1504 4751 1600 4818 launi·
