3464 5526
221 485 343 523 ttvt'wss
363 485 392 519 nt
412 483 507 520 DVCBB
523 481 801 518 wlnnnnrttntlssttsntt
819 479 923 516 ORATIO
942 479 984 514 lll.
1007 479 1118 514 tunultu.
1133 475 1158 512 l.
1176 471 1232 512 llil.
1321 447 1369 518 43

98 641 181 719 ligent
197 643 289 703 exteri
307 659 340 702 ea
356 641 500 702 dedecora
521 657 537 699 a
554 627 660 718 quibus
676 635 845 715 longissime
857 645 978 714 'semper
995 635 1088 696 abluit
1102 634 1267 704 Germania,
1290 651 1370 696 nunc

97 743 208 804 demum
228 744 366 804 invasisse
388 759 458 813 nos,
487 751 517 802 et
543 742 581 801 ita
607 741 746 810 invasisse
768 745 801 800 ut
828 740 900 800 citra
927 752 1058 816 poenam,
1092 738 1163 798 citra
1195 735 1385 816 supplicium.

98 851 228 905 constent.
270 863 327 924 qua
343 843 525 923 turpitudine
540 845 633 904 maior
654 842 788 907 accidere
806 858 865 901 non
885 846 997 918 potest,
1020 840 1208 919 nequeenim
1228 839 1371 930 eiusmodi
1380 843 1424 896 to

98 953 136 1007 est
159 946 220 1008 baec
242 945 377 1018 infamia,
409 964 474 1026 quse
502 951 566 1006 orta
593 945 680 1006 unius
709 943 834 1004 hominis
863 959 938 1004 noxa
966 943 1016 1013 sit,
1050 941 1101 1003 sed
1128 941 1246 1021 publico
1275 949 1370 1020 vestro

81 1067 232 1110 econsensu
253 1049 446 1127 approbatum
470 1047 598 1108 dedecus
626 1047 712 1108 huius
737 1048 839 1126 patrie
865 1044 997 1106 moribus
1023 1044 1199 1122 imponitur:
1231 1046 1371 1123 namqui

97 1151 131 1209 sic
148 1153 273 1212 cunctati
293 1152 375 1221 estis,
394 1153 436 1212 sic
453 1149 560 1212 tulistis
579 1149 654 1210 banc
668 1147 895 1228 improbitatem,
912 1155 944 1208 ut
961 1145 1102 1225 probasse
1121 1146 1290 1230 vileamini:
1313 1165 1370 1227 qua

97 1254 122 1312 in
143 1269 172 1311 re
193 1253 263 1331 quid
286 1251 363 1313 ultra
385 1253 480 1314 dicam
503 1251 588 1332 plane
611 1254 732 1329 ignoro:
766 1247 884 1320 vultus,
905 1250 1013 1320 oratio,
1041 1249 1269 1328 mansionique
1293 1251 1369 1310 exci-

96 1353 143 1414 dit:
163 1354 232 1433 quid
255 1354 389 1416 acerbius
414 1356 491 1416 enirn
514 1355 685 1432 contingere
702 1352 787 1414 nobis
803 1351 912 1434 potuit,
934 1353 988 1411 toti
1007 1351 1171 1411 Germaniae
1191 1348 1312 1412 loedius'l
1334 1351 1370 1412 Et
1379 1356 1425 1407 tt.

97 1456 165 1532 quod
195 1454 245 1516 illo
272 1473 326 1516 nos
355 1456 474 1535 quidun
499 1455 629 1536 leserat,
663 1456 756 1534 ipsius
776 1454 919 1534 supplicio
942 1453 1065 1532 rqientli
1091 1451 1279 1532 sperabatur,
1300 1454 1371 1516 boc

72 1555 171 1617 ronobis
192 1555 329 1618 solatium
352 1567 414 1620 erat
435 1557 719 1638 propositumbmc
744 1558 882 1618 adsersus
905 1559 1053 1633 ingentem
1076 1555 1207 1616 dolorem
1227 1555 1371 1618 medicina

96 1657 257 1736 petebatur:
290 1667 409 1721 atvero
435 1659 604 1740 longissime
625 1666 727 1720 contra
754 1660 864 1729 evenit,
895 1675 962 1720 nam
984 1657 1123 1718 adversus
1150 1675 1238 1736 quern
1261 1675 1315 1720 nos
1336 1677 1371 1720 re

95 1762 254 1833 manifesta,
276 1761 456 1835 detestabili,
480 1763 588 1834 auoci,
611 1761 826 1841 probatissimis
848 1759 984 1828 testibus,
1008 1760 1203 1821 maximorum
1224 1760 1370 1822 scelerum

96 1861 219 1932 romulo,
240 1863 362 1942 publica
378 1866 584 1934 insectatione,
612 1865 762 1924 communi
785 1862 851 1923 odio
874 1861 952 1924 velut
981 1863 1044 1922 acie
1067 1861 1317 1939 confligebamus,
1344 1865 1370 1923 ls

95 1971 119 2023 et
138 1965 202 2025 risit
222 1973 251 2026 et
272 1973 391 2044 regnat,
417 1967 530 2028 utiam
559 1965 646 2044 plane
675 1967 764 2026 aruris
786 1964 949 2045 expetenda
972 1964 1058 2025 nobis
1083 1965 1143 2025 sint
1168 1944 1233 2043 que
1256 1964 1370 2045 legibus

70 2063 239 2128 rodebantur.
283 2066 334 2128 ubi
355 2068 546 2145 quaerendum
566 2084 626 2128 non
649 2075 719 2145 puto
742 2067 811 2147 quid
834 2085 887 2126 nos
908 2067 1068 2144 possimne,
1096 2079 1252 2144 possumus
1271 2074 1425 2130 autemus.

95 2173 196 2228 tantum
220 2175 362 2248 quantum
385 2170 421 2230 ad
443 2171 697 2249 comprimendum
719 2171 807 2230 istum
826 2161 900 2230 ¹satis
920 2176 976 2230 est:
1003 2168 1058 2228 boc
1080 2171 1267 2239 necessario,
1297 2155 1369 2232 Ger·

94 2271 178 2339 nani,
207 2270 386 2332 audiendum
408 2271 504 2342 vobis,
535 2289 632 2352 neque
660 2291 696 2334 en
724 2245 865 2351 (lignitate
894 2277 988 2332 vestra
1015 2287 1111 2348 neque
1141 2267 1259 2347 publico
1289 2289 1370 2332 com-

94 2371 186 2442 modo,
210 2373 262 2434 sed
285 2375 449 2434 communis
472 2375 695 2435 existimationis
713 2375 824 2434 iactura
847 2375 890 2433 sic
914 2373 1035 2434 remisse
1057 2391 1071 2432 a
1094 2371 1176 2433 vobis
1199 2380 1312 2444 actum,
1334 2393 1369 2434 eo

95 2489 150 2533 rem
171 2473 278 2536 ioedam
307 2493 340 2535 ac
371 2483 470 2537 notam
500 2478 683 2555 pervenisse,
720 2483 751 2536 nt
781 2495 869 2555 quern
898 2475 1007 2536 iudicio
1032 2474 1205 2554 pessundari
1228 2476 1367 2553 oportuit,

67 2591 155 2634 neum
181 2573 259 2637 bello
283 2579 422 2657 persequi
452 2596 573 2640 necesse
600 2581 646 2641 sit.
693 2579 808 2656 Fingite
832 2579 909 2639 enim
939 2578 1018 2638 sine·
1033 2584 1134 2637 nostro
1156 2583 1185 2637 et
1211 2577 1318 2638 damno
1341 2585 1425 2638 eti-⁰·

94 2676 162 2738 malo
195 2679 283 2758 (quod
307 2679 372 2740 tierl
390 2699 450 2741 non
472 2684 579 2759 potest)
612 2680 811 2761 superabilem
834 2682 938 2750 istum,
970 2679 1038 2759 quid
1054 2678 1161 2758 leges,
1196 2679 1265 2758 quill
1285 2681 1369 2740 iurat

94 2779 215 2841 nihilne
236 2781 391 2844 valebunt?
412 2789 543 2870 autnon
566 2783 650 2845 cadet
674 2786 705 2844 in
729 2783 869 2844 iudicium
891 2780 948 2842 talc
970 2788 1142 2861 tantumque
1167 2780 1277 2852 scelus,
1309 2788 1369 2842 tam

94 2881 196 2952 duum,
221 2891 280 2945 tana
302 2883 445 2953 immane,
469 2891 527 2944 tam
550 2887 715 2963 cognitum,
738 2891 797 2945 tarn
817 2884 996 2945 iudicatum?
1017 2890 1144 2945 autnon
1166 2885 1369 2964 turpissimum

94 2988 132 3042 est
152 2983 356 3047 huiuscemodi
378 2987 507 3048 lacinora
530 2987 560 3047 in
581 2988 737 3051 Germania
760 3003 821 3046 non
843 2989 907 3048 lleri
927 2987 1030 3056 modo,
1057 3005 1158 3048 verum
1185 2987 1223 3048 ita
1251 3005 1368 3067 quoque

67 3085 149 3145 asieri
171 3094 203 3146 ut
225 3105 365 3150 concessa
388 3089 463 3149 sinti
483 3088 535 3151 sed
556 3096 586 3150 et
608 3089 689 3150 dubii
711 3087 857 3152 bellorum
880 3103 965 3150 casus
988 3097 1073 3158 sunt,
1105 3097 1133 3149 et
1154 3095 1255 3149 notum
1278 3089 1368 3151 babe-

94 3189 236 3266 tur-cuius
259 3206 314 3250 nos
335 3192 484 3260 amentia,
508 3192 590 3252 cuius
611 3192 705 3252 itrrori
725 3189 907 3252 obiiciamur.
949 3191 1021 3251 Cum
1042 3191 1130 3268 igitur
1156 3210 1190 3252 ea
1213 3194 1267 3252 iste
1290 3191 1435 3255 lece-ou.

93 3291 125 3349 rit
143 3309 208 3370 que
228 3309 317 3354 nemo
337 3295 467 3354 oratorio
482 3292 579 3372 aliquo
596 3293 720 3354 artilicio
738 3295 768 3353 in
788 3292 908 3354 auribus
927 3293 1081 3354 hominum
1103 3295 1215 3372 posuit,
1237 3292 1287 3354 sed
1304 3311 1369 3372 quae

93 3391 148 3469 ipsa
169 3411 200 3455 se
221 3395 252 3456 in
276 3394 476 3473 penetralibus
498 3397 663 3457 animorum
685 3401 850 3456 vestrorum
872 3395 1049 3465 defixerunt,
1081 3394 1167 3456 vultis
1187 3395 1264 3454 istud
1287 3397 1369 3456 inex·

93 3495 205 3556 tinctum
228 3495 309 3557 alere
326 3497 513 3559 incendium?
535 3497 620 3559 tultis
643 3499 691 3560 isti
707 3517 767 3558 non
786 3498 841 3558 iam
859 3503 890 3557 ut
905 3499 1031 3577 respiret
1046 3503 1176 3574 tempus,
1202 3497 1254 3556 sed
1272 3503 1303 3556 ut
1321 3515 1388 3590 re·,

68 3606 234 3670 ingrassetur
260 3599 445 3660 occasionem
474 3599 561 3660 dare?
590 3601 675 3662 vultis
704 3601 783 3661 bunc
806 3602 836 3659 in
868 3599 965 3661 medio
988 3605 1115 3661 vestrum
1142 3594 1187 3658 bis
1217 3596 1367 3658 Catilinam

94 3699 163 3774 pati,
187 3701 237 3779 qui
259 3705 291 3761 ut
312 3702 441 3780 primum
463 3700 503 3762 illi
525 3700 663 3773 libuerit,
692 3705 776 3782 quasi
805 3721 839 3763 ex
868 3701 993 3781 quadam
1022 3701 1134 3772 excitus
1159 3701 1257 3778 quiete
1279 3698 1367 3779 pleno

95 3797 184 3862 lurore
205 3803 237 3880 iq
259 3820 426 3882 quenquam
448 3804 562 3865 invadat
582 3805 700 3866 minime
723 3807 867 3866 munitum
892 3803 1005 3872 locum,
1038 3808 1172 3864 nostruin
1197 3803 1368 3880 sanguinem

95 3901 238 3974 exorbeat,
267 3904 435 3983 principum
463 3908 707 3967 existimationem
735 3907 859 3986 polluat,
895 3907 1039 3968 Caesarem
1067 3903 1294 3966 blaximilianum
1321 3923 1368 3968 oa·

95 4001 201 4066 lumuiae
229 4014 368 4086 exponat,
403 4025 489 4068 suum
517 4009 548 4068 in
574 4008 668 4069 bonos
694 4008 793 4069 ouium
819 4011 1036 4078 satiet,·suum
1068 4008 1199 4068 furorem
1229 4008 1368 4086 impleat?

69 4103 339 4186 obumonutgnus
360 4115 458 4169 autern
481 4115 525 4170 est
545 4111 617 4179 iste,
647 4111 730 4171 cuius
753 4111 806 4200 vita
828 4115 872 4174 tot
892 4108 1035 4170 nobilium
1058 4109 1208 4188 Equitum,
1236 4118 1281 4171 tot
1307 4111 1436 4174 ior-§.rc

96 4207 156 4268 bmu
178 4211 305 4272 virorum
326 4205 460 4289 periculo
481 4225 516 4272 ao
537 4213 679 4290 sanquine
700 4219 870 4290 quaeratur.'
901 4213 962 4290 Age
987 4220 1070 4282 v'ero,
1105 4210 1176 4288 quid
1200 4213 1225 4272 si
1248 4231 1283 4274 ex
1305 4231 1368 4276 soe-

95 4307 147 4370 lere
173 4315 303 4373 omnium
331 4329 396 4390 quae
422 4331 544 4392 usquam
572 4321 740 4393 perpetrata
769 4320 837 4374 sunt
858 4316 1011 4375 teterrimo
1040 4313 1226 4375 commodum
1250 4321 1368 4395 quoque

96 4411 168 4471 victis
188 4413 264 4474 bello
287 4413 389 4485 nobis,
414 4415 492 4494 quod
515 4416 556 4476 dli
578 4413 758 4476 immortales
777 4416 968 4494 prohibeant,
992 4423 1164 4495 assequatur
1184 4417 1251 4486 iste,
1269 4425 1302 4477 ut
1316 4413 1367 4478 ubi

96 4515 181 4574 omnia
201 4517 366 4595 perdidisse
388 4511 543 4587 nauseat,
569 4515 608 4577 ibi
630 4516 746 4578 lucrum
774 4534 891 4598 quoque
916 4519 1065 4580 inveniat?
1095 4517 1160 4579 Non
1186 4517 1225 4579 ita
1249 4533 1367 4581 aversos

97 4647 283 4662 —at——-.

155 4733 552 4804 ¹longissima1.cedcorr.ll¹
623 4735 750 4789 ttoeduts
769 4742 792 4788 1.
861 4737 973 4789 ⁹.an
990 4754 1083 4790 omues.
1148 4735 1168 4770 ¹⁰
1186 4735 1321 4804 pessumd.
1340 4741 1365 4786 2.

95 4811 208 4872 ”sesni
224 4827 335 4874 coi-mi.
388 4819 410 4853 ³²
428 4823 530 4874 euadat
547 4839 616 4874 corr.
629 4828 659 4872 11.
712 4822 1012 4875 ⁸⁹·euersummdeum
1030 4825 1142 4874 cornu.
