3464 5526
235 414 359 452 EVTTBM
377 417 407 452 nt
425 417 570 456 venientum
588 418 864 458 wtnnnuruuomsu
883 419 991 469 onusto,
1004 421 1025 458 1.
1048 422 1115 460 ΕΠ.
1129 415 1218 462 addid·
1334 395 1380 467 Π

99 586 181 647 quam
208 567 316 647 pusillo
338 579 366 632 et
386 571 536 634 confracto
559 573 656 634 animo
678 576 808 662 accinxit⁸
831 594 864 640 se
885 576 1042 640 maleficio!
1070 578 1135 640 Non
1161 579 1279 651 dubito,
1308 581 1382 643 Ger·

99 672 189 747 mani,
222 671 249 731 si
271 673 548 749 perniciosissimum
571 678 737 756 quempiam
760 679 925 740 Germanici
952 680 1077 742 nominis
1102 681 1217 744 hostem
1244 683 1299 744 hae
1329 684 1382 754 via,

98 771 150 832 hoc
170 772 280 845 modo,
302 774 505 848 haereticae,
529 776 585 838 hoo
607 779 800 842 interficiendi
822 779 958 850 consilio,
982 782 1024 842 sic
1043 783 1174 862 trepide,
1198 784 1240 846 sic
1261 785 1383 846 meticu-

98 871 155 936 loso
176 875 216 938 de
241 877 339 938 medio
361 876 555 940 submovisset
576 879 639 951 hio,
665 882 736 960 quin
755 901 814 944 non
834 882 926 962 glorie
944 889 1058 944 tantum
1075 887 1219 963 putaretis
1231 886 1383 965 iudignum

80 995 131 1038 sac
151 975 259 1048 laude,
288 978 340 1042 sed
362 989 391 1041 et
412 979 523 1059 probro
552 989 581 1044 et
602 979 740 1045 dedecori
767 983 943 1055 obnoxium,
970 985 1049 1064 quod
1071 986 1246 1064 pudendum
1277 991 1385 1050 nostris

89 1079 233 1142 'moribus
254 1080 368 1144 [acinus
389 1082 569 1154 admisissem
591 1103 688 1164 neque
711 1093 769 1146 tam
790 1087 934 1148 interesse
957 1093 1052 1148 vestra
1069 1088 1239 1150 iudicaretis
1254 1091 1383 1152 occisum

68 1241 74 1266 2
99 1181 230 1252 hostem,
255 1201 343 1264 quam
365 1186 495 1248 occisum
517 1187 631 1248 sortiter
653 1207 689 1250 ao
710 1195 851 1250 consueto
875 1187 955 1250 vobis
977 1189 1079 1261 modo,
1102 1198 1202 1270 aperte
1223 1209 1283 1252 nou
1306 1190 1385 1252 clau·

99 1281 229 1356 destino,
254 1303 271 1346 a
293 1285 389 1350 fronte
411 1305 470 1348 nou
492 1307 509 1350 a
531 1295 631 1369 tergo,
663 1288 699 1351 ab
721 1297 834 1352 armato
856 1297 1016 1361 armatum,
1048 1297 1099 1352 eut
1125 1311 1196 1354 vero
1222 1293 1259 1354 ab
1281 1293 1387 1356 inermi

99 1403 131 1444 ac
150 1385 235 1448 nudo
258 1388 401 1452 inermem
420 1395 450 1452 et
471 1391 600 1463 nudum,
622 1410 707 1473 aequo
721 1390 813 1454 Marte
830 1411 889 1454 non
909 1411 943 1456 er
965 1391 1095 1463 insidiis,
1117 1402 1307 1473 provocatum
1326 1413 1385 1456 non

72 1487 270 1566 reproditum;
292 1491 334 1552 sic
355 1491 487 1570 proiecto
509 1499 642 1572 pugnant
664 1495 815 1556 Germani:
840 1495 915 1556 hanc
937 1495 974 1558 de
996 1515 1027 1558 se
1050 1497 1219 1576 opinionem
1240 1497 1316 1576 apud
1336 1508 1456 1559 exous.

100 1585 201 1651 ternos
224 1589 353 1670 populos
369 1595 540 1674 incorrupta
561 1601 604 1656 tot
621 1613 713 1658 anuos
736 1595 812 1660 tama
828 1597 1041 1676 praebuerunt;
1066 1591 1140 1660 adeo
1162 1598 1222 1660 ,me
1244 1598 1281 1659 de
1302 1597 1387 1660 nobis

100 1691 292 1769 percrebuit,
315 1702 347 1755 ut
364 1695 565 1760 Romanorum
588 1715 705 1779 quoque
728 1699 810 1760 orbis
830 1707 918 1762 terrae
939 1700 1116 1762 domitorum
1138 1700 1230 1762 literis
1253 1706 1387 1763 testatum

101 1795 153 1864 eit;
176 1813 277 1876 neque
299 1795 354 1858 alia
375 1817 461 1860 causa
480 1797 537 1861 hoc
559 1807 691 1880 ternpore
712 1796 958 1864 Bartholomaeum
981 1801 1131 1864 Liuianum
1157 1801 1263 1862 ducem
1285 1799 1459 1862 venetium.

102 1897 251 1958 exercitus
270 1897 403 1974 odiosum
426 1901 533 1962 nostris
554 1903 641 1964 etiam
663 1905 765 1982 pueris
785 1904 926 1974 reddidit,
947 1921 1034 1983 quam
1051 1904 1129 1983 quod
1144 1906 1172 1964 is
1187 1904 1217 1964 in
1232 1901 1309 1964 Foro
1324 1901 1390 1966 Iulii

75 2021 95 2062 e
103 2006 230 2076 quatuor
253 2000 332 2062 milia
356 2003 484 2082 peditum
508 2005 537 2067 in
558 2004 736 2068 deditionem
752 2013 887 2086 accepts,
910 2013 1012 2068 contra
1032 2005 1233 2068 iusiurandum
1256 2005 1334 2084 quod
1353 2005 1390 2068 de

103 2117 161 2162 nou
185 2100 320 2166 laedenda
351 2107 407 2166 vita
435 2113 463 2168 et
487 2106 712 2170 communiendo
739 2105 820 2170 abitu
850 2107 1033 2186 praebuerat,
1062 2125 1131 2194 oum
1162 2104 1286 2168 subdolo
1313 2105 1390 2168 iliius

103 2221 191 2266 sumu
214 2224 296 2267 arma
318 2208 512 2290 posuissent,
529 2207 674 2270 occidioni
700 2209 838 2290 prodidit.
889 2211 937 2270 oui
965 2209 1019 2272 etei
1045 2226 1162 2270 omnem
1190 2195 1451 2280 riiielicitatemtso

104 2309 283 2384 precemini,
309 2311 504 2392 meritumque
529 2315 639 2392 putetis
662 2313 711 2392 qui
733 2319 883 2392 utcunque
901 2313 1042 2380 intereat,
1070 2309 1126 2372 hac
1148 2317 1243 2372 tamen
1271 2310 1314 2371 via
1340 2327 1391 2389 pe·

105 2409 189 2478 tiistis
211 2428 379 2490 nunquam,
401 2431 497 2492 neque
520 2415 743 2493 tantiquatuor
764 2411 878 2495 milipm
900 2401 1094 2476 occidionem
1107 2412 1231 2482 fecistis,
1254 2418 1286 2472 ut
1305 2413 1390 2489 iguo·

73 2513 229 2574 nminioss
252 2516 388 2602 quapiam
416 2515 541 2578 uindicta
563 2514 652 2595 pollui
680 2523 804 2578 vestram
835 2514 1076 2577 existimationem
1099 2512 1255 2576 volueritis.
1296 2531 1391 2592 quare
1475 2507 1477 2512 ’

103 2621 151 2684 tu,
172 2615 367 2680 Maximiliane
393 2617 508 2688 nasae,
531 2635 626 2698 neque
649 2635 704 2680 eos
725 2619 858 2685 audivisti
879 2633 1027 2698 unquam,
1051 2618 1101 2695 qui
1125 2633 1238 2678 veneno
1260 2613 1391 2678 subimu-

105 2735 154 2778 ros
175 2736 208 2780 se
230 2717 312 2782 ilium
334 2717 524 2798 pollicentur,
547 2725 643 2799 neque
666 2734 765 2800 pugna
788 2719 938 2783 Cremensi
961 2726 1078 2799 captum
1107 2738 1123 2780 a
1149 2716 1239 2782 Gallis
1261 2717 1296 2778 sd
1318 2731 1388 2796 sup·

104 2819 225 2898 plinium
247 2823 423 2902 poposeisti:
452 2822 679 2910 marisldiutius
700 2836 870 2902 superesse,
899 2839 986 2903 quem
1014 2838 1090 2882 novo
1117 2838 1153 2882 ac
1180 2822 1294 2882 insueto
1318 2821 1391 2883 Ger·

105 2923 202 2982 mauis
221 2941 306 2985 more
326 2924 474 3004 modoque
499 2925 641 2994 interium
671 2925 713 2989 vie
735 2926 812 2986 enim
835 2941 896 2986 nou
917 2922 985 2986 dolo
1007 2941 1112 3003 gerere
1139 2920 1231 2994 betia,
1262 2921 1392 2984 consiliis
1419 2941 1428 2948 ·

74 3041 141 3086 nac
160 3025 267 3088 virtute
289 3028 340 3088 vis.
381 3027 440 3090 Sed
464 3045 521 3106 qua
543 3029 613 3090 satis
633 3025 740 3088 acerba
762 3027 894 3090 cranone
916 3026 1004 3088 huius
1026 3025 1235 3089 immanitatem
1254 3024 1390 3103 persequi
1401 3036 1451 3088 §.st

105 3128 281 3204 possumus?
303 3129 381 3208 quod
405 3130 435 3190 iu
458 3129 542 3192 hoste
565 3129 748 3192 odiosissime
770 3129 835 3190 tisri
854 3127 1013 3199 nollemus,
1036 3127 1084 3188 hic
1106 3127 1136 3188 in
1154 3126 1302 3187 Germano
1323 3143 1389 3186 san·

105 3231 197 3308 guine
214 3230 332 3304 admisit
351 3229 509 3302 scelestum
532 3233 563 3295 in
584 3227 679 3311 prelio
701 3249 735 3292 ao
756 3232 905 3292 innocenti
925 3232 1044 3300 iuvene,
1066 3228 1115 3308 qui
1130 3227 1199 3290 huic
1217 3230 1318 3306 patriae
1337 3228 1392 3288 uti·

105 3330 155 3402 lis,
181 3332 250 3396 huie
271 3335 397 3413 imperio
420 3333 603 3414 expetendus
630 3339 709 3403 eret,
735 3340 873 3412 expertus
900 3339 957 3402 est,
991 3333 1029 3392 ita
1058 3338 1089 3392 ut
1114 3331 1173 3392 iam
1200 3327 1392 3392 dubitandum

106 3495 310 3516 ἰι-..-

176 3621 188 3654 '
206 3619 250 3692 ec]
271 3629 300 3674 et
317 3639 387 3676 corr.
399 3629 429 3675 n.
483 3621 504 3657 ¹¹
522 3623 558 3676 ci.
573 3639 597 3675 e.
610 3636 650 3690 gr.
663 3623 731 3674 Teo.
746 3621 837 3674 Germ.
854 3620 893 3672 14.
942 3618 962 3652 ¹⁸
979 3617 1197 3670 Bartholomaeus
1210 3615 1354 3667 d'Alvieno
1367 3614 1391 3664 d.

111 3705 473 3760 l.0et.e.1515.m0rtuus
491 3709 596 3760 strenui
614 3725 666 3760 nec
685 3707 818 3758 ineruditi
836 3706 890 3756 viri
908 3705 1009 3756 famem
1034 3703 1155 3769 reliquit.
1191 3699 1292 3752 Clades
1316 3715 1391 3750 exer·

109 3793 179 3840 ritui
192 3787 382 3842 ‘uextmiuani
400 3793 472 3859 apud
491 3793 644 3844 Codeurum
662 3809 687 3843 a.
704 3789 913 3842 indemutatae
931 3789 1068 3840 rhetorico
1087 3803 1178 3862 eorem
1197 3785 1392 3838 Germanorum

109 3877 289 3941 imperatore,
313 3883 345 3928 ut
367 3877 591 3929 benevolentium
615 3879 674 3929 eins
698 3881 806 3942 captet,
830 3877 1028 3940 interpretetus
1051 3878 1094 3924 est
1120 3887 1212 3924 censes
1235 3869 1394 3921 Huttenices

109 3962 246 4012 defensor.
282 3961 360 4014 Idem
377 3963 407 4012 in
424 3963 512 4028 epigr.
529 3963 559 4014 in
575 3962 806 4014 Bartholomaeum
824 3960 857 4012 de
875 3959 978 4012 Vieno:
1080 4017 1094 4026 ,

330 4055 332 4060 “
378 4047 462 4100 Nulla
480 4052 522 4100 eet
540 4047 668 4112 relligio.-
683 4047 802 4098 oervesti
821 4045 926 4098 foedera
944 4057 1090 4108 nunquam,

430 4130 632 4183 Contemeresti
650 4146 768 4189 omnem,
787 4128 993 4190 Bettholomee,
1015 4126 1108 4178 fidem:

379 4217 502 4268 Moribus
520 4216 564 4267 hie
582 4217 606 4267 si
624 4220 651 4266 te
671 4216 769 4266 durare
788 4214 897 4280 impuno
915 4212 1024 4276 videbo,

431 4302 506 4364 Quos
525 4285 731 4364 coluit,nulios
750 4313 810 4350 esse
828 4297 931 4365 putebo
949 4298 1025 4349 deos.

111 4389 332 4455 sempronius
350 4387 484 4452 superiori
502 4387 590 4453 epigr.
608 4383 749 4434 Hutteuus
772 4383 870 4436 frivole
894 4376 985 4434 intere
1008 4381 1119 4433 solitum
1142 4395 1202 4432 esse
1226 4379 1394 4428 Venetorum

112 4474 210 4526 ducem
225 4474 384 4541 scripserat.
441 4470 463 4505 ¹⁸
481 4468 638 4536 meritnmr'p)
656 4473 679 4519 1.
736 4466 909 4519 ”Atrianus
927 4461 1394 4529 d.14.Mni.e.1509.propeCre·

113 4573 234 4609 meremur
246 4559 338 4610 rieum
351 4559 396 4608 cui
410 4557 551 4624 Apnadelio
569 4569 667 4605 nomen
686 4557 740 4615 est,
760 4553 836 4603 susus
850 4567 883 4602 ec
896 4550 1054 4602 vulneratus
1067 4558 1218 4616 neptesque
1237 4553 1278 4600 oet
1297 4545 1331 4596 ab
1351 4561 1395 4594 ex·

114 4643 205 4694 ereitu
222 4642 343 4706 Gallico,
364 4644 409 4694 eui
427 4642 596 4708 prefuerunt
607 4637 777 4699 Triuuieius,
803 4652 851 4687 rex
866 4635 1021 4688 Ludovicua
1037 4635 1100 4684 XII.
1120 4638 1148 4684 et
1166 4631 1280 4684 Carolus
1297 4629 1394 4680 Ambo·

113 4728 173 4778 sius
194 4732 271 4792 etque
289 4724 391 4780 nobilis
409 4726 532 4776 dominus
544 4722 711 4778 Pellenensis
729 4722 772 4786 (de
789 4724 814 4772 ia
833 4719 950 4784 Patisse).
1002 4717 1024 4750 ²⁸
1043 4713 1146 4784 expet]
1166 4714 1300 4784 petendus
1318 4716 1344 4761 2.

181 4812 308 4864 Herem
327 4811 397 4861 Ono.
416 4827 478 4860 von.
493 4811 525 4860 V.
1157 4799 1175 4858 2
