3444 5518
316 387 390 459 358
409 414 512 452 ORATIO
526 413 694 451 ΟΟΠΕΤᾸΙΤΠ
707 415 812 454 mvltvm
825 415 981 452 novemur
995 416 1030 452 D!
1044 415 1166 452 mem
1179 413 1303 452 GLAVIV!
1316 413 1350 449 21
1364 411 1462 452 ”Iam
1474 411 1578 450 uolt!
1588 411 1615 448 X·

315 573 452 637 volebam.
481 572 621 632 avaritiam
642 590 720 630 snum
743 571 962 650 iucomplehilem
986 583 1104 633 ‘censam
1133 571 1186 630 dei'
1214 589 1276 632 esse
1297 571 1374 652 dicit.
1418 589 1489 632 uum
1511 587 1545 630 ex
1564 571 1614 630 deo

315 678 370 718 non
392 661 473 718 deum
495 659 561 716 lacit
583 658 630 732 qni
650 658 718 716 dicit
740 659 831 716 ‘Nemo
853 668 947 734 potest
968 661 1070 718 servire
1090 658 1144 716 deo
1165 667 1194 716 et
1207 653 1393 716 Hammones'l
1417 657 1492 714 Audi
1508 673 1615 714 cansam

316 762 376 819 quse
404 743 447 802 dei
477 750 534 800 est:
564 743 630 800 'Nou
659 743 717 799 veni
746 751 777 800 nt
804 745 900 802 inciam
926 743 1094 803 voluntatem
1123 760 1223 808 meum,
1254 742 1302 800 sed
1329 742 1505 800 voluntatem
1532 743 1615 817 petris

316 829 378 886 ‘mei
401 830 448 903 qni
463 829 491 885 iu
505 826 582 886 celis
605 835 655 884 est.
700 828 758 886 huc
779 837 822 884 est
846 837 936 909 entem
959 831 1084 886 voluutas
1106 829 1193 904 putris
1215 827 1284 895 mei,
1306 835 1338 884 ut
1357 827 1450 884 omnis
1474 827 1524 902 qui
1546 827 1615 882 videt

316 913 411 972 ‘lilium
426 922 455 970 et
468 913 555 970 credit
570 913 598 968 in
611 929 681 976 enm,
704 912 803 970 hubent
817 915 897 972 vitum
913 910 1061 972 aeternrm'.
1083 931 1166 972 censa
1180 913 1224 970 dei
1239 919 1282 970 est
1296 913 1454 986 relinquere
1470 911 1637 976 mnndum:s

316 999 434 1058 mundus
457 999 530 1073 qnod
552 1015 632 1054 sunm
654 1006 698 1054 est
719 996 823 1072 diligit,
846 1017 897 1057 nos
919 1017 984 1057 vero
1006 999 1074 1056 dens
1097 998 1182 1072 elegit
1203 998 1238 1054 de
1258 997 1369 1054 mundo.
1391 1015 1494 1062 ,causa
1516 996 1560 1052 dei
1575 1004 1616 1052 est

317 1083 452 1158 abnegare
474 1084 594 1158 seipsum
617 1099 777 1158 omnemque
800 1101 876 1140 suem
897 1083 1021 1142 fiduciam
1043 1100 1145 1158 ponere
1162 1081 1195 1154 in
1217 1083 1309 1140 deum:
1332 1081 1413 1140 ‘lactu
1428 1081 1456 1138 in
1473 1081 1614 1138 domiuum

319 1177 420 1228 ‘curem
444 1177 532 1230 tuum,
555 1175 583 1224 et
605 1167 664 1242 ipse
687 1175 713 1224 te
736 1168 872 1232 enutriet'.
896 1170 959 1244 qniu
980 1169 1106 1226 dominus
1121 1185 1187 1226 snos
1203 1168 1289 1240 regit,
1312 1184 1363 1224 uec
1376 1167 1469 1224 deerit
1484 1167 1527 1224 eis
1543 1167 1615 1240 quic·

251 1255 309 1307 121.
321 1270 410 1328 qnam.
454 1269 535 1309 ceusu
556 1252 599 1308 dei
623 1260 666 1309 est
686 1269 783 1310 vocare
805 1261 976 1328 peccutqres,
1005 1271 1060 1312 nou
1083 1253 1159 1310 sitire
1182 1251 1332 1310 insontium
1354 1251 1536 1326 sangninem.
1557 1265 1614 1306 esse

319 1338 462 1414 lrnmilem,
484 1343 670 1402 mansuetum,
693 1337 818 1395 iniurium
840 1339 897 1413 peti
919 1356 981 1404 non¹
997 1339 1111 1402 inlerrc,
1134 1335 1273 1412 suscipere
1296 1353 1404 1394 crucem
1427 1353 1508 1394 suum
1531 1344 1560 1392 et
1574 1349 1642 1392 sen

321 1422 367 1497 qni
389 1422 542 1484 dominum,
570 1421 708 1478 dimittere
729 1422 966 1499 delinquentibus,
994 1425 1093 1482 docere
1114 1439 1265 1498 pauperes,
1294 1422 1321 1478 in
1347 1421 1417 1478 vium
1445 1422 1553 1478 ducere
1574 1436 1613 1475 er·

320 1515 426 1570 rentes,
456 1523 510 1564 non
539 1506 672 1564 dominari
695 1508 741 1564 sed
764 1509 934 1566 ministrare:
963 1527 1025 1566 num
1047 1505 1206 1565 difficillime
1228 1505 1384 1564 huiusmodi
1405 1505 1549 1568 hommes.
1578 1503 1614 1560 ait

321 1591 397 1649 divus
419 1591 643 1665 chrysostomus,
670 1593 752 1650 etium
779 1593 803 1650 si
831 1591 905 1651 mille
927 1593 1072 1654 vlrtntibns
1094 1591 1265 1653 munientur.
1294 1591 1322 1647 in
1350 1607 1465 1664 regnum
1488 1590 1536 1648 dei
1557 1605 1614 1664 per

321 1676 444 1732 venient:
474 1675 541 1731 nihil
569 1676 640 1732 onim
663 1677 749 1752 magis
772 1695 786 1736 e
809 1678 874 1753 iugo
897 1678 1009 1738 Iustitiae
1037 1677 1189 1736 subducere
1217 1675 1318 1734 collrnu
1348 1674 1420 1732 solet
1447 1691 1532 1758 quem
1559 1673 1614 1730 luec
1705 1691 1706 1704 ¹

322 1761 409 1818 inanis
430 1759 557 1818 conflatio
580 1759 685 1836 glorie,
709 1779 771 1837 quse
794 1763 921 1832 tumidos,
944 1763 1083 1826 remissos,
1105 1761 1271 1824 adulatores,
1293 1759 1468 1818 simulatores
1491 1758 1642 1816 nomionis

254 1844 421 1910 §.esreddit
464 1861 546 1904 censu
565 1845 609 1902 dei
631 1855 688 1910 est,
715 1856 746 1904 ut
774 1849 928 1906 summatim
954 1849 1056 1912 dicem,
1083 1845 1262 1920 evangelium.
1306 1843 1358 1902 Sed
1384 1843 1439 1902 hoc
1459 1842 1613 1918 neglectum

322 1928 357 1986 iri
378 1929 575 2004 conspicimus:
605 1931 719 2006 'Exsurge
742 1932 841 2006 igitur,
871 1934 1032 1996 odomine,
1063 1940 1091 1989 et
1119 1929 1206 1988 indice
1228 1947 1337 1988 oensem
1360 1937 1448 1992 tuem,
1478 1935 1614 1986 memento

323 2013 475 2088 ‘opprobrii
500 2015 538 2072 tui
560 2015 593 2072 eh
616 2015 762 2091 insipiente
784 2024 842 2075 tote
864 2017 922 2082 dle:
944 2035 979 2075 ne
1002 2016 1170 2076 obliviscaris
1190 2032 1270 2072 voees
1286 2014 1407 2073 hostium
1423 2021 1551 2075 tuorum,
1572 2027 1613 2068 so·

324 2106 383 2155 ‘nus
406 2098 624 2157 adversariorum
648 2107 758 2158 tuorum
781 2103 902 2160 escendit
923 2097 1043 2176 ingiter'.
1080 2099 1210 2176 ‘populus
1233 2099 1365 2173 iusipiens
1380 2097 1554 2174 blasphemat
1568 2114 1614 2152 no·

323 2190 393 2240 ‘men
416 2191 507 2241 tunm:
531 2201 547 2239 o
569 2184 691 2250 domine.
714 2203 749 2244 ne
771 2187 861 2244 trudas
883 2187 978 2247 bestius
1000 2185 1111 2244 enimrs'
1132 2185 1252 2244 emolitos
1273 2183 1335 2258 lege
1358 2191 1418 2240 tua:
1442 2181 1641 2257 provocamini

326 2268 396 2324 lectu
419 2274 462 2325 est
484 2268 577 2326 ciuitas
599 2270 739 2345 redempte
761 2272 893 2346 sunguine
916 2269 1016 2329 Christi
1040 2272 1095 2335 tui,
1126 2280 1154 2328 et
1181 2277 1298 2344 propter
1325 2281 1384 2326 enm
1411 2285 1514 2324 nomen
1542 2275 1612 2323 tuum

327 2352 503 2426 ingentibus
526 2352 704 2420 matoneum
733 2355 916 2414 columbinum
945 2355 1062 2431 perdidit
1090 2354 1305 2430 simplieitatem,
1337 2361 1437 2410 ‘vocem
1466 2359 1542 2409 tuem
1563 2367 1613 2408 nou

325 2437 423 2500 ‘urdit,
447 2454 534 2512 neque
555 2437 727 2514 disciplinam
750 2450 823 2498 turm
846 2440 904 2498 vult
925 2441 1078 2517 suscipere.
1102 2457 1152 2498 uec
1173 2435 1286 2497 confidit
1307 2438 1336 2496 in
1356 2437 1483 2501 domino,
1507 2437 1570 2512 quia
1583 2433 1612 2490 ad

327 2521 475 2580 ‘dominum
496 2531 524 2580 te
545 2522 626 2580 deum
648 2541 728 2584 snum
755 2527 975 2601 appropinquare
1003 2533 1124 2588 recusat,
1154 2532 1185 2582 nt
1212 2531 1350 2582 mercetur
1376 2529 1552 2596 peccatorum
1573 2535 1613 2574 re·

254 2606 417 2669 §.reddum
461 2607 573 2666 Frustra
595 2609 666 2666 enim
688 2611 750 2684 quis
772 2627 867 2668 vocem
887 2611 989 2668 domini
1010 2611 1054 2668 dei
1076 2610 1118 2668 sui
1140 2608 1233 2667 undire
1256 2625 1285 2664 se
1307 2607 1373 2664 dicit
1394 2613 1422 2663 et
1436 2605 1573 2664 confidere
1586 2605 1639 2660 ines

326 2692 460 2755 domino,
483 2693 591 2766 qnando
608 2694 738 2768 operibns
753 2693 832 2752 lldem
852 2695 986 2760 destruit',
1010 2702 1080 2752 teste
1101 2695 1163 2750 divo
1179 2693 1358 2766 Hieronymo,
1382 2699 1419 2748 ‘et
1434 2690 1525 2765 magis
1539 2691 1613 2747 llam

326 2784 422 2834 ·monae
452 2777 604 2850 iunguntur
633 2796 713 2854 quum
733 2780 845 2838 domino
867 2781 919 2838 deo
948 2796 1015 2844 suo,
1045 2787 1074 2836 et
1101 2776 1202 2854 duplici
1225 2775 1306 2834 corde
1328 2775 1431 2834 accedit
1452 2775 1488 2832 ed
1510 2793 1568 2832 enm
1589 2780 1614 2830 et

327 2859 441 2916 ‘dnobus
463 2861 595 2926 dominis,
618 2865 711 2926 seculo
734 2872 763 2922 et
784 2865 850 2928 deo,
873 2864 991 2923 militare
1013 2881 1095 2940 posse
1112 2861 1147 2920 'se
1162 2861 1256 2920 credit.
1293 2861 1378 2918 Huius
1401 2860 1542 2936 principes
1556 2864 1612 2916 sunt

327 2943 430 3001 ‘leones
453 2947 608 3019 rugientes:
630 2945 689 3006 Nou
712 2949 892 3025 ambigimue'.
916 2958 1026 3008 sanctus
1048 2949 1087 3006 eit
1107 2947 1303 3022 Hieronymus,
1327 2945 1369 3002 ‘de
1392 2944 1488 3019 mugitu
1510 2943 1611 3002 leonum

328 3035 365 3084 ‘ct
387 3029 521 3092 discursu,
545 3033 653 3105 quondo
675 3035 822 3092 viderimus
844 3035 981 3109 principes
1004 3035 1062 3092 eius
1086 3029 1217 3109 (ecclesie
1240 3028 1354 3104 scilicet)
1376 3030 1415 3088 in
1438 3029 1467 3088 in
1481 3029 1639 3087 umectus

329 3113 457 3188 ‘populos
479 3115 609 3174 detonare
631 3129 659 3175 et
680 3137 746 3177 voce
769 3119 908 3195 tyrannice
930 3119 1087 3194 rabidisque
1113 3116 1240 3176 convitiis
1266 3114 1374 3192 plebem
1403 3123 1561 3178 conterere,
1585 3117 1613 3168 nt

329 3207 393 3254 ‘nou
415 3207 554 3272 pastorem
578 3201 605 3258 lu
628 3221 727 3278 grege,
751 3205 798 3262 sed
820 3203 927 3261 leonem
952 3204 1023 3262 inter
1037 3201 1156 3261 oviculas
1171 3207 1252 3276 putes
1267 3200 1411 3264 lreudere;
1433 3199 1539 3258 iudices
1552 3214 1612 3274 qno·

328 3291 395 3358 ‘que
413 3283 473 3341 eins
495 3285 572 3358 qnasi
594 3285 652 3361 lnpi
675 3288 783 3346 Arnhiae
805 3289 960 3346 occidentes
983 3305 1095 3362 vespere
1117 3296 1145 3345 et
1167 3286 1234 3344 nihil
1261 3284 1449 3360 relinquentes
1477 3285 1506 3342 iu
1534 3297 1611 3344 mene.

325 3448 529 3462 ———

394 3550 406 3586 ²
428 3549 506 3620 dicit]
526 3553 624 3606 Metth.
638 3555 686 3605 VI.
697 3555 739 3606 21.
758 3556 828 3608 Luc.
842 3555 914 3606 XVI.
931 3553 971 3607 111.
1040 3551 1051 3586 ⁸
1073 3553 1136 3606 Nou
1152 3555 1190 3614 u]
1214 3553 1311 3604 Ioeun.
1324 3551 1372 3603 VI.
1385 3548 1429 3603 88.
1441 3565 1503 3618 sqq.
1551 3548 1562 3582 ⁸
1578 3547 1609 3598 cl.

326 3635 498 3690 roonexv.
512 3637 554 3690 1o.
611 3622 751 3708 7111...]
771 3640 957 3710 nanuum.
970 3638 1013 3690 se
1026 3637 1094 3690 une.
1108 3637 1156 3690 rx.
1169 3635 1212 3690 2³.
1268 3635 1361 3696 erun]
1379 3635 1479 3686 netu
1492 3631 1610 3686 nrum

327 3727 376 3772 etc.
446 3720 534 3788 lectu]
552 3723 656 3776 Pselm.
668 3725 741 3778 LIV.
754 3726 796 3779 23.
866 3719 1350 3784 8(11111ιί1111](ε1.1ἐι1111.111111.1.
1420 3719 1517 3771 ⁹roc.
1529 3709 1609 3785 pecc]

327 3803 426 3856 March.
440 3805 489 3856 1x.
504 3805 544 3858 13.
610 3806 631 3842 ¹⁰
648 3807 732 3876 huon]
751 3809 851 3863 north.
864 3811 913 3862 XI.
927 3807 969 3860 29.
987 3805 1266 3861 Pistoclerum.
1325 3819 1398 3858 susc.
1413 3801 1502 3871 cruc]
1521 3801 1611 3854 llsttli.

327 3890 361 3941 X.
374 3875 501 3944 duxve
514 3891 556 3942 24.
621 3891 641 3926 ¹¹
660 3893 773 3962 dimite]
794 3895 895 3946 Metth.
908 3895 956 3946 VI.
971 3893 1011 3946 12.
1063 3889 1173 3958 docere]
1195 3889 1264 3942 Luc.
1277 3889 1325 3940 IV.
1340 3885 1380 3940 18.
1446 3885 1499 3920 ’Μ’
1516 3880 1608 3948 errent]

329 3973 365 4026 cf.
379 3989 422 4040 ep.
435 3973 531 4028 tscobt
549 3975 567 4027 i.
581 3975 601 4030 1.
655 3975 675 4012 ¹²
692 3977 820 4047 miuistr]
843 3979 880 4030 cf.
893 3979 993 4030 Mettln.
1005 3975 1065 4030 XX.
1079 3977 1121 4028 26.
1134 3975 1238 4028 XXIII.
1253 3974 1293 4026 11.
1346 3971 1368 4006 ¹¹
1384 3973 1421 4024 D.
1435 3968 1580 4024 Chril'oito.
1591 3971 1611 4018 1.

330 4055 352 4090 ¹⁴
371 4058 437 4125 iugo
456 4057 530 4126 inst]
549 4061 648 4114 blettlr.
663 4063 711 4116 XI.
724 4061 787 4116 Id?
858 4061 910 4096 ¹⁴·¹⁵
927 4063 988 4115 haec
1006 4061 1098 4114 innuite
1118 4060 1255 4112 confictus
1272 4057 1434 4125 gloriaque,
1453 4057 1575 4116 tumidos,
1592 4056 1612 4103 I·

328 4147 354 4192 et
366 4145 392 4192 2.
411 4140 599 4207 Chrysostomi
611 4145 689 4199 locus
701 4149 768 4200 mihi
785 4164 841 4199 non
859 4147 956 4200 obvius
974 4161 1063 4213 neque
1077 4147 1106 4196 iu
1118 4145 1247 4197 GreIIeul
1265 4143 1377 4195 decreto
1395 4147 1485 4194 extet.
1519 4141 1612 4206 Respe-

327 4225 402 4277 xisso
419 4226 529 4280 ridetur
548 4235 645 4283 unctor
662 4233 699 4284 ed
710 4233 792 4286 Peull
810 4249 852 4299 ep.
868 4233 902 4284 ud
915 4231 977 4284 Gel.
991 4232 1024 4283 V.
1036 4230 1079 4286 211.
1103 4231 1183 4294 „Non
1202 4228 1358 4280 efficiemur
1374 4228 1459 4280 111ωώ
1474 4229 1563 4294 μανία
1577 4239 1613 4274 α·

325 4309 409 4374 pects
434 4315 463 4363 et
487 4312 523 4364 ed
541 4314 736 4369 Ecclesiecttoi
753 4319 801 4370 1v.
813 4317 855 4370 31.
882 4316 966 4382 „Noli
987 4315 1091 4368 citatus
1114 4329 1175 4368 esso
1186 4315 1223 4364 'iu
1240 4311 1338 4380 tingue
1355 4317 1405 4364 tue
1423 4315 1453 4364 et
1470 4309 1575 4364 Inutilis
1590 4311 1613 4359 sl

329 4395 449 4446 reurisrus
465 4396 492 4446 in
510 4399 630 4462 operibus
647 4403 724 4453 Μεθ’
765 4401 899 4458 ”Psulun
912 4401 1041 4454 LXXIII.
1054 4397 1146 4451 2223.
1161 4399 1198 4452 cI.
1212 4398 1275 4450 init.
1288 4396 1374 4450 bulla
1384 4398 1472 4452 Leon
1512 4393 1561 4430 Μ
1576 4407 1611 4444 ⁸⁰·

330 4475 390 4544 uns]
409 4479 541 4545 superbie
557 4483 651 4536 Peatm.
729 4485 749 4520 ¹⁹
767 4486 843 4555 pop]
861 4485 964 4540 Pselm.
983 4485 1031 4537 cit.
1044 4499 1090 4538 vv.
1105 4481 1144 4535 18.
1160 4481 1199 4536 tu
1267 4481 1291 4515 ²⁰
1308 4479 1432 4550 prorue]
1455 4481 1492 4532 cl.
1505 4478 1612 4545 Sophos.

329 4562 381 4615 III·
396 4561 419 4614 l·
471 4562 912 4636 ιε0011111111611111111111111.
959 4569 1066 4622 ‘vocem
1083 4566 1152 4636 sqq]
1168 4567 1323 4634 Sequenti:
1340 4567 1400 4620 lere
1417 4558 1613 4625 “Hieronymi
1705 4601 1706 4608 ,

331 4647 602 4718 commindophon.
614 4653 666 4706 III.
681 4655 705 4706 1.
717 4672 774 4722 sqq.
790 4654 972 4720 (V1.'ll'l.sq.)
986 4657 1096 4720 sumpte
1107 4657 1181 4704 suut.
1216 4648 1411 4716 ”Hieronym
1425 4649 1443 4700 1.
1458 4667 1482 4702 r.
1524 4645 1612 4696 ”Hie-
1705 4711 1706 4716 η

329 4747 433 4798 ronym.
447 4731 466 4784 l.
480 4749 504 4785 c.
552 4733 668 4804 ”putu
681 4743 705 4790 1.
740 4738 890 4808 ”resperq
908 4742 932 4792 1.
951 4753 1088 4806 resperso
1104 4741 1130 4790 1.
1434 4731 1438 4734 ’
1705 4721 1706 4750 ³
