3464 5526
254 447 379 484 mansur
398 447 427 482 rs
447 447 539 483 nrcerr
558 443 836 498 wrarsurspasssnrs
855 443 957 478 enarro
977 443 1009 478 ιι.
1034 441 1146 477 rusvnr.
1161 440 1187 477 a.
1200 434 1259 478 tort.
1350 412 1398 482 25

113 621 199 680 quam
224 600 394 670 deseendit,
413 607 521 682 ¹contra
547 597 622 660 banc
644 597 819 678 stupiditatis
841 617 875 660 ac
897 594 1006 659 luroris
1027 596 1073 656 sui
1093 593 1231 675 procellis
1253 603 1401 675 grassatus

113 711 168 772 est:
195 707 252 764 nec
272 702 379 782 aliquid
401 704 485 781 pensi
509 700 612 762 habuit
635 699 706 778 quid
720 700 885 762 deberetur
907 698 983 761 illius
1010 699 1139 776 primum
1164 698 1281 768 formu,
1312 716 1400 777 quam

112 807 172 884 ipsa
197 803 332 864 moribus
355 821 389 865 ao
410 805 648 882 vitagrntiorem
676 801 858 872 reddiderat,
887 801 992 862 deinde
1019 799 1107 860 buius
1128 799 1263 869 Caesmis,
1291 801 1398 862 borum

112 906 297 968 bavarorum
319 905 463 974 affinitati,
493 923 509 966 a
531 922 588 982 qua
615 906 639 964 is
666 903 839 966 claritudine
865 903 922 964 hoc
950 902 1004 963 sibi
1031 903 1113 980 quasi
1135 901 1233 964 lumen
1256 904 1397 965 accende·

95 1014 165 1068 erat.
208 1006 266 1068 Sed
290 1006 361 1086 quid
382 1007 446 1069 baec
464 1006 576 1068 videret
604 1008 654 1084 qui
682 1004 752 1067 nibil
775 1008 803 1066 ln
825 1011 885 1066 tota
913 1006 969 1066 vite
997 1003 1127 1081 boniet
1149 1005 1223 1082 aequi
1251 1003 1325 1066 vidit
1345 1018 1468 1069 antro.

113 1127 217 1188 qoam,
249 1110 299 1188 qui
321 1109 432 1170 etiamsi
452 1109 482 1168 in
504 1111 611 1188 optima
635 1109 717 1188 prius
737 1093 889 1168 bominum
917 1107 953 1168 dc
980 1123 1012 1168 sc
1035 1107 1171 1186 opinione
1192 1107 1321 1175 vixisset,
1343 1107 1401 1169 boc

113 1208 174 1270 solo
196 1210 280 1288 quod
300 1210 358 1271 tale
380 1212 547 1289 coniugium
568 1213 752 1290 decepere,
777 1212 819 1272 sic
842 1211 1005 1271 immaniter
1026 1211 1098 1288 egit,
1120 1210 1254 1288 pessimae
1272 1227 1306 1268 ac
1323 1215 1401 1270 atro

115 1313 241 1372 rissimae
265 1315 370 1374 mentis
389 1315 584 1393 suspicionem
607 1311 740 1392 praebere
762 1310 880 1373 debuit?
904 1317 1003 1391 potest
1024 1313 1100 1372 enim
1127 1309 1263 1372 ulli·esse
1292 1313 1401 1374 amicus

114 1415 159 1492 qui
180 1413 254 1475 huic
277 1413 391 1476 mulieri
409 1414 463 1476 luit
484 1414 633 1476 inlensusl
653 1421 703 1474 aut
723 1416 889 1492 quempiam
912 1413 989 1474 bene
1007 1411 1144 1474 tractabit
1167 1415 1216 1493 qui
1236 1412 1312 1474 bauo
1327 1431 1400 1494 spe·

88 1516 205 1584 scriem,
231 1515 287 1576 laos
307 1528 404 1578 mores
424 1514 582 1578 crudeliter
604 1514 722 1576 alllixitl
743 1516 895 1576 immocul
914 1521 1089 1593 potestesse
1105 1513 1237 1594 placatus
1257 1516 1306 1596 qui
1323 1515 1401 1576 banc

114 1616 204 1678 soluit
226 1617 381 1678 occideret
394 1616 498 1678 ‘Voluit
513 1619 607 1686 enim,
631 1617 785 1685 Germani,
807 1615 910 1687 noluit,
934 1633 1030 1695 neque
1044 1623 1103 1678 tam
1122 1617 1189 1694 quia
1207 1615 1336 1681 deditium
1357 1624 1402 1679 est

114 1718 151 1780 illi
170 1737 295 1799 semper
315 1719 373 1780 tale
393 1717 500 1799 aliquid
522 1719 636 1786 lacere,
660 1735 748 1796 quarn
771 1720 838 1798 quia
861 1719 885 1780 sl
904 1719 1067 1798 peregisset
1087 1716 1287 1787 homicidium,
1309 1719 1401 1796 qubd·

114 1821 178 1882 darn
203 1829 306 1902 postea
328 1819 517 1890 moliebatur,
547 1827 578 1882 ut
599 1820 674 1889 dini,
704 1820 852 1898 singulare
878 1819 1006 1888 lacinus,
1036 1825 1069 1879 ut
1096 1821 1269 1880 innocenter
1295 1823 1399 1884 occisa
1421 1831 1440 1876 a

114 1923 148 1984 ab
171 1943 206 1986 se
220 1923 345 1986 mulieri
367 1925 562 2002 pessimorum
586 1922 761 2001 flagitiorum
783 1921 898 2002 culpam
918 1922 1103 2002 impingeret.
1146 1921 1220 1982 lltdc
1240 1927 1298 1984 tarn
1318 1923 1468 1987 nala-tu.

87 2027 156 2086 urio
180 2027 336 2106 proposito
360 2025 487 2086 divinum
509 2025 615 2086 borum
638 2024 762 2085 fratrum
784 2023 937 2086 consilium
955 2023 1123 2092 intervenit,
1147 2029 1180 2084 ut
1198 2039 1285 2101 quarn
1307 2024 1399 2086 celer·

114 2131 187 2189 rime
208 2134 421 2196 succurrerent
441 2127 555 2188 alllictae
576 2128 688 2188 sororis
710 2127 897 2195 innocentiae,
932 2127 1040 2205 quippe
1071 2124 1108 2186 de
1135 2125 1218 2186 cuius
1240 2133 1270 2187 et
1293 2129 1348 2188 vita
1372 2135 1402 2190 et

115 2230 327 2290 existimatione
349 2229 691 2308 agi-cernerentzclam
719 2231 818 2307 ltaque
841 2233 875 2288 ut
901 2245 934 2289 se
963 2226 1233 2306 lugaeuccingeret
1259 2229 1400 2292 monitam

113 2332 235 2410 provido
258 2333 313 2410 ipsi
336 2347 462 2393 occursu
486 2339 673 2410 exceperunt.
718 2332 817 2392 Sentio
846 2335 974 2391 restrum
1000 2328 1048 2388 bic
1076 2327 1222 2397 dolorem,
1251 2330 1468 2403 Germaniam.
1588 2337 1599 2356 ·

114 2439 226 2494 vestros
250 2435 377 2510 gemitus
398 2433 501 2502 audio,
531 2432 694 2512 lachrymas
720 2431 819 2506 videm
847 2447 904 2491 nec
934 2431 1080 2491 immerito
1107 2429 1195 2490 buius
1220 2430 1297 2506 lacti
1315 2432 1400 2495 dolor

85 2535 246 2596 nomnium
267 2535 379 2596 animos
400 2533 540 2615 perculit:
563 2534 621 2595 boc
641 2529 707 2596 loco
730 2540 843 2602 namur,
874 2532 929 2593 bac
951 2525 1083 2602 lortun'a,
1110 2531 1156 2593 bis
1176 2535 1400 2614 propinquitati·

114 2633 167 2695 bus
189 2634 347 2700 subnixam
377 2653 412 2696 eo
439 2636 612 2698 intelicitatis
637 2636 794 2706 decidisse,
829 2641 860 2696 ut
887 2649 974 2718 quem
999 2628 1140 2696 'maritum
1169 2652 1220 2696 sua
1249 2635 1400 2700 nobilitate

115 2736 241 2806 clarum,
258 2755 311 2798 sua
332 2737 519 2800 iucunditate
536 2745 652 2800 auctum
672 2739 812 2808 reddidit,
837 2738 874 2799 ab
891 2755 926 2798 eo
943 2751 1002 2798 non
1022 2737 1111 2798 modo
1128 2736 1297 2808 honorilice,
1321 2740 1400 2819 qarod
1458 2747 1461 2752 '

115 2839 228 2909 debuit,
252 2857 311 2901 non
334 2839 491 2910 habeatur,
518 2840 569 2902 sed
593 2843 680 2902 etiam
702 2828 925 2909 contumeliose,
956 2856 1060 2918 aspere
1088 2857 1123 2900 ac
1146 2839 1304 2902 crudeliter
1326 2841 1400 2904 allli·

114 2950 214 3019 gatur;
240 2949 271 3004 et
292 2959 357 3022 quae
379 2942 425 3004 bis
443 2943 603 3005 maioribus
623 2943 699 3004 edita
727 2949 786 3012 est,
816 2944 845 3003 in
868 2941 925 3002 hoc
946 2940 1141 3002 humanarum
1160 2959 1260 3004 rerum
1286 2943 1400 3022 fastigio

84 3043 250 3115 sedacata,
282 3047 528 3125 contemptissima
550 3064 584 3107 ac
611 3043 745 3106 seruilem
767 3045 797 3103 in
823 3044 943 3106 modum
964 3043 1001 3104 ab
1022 3045 1079 3105 isto
1104 3045 1238 3122 genitura
1267 3064 1302 3107 ac
1324 3053 1399 3109 statu

113 3145 252 3208 inleriore
275 3146 434 3210 diceretur,
479 3145 562 3220 Quod
587 3131 663 3210 cuim
689 3165 722 3208 ea
742 3163 802 3208 nou
827 3162 1069 3216 commemorem,
1099 3159 1171 3226 quae‘
1186 3146 1221 3208 ad
1246 3148 1466 3226 impudici-§.ra

113 3249 179 3312 tiam
204 3266 238 3310 ac
257 3248 625 3329 turpitudinemscelerati
646 3249 771 3310 bominis
792 3249 954 3328 pertinent,
981 3250 1024 3310 sic
1047 3255 1162 3327 putate,
1192 3265 1250 3308 non
1271 3249 1401 3326 ignorari

114 3368 198 3412 amc
219 3353 289 3423 ista,
312 3351 364 3412 sed
388 3349 520 3413 consulte
541 3353 651 3432 premi,
682 3350 760 3430 quod
786 3367 845 3411 non
870 3357 928 3412 tam
954 3349 1130 3412 studendum
1159 3347 1236 3410 illius
1259 3352 1401 3429 perniciei

114 3452 258 3522 erbtimo,
282 3469 377 3530 quarn
392 3453 642 3531 videndumque
663 3471 711 3514 me
740 3453 857 3521 deceat,
891 3471 947 3514 nec
972 3458 1085 3512 tanturn
1113 3450 1207 3513 dolori
1234 3453 1400 3515 conceden-

114 3663 162 3714 tuo
185 3653 294 3716 lateant
315 3658 465 3736 quedam,
489 3665 540 3718 aut
558 3655 660 3719 saltem
684 3657 720 3718 ad
744 3663 910 3718 exterarum
934 3657 1064 3734 gentium
1090 3655 1222 3715 notitiam
1250 3672 1308 3714 nou
1331 3673 1398 3735 pcr-

114 3759 242 3826 reniant,
263 3777 329 3839 quae
350 3760 406 3820 iste
429 3759 550 3837 llagitia,
573 3777 645 3839 quas
673 3758 883 3840 turpitudines,
914 3775 979 3836 quae
1006 3759 1104 3836 ignota
1133 3759 1215 3836 prius
1236 3758 1400 3819 Germanice

113 3858 219 3938 llagitia
240 3861 365 3923 admisit.
410 3861 461 3922 nbi
485 3861 510 3921 si
529 3881 562 3922 ea
584 3861 683 3922 dicere
703 3859 805 3922 vellem
827 3861 967 3940 quasiste
989 3859 1090 3921 andire
1110 3865 1224 3940 posset,
1250 3873 1304 3936 ego
1325 3861 1398 3920 citra

114 3961 234 4040 pudoris
253 3965 310 4024 mei
330 3964 473 4026 iacturam
492 3961 575 4042 loqui
595 3981 654 4022 non
676 3981 812 4042 possum,
835 3969 967 4042 quantas,
990 3962 1140 4033 Germani,
1162 3962 1321 4046 tragoedias
1337 3981 1400 4024 mo·

85 4081 228 4132 asserem,
243 4082 331 4143 quam
347 4082 490 4126 novarum
508 4064 726 4144 improbitatum
739 4065 957 4145 spurcissimam
974 4052 1289 4141 laciemostend'ercm,
1306 4057 1399 4144 quan)

114 4173 173 4225 tum
201 4184 252 4226 vos
278 4185 484 4246 exasperarem
513 4164 595 4236 odio,
624 4187 711 4247 quam
732 4169 820 4229 istum
842 4168 1013 4230 relricarem
1043 4183 1227 4228 communem
1256 4167 1397 4230 dolorem.

115 4267 268 4330 continebo
290 4271 388 4348 itaque
414 4287 462 4332 me
484 4275 513 4330 et
538 4284 720 4356 quanquam,
752 4271 782 4330 in
810 4288 924 4332 summo
951 4267 1053 4331 dolore
1081 4287 1164 4338 meo,
1193 4269 1397 4331 ardentissimo
1408 4277 1427 4329 t.
1435 4281 1467 4324 ¹⁵·

116 4419 306 4434 -n——n

180 4504 203 4538 ¹⁰
218 4507 274 4558 lmo
293 4511 318 4558 2.
383 4505 403 4539 ¹⁷
420 4506 501 4572 Fuga
519 4507 630 4558 Sabinae
649 4481 765 4559 ducissae
784 4508 883 4558 incidit
900 4509 1062 4578 in0n0ctem
1084 4507 1136 4569 24,
1162 4506 1310 4557 secundnm
1330 4506 1399 4556 elios

114 4587 154 4638 30.
167 4591 235 4644 Nor.
249 4608 273 4642 a,
290 4591 362 4643 tolo.
383 4592 420 4642 cl.
433 4591 487 4642 vol.
500 4591 522 4644 1.
541 4609 566 4658 p.
580 4590 623 4643 98.
640 4608 666 4643 n.
679 4591 721 4642 29.
742 4608 803 4642 cum
821 4592 996 4644 Steinbol'ero
1013 4593 1059 4643 IV.
1073 4609 1098 4659 p.
1112 4591 1171 4643 ²3l.
1190 4590 1279 4656 Heyd,
1293 4591 1399 4654 Hcrzop

117 4673 203 4724 ΡΜ
223 4676 243 4726 I·
261 4693 288 4742 p.
301 4674 360 4726 410.
407 4673 430 4708 ²⁴
448 4692 481 4726 oc
500 4679 523 4726 t.
543 4683 571 4728 et
588 4693 658 4728 corr.
677 4685 706 4727 11.
755 4678 840 4728 aedita
858 4681 881 4728 1.
933 4676 955 4711 ²³
974 4679 1026 4728 isto
1043 4685 1068 4729 et
1087 4679 1215 4743 genitura
1232 4679 1397 4740 contemptim.

114 4756 167 4790 Μ’
185 4759 346 4826 pudicitiam
366 4747 393 4811 1)
408 4777 477 4814 corr.
496 4769 525 4813 Η.
578 4764 600 4796 ²⁸
619 4751 673 4815 iuss,
692 4769 715 4818 ι,
735 4761 784 4814 illa
802 4779 870 4814 corr,
884 4768 914 4812 fl.
