3382 5516
274 457 371 492 onom
384 458 410 491 X·
424 455 460 491 AD
472 455 600 492 BGIDIVH
613 456 753 490 ss'l‘llfflbl
766 455 892 490 lal'f'l'illffi
905 457 930 489 D.
944 449 965 491 8.
980 455 1043 492 ΗΟ.
1057 449 1153 493 Δ..1518·
1239 431 1242 446 ⁵
1281 425 1347 494 20¹

315 615 377 671 mo
398 614 428 670 x.
451 612 571 670 uenio
593 613 742 670 riurano
763 613 892 671 necaro
913 581 953 670 nn
975 613 1112 672 naama.

155 734 258 790 llilecte
281 733 327 788 uti.
349 733 413 789 Cum
435 733 517 788 certis
540 733 641 788 nuntiis
664 725 751 806 neque
774 749 828 788 rano
850 751 882 788 ex
904 721 966 789 locri
982 731 1194 789 intellexerimus
1211 740 1353 807 tyrannum
1418 746 1420 750 ’

82 821 220 874 turcarum
237 818 269 875 ab
283 818 396 874 orientis
414 817 584 892 expeditione
601 833 736 874 reversum
751 817 1013 892 Constantinopolim
1028 836 1057 874 so
1073 818 1229 880 contulisse,
1246 835 1356 890 inagna·
1451 821 1454 830 ’

81 919 126 976 qne
139 903 281 960 celeritate
296 910 323 958 et
338 902 428 960 studio
443 903 476 958 ad
487 903 666 978 apparandum
678 901 790 959 classem
802 921 831 958 se
842 902 957 970 dedisse,
970 903 1006 960 ita
1018 911 1048 959 ut
1060 904 1201 965 maximum
1214 919 1354 960 nnmerum

60 989 178 1043 suavium
195 1005 226 1043 cx
243 987 380 1044 navalibus
395 987 524 1052 deducat,
540 987 663 1047 homines
678 995 773 1060 cogat,
796 1005 856 1060 quae
871 988 903 1043 ad
919 989 1018 1044 victuro
1034 989 1183 1044 neccssaria
1199 994 1262 1043 suot
1278 987 1354 1043 undi-

81 1089 125 1144 que
140 1073 294 1147 conquirat,
309 1071 443 1128 voluimus
459 1072 510 1128 boo
525 1061 678 1156 significare
693 1072 931 1146 circumspectioni
948 1080 1015 1136 tuae,
1030 1082 1061 1128 ut
1076 1089 1135 1128 cum
1151 1061 1333 1128 charissimo
1326 1089 1353 1127 ιιι

80 1155 179 1213 t'bristo
201 1157 259 1212 lilio
279 1165 375 1213 nostro
390 1156 486 1213 Carolo
502 1157 689 1231 Hispaniarum
711 1175 815 1230 rego
797 1156 934 1214 (lutholico
952 1157 982 1214 id
1003 1158 1223 1214 communicares.
1266 1156 1354 1224 Quan-

81 1259 151 1336 quam
167 1259 221 1298 nos
238 1242 324 1316 qnid''
317 1259 340 1297 rs
355 1241 484 1298 moliatur
499 1251 545 1299 aut
560 1242 663 1316 cogitet
678 1240 744 1298 nibil
759 1249 835 1298 certo
850 1241 977 1298 lrubemus
993 1241 1047 1298 nisi
1065 1241 1132 1298 illud
1155 1258 1209 1297 non
1230 1240 1354 1296 dubitare

81 1328 139 1400 quin
159 1327 269 1384 immuni
290 1335 318 1383 ct
340 1327 422 1384 ellera
441 1326 601 1384 crudelitato
621 1327 708 1390 bostis
730 1327 762 1382 ad
781 1326 882 1383 caedem
902 1335 928 1382 et
948 1326 1050 1384 cladem
1071 1344 1100 1382 sc
1115 1327 1231 1382 instruat
1246 1327 1354 1400 generis

55 1411 235 1474 inchristiaoi,
258 1411 308 1468 etsi
324 1411 458 1486 praecipiti
474 1412 525 1468 iam
541 1419 635 1468 aestate
655 1428 709 1468 noo
731 1419 773 1467 ost
793 1412 909 1468 fortusse
933 1412 1056 1468 anniversa
1077 1412 1115 1466 vis
1138 1411 1196 1467 eius
1217 1412 1268 1468 boo
1284 1427 1353 1466 anno

80 1496 304 1568 pertimescenda,
319 1505 495 1554 veruntamen
510 1497 542 1552 ad
558 1487 600 1552 dei
616 1496 703 1554 nostri
719 1497 860 1558 bonorem,
877 1497 908 1552 ad
924 1495 1037 1553 salutem
1053 1496 1210 1552 christiana
1226 1494 1355 1570 reipubli-

80 1598 121 1641 cae,
136 1581 168 1636 ad
184 1589 306 1637 nostram
323 1581 486 1655 vigilantiam
503 1589 531 1636 et
546 1579 761 1638 istiusCatbolici
773 1581 854 1654 Regis
869 1582 950 1638 decus
965 1599 995 1636 uo
1010 1581 1169 1654 dignitatern
1184 1581 1355 1637 vehementer

80 1665 193 1738 pertinet
209 1683 259 1721 nos
275 1674 303 1722 et
316 1683 378 1722 esse
392 1665 423 1722 ad
441 1665 528 1722 onmia
544 1673 571 1722 et
587 1666 669 1722 videri
685 1674 809 1740 paratos,
832 1683 864 1721 ne
887 1665 950 1739 quid
971 1665 1049 1722 nobis
1073 1666 1106 1722 ab
1127 1667 1275 1742 improviso
1291 1664 1353 1721 moli

81 1749 109 1803 ab
123 1749 169 1805 illo
181 1751 302 1829 „accidat
319 1769 378 1807 cum
396 1751 450 1806 veri
467 1761 495 1806 et
510 1751 598 1826 magni
615 1749 748 1826 principis
764 1749 807 1811 sit,
825 1747 1141 1824 qualis-ltexCutbolicus
1157 1758 1208 1814 est,
1223 1767 1274 1807 suo
1290 1767 1354 1808 oon-

54 1832 151 1896 rssilio,
172 1851 228 1890 non
249 1853 326 1892 casus
347 1835 478 1891 beneficio
499 1835 597 1892 salvam
618 1836 737 1891 retinere
757 1841 844 1891 status
865 1843 892 1892 et
914 1835 1030 1892 nominis
1052 1836 1093 1891 sui
1114 1836 1281 1910 dignitatem.
1317 1837 1354 1892 Ao

80 1919 146 1991 qnod
162 1920 195 1975 ad
213 1919 379 1976 induciarum
396 1937 461 1993 quas
478 1920 629 1977 induximus
645 1919 867 1996 approbationem
883 1920 1009 1994 pertinet,
1026 1939 1075 1977 nec
1090 1939 1139 1976 nos
1156 1921 1263 2003 quidem
1280 1919 1355 1975 volu-

80 2021 133 2059 mus
148 2003 236 2078 ipsins
250 1993 413 2061 blaiestutcrn
429 2023 443 2060 u
459 2003 586 2062 Caesareae
602 1995 761 2061 Serenitatis
776 2005 891 2062 oonsilio
907 2005 1065 2067 dissentire,
1082 2023 1162 2079 quom
1178 2014 1205 2061 et
1220 2021 1311 2062 amore
1327 2011 1355 2060 et

79 2089 205 2162 sanguino
220 2089 301 2146 babet
311 2089 569 2151 coniunctissimum,
592 2090 639 2146 sed
653 2089 896 2164 quoniamssaesuris
910 2089 1055 2146 voluntatis
1067 2098 1168 2146 certam
1179 2106 1265 2164 prope
1278 2106 1353 2162 spem

80 2171 229 2231 obtinemus
245 2174 304 2230 lore
321 2173 410 2236 illum,
433 2193 512 2248 quern
535 2193 594 2232 esse
611 2175 747 2238 volomus,
770 2183 797 2232 et
813 2174 927 2230 induciis
941 2174 1123 2250 approbandis
1138 2182 1165 2230 ot
1181 2174 1353 2248 expeditione

52 2273 72 2308 ιι
80 2259 244 2330 procuranda
259 2275 329 2316 verae
345 2267 445 2316 sanctor
460 2259 520 2316 lidei
536 2269 729 2335 protectorem,
743 2259 916 2316 idcircoCirc.
927 2267 972 2315 tua
986 2259 1070 2334 ipsius
1080 2259 1244 2316 Maiestatem
1257 2265 1354 2313 nostro

80 2343 182 2398 nomine
199 2343 364 2407 hortabitur,
381 2353 412 2400 nt
426 2353 581 2420 promptum
597 2363 627 2402 uc
642 2353 765 2420 paratum
781 2352 858 2418 gerat
872 2345 989 2400 animum
1005 2345 1093 2402 omniu
1108 2344 1220 2404 lactendi
1237 2361 1297 2418 qum
1313 2341 1353 2398 avi

79 2425 198 2484 consiliis
214 2445 342 2496 consona,
359 2429 536 2486 sanctissime
551 2429 611 2486 fider
628 2431 729 2487 luerint
728 2437 910 2512 opportuna
925 2447 984 2486 curo
997 2429 1149 2503 praesertim
1162 2427 1281 2486 eborum
1288 2441 1352 2504 qno
1393 2461 1396 2469 ·

78 2511 184 2568 randum
193 2512 295 2586 Regum
307 2509 450 2570 earundem
468 2515 635 2572 induciarum
650 2501 811 2590 approbatio
827 2514 966 2570 adnutum
982 2522 1105 2570 nostrum
1120 2522 1211 2588 parata
1228 2513 1272 2570 sit.
1288 2513 1352 2568 born

78 2605 162 2652 autern
179 2596 235 2654 abit
250 2599 324 2664 dios
340 2616 427 2673 neque
443 2617 496 2656 rum
510 2599 686 2657 consiliorum
702 2600 748 2656 sed
765 2599 898 2664 laetorum
912 2607 1019 2674 tempus
1035 2606 1166 2673 apparet
1182 2616 1257 2660 cum,
1274 2597 1352 2654 vel
1330 2615 1353 2652 sr

48 2693 70 2731 ιι
80 2680 186 2738 velimus
203 2699 262 2739 esse
277 2683 357 2745 salvi,
380 2701 490 2740 necesse
506 2685 542 2742 sit
557 2683 680 2759 sequenti
696 2692 790 2740 aestate
806 2684 905 2740 babere
921 2683 1059 2758 praesidia,
1083 2683 1219 2758 quibus'
1196 2703 1219 2738 ιι
1236 2699 1289 2738 non
1306 2682 1354 2739 ob·

78 2783 166 2829 ruere,
182 2775 210 2824 at
225 2767 320 2824 saltem
336 2769 471 2824 sustinere
487 2771 593 2826 hostem
608 2770 757 2844 possimos,
775 2769 841 2826 Circ.
859 2776 911 2824 ture
927 2768 1097 2830 muniamus,
1114 2778 1144 2825 ut
1159 2769 1216 2825 eius
1232 2767 1353 2822 blaiosta·

78 2857 128 2906 tero
144 2869 197 2910 noa
214 2861 266 2909 tam
281 2853 434 2910 cohorteris
450 2871 529 2928 qnam
546 2853 671 2910 obsecres
693 2861 720 2910 et
741 2871 790 2928 per
811 2854 914 2910 viscora
929 2853 1122 2911 misericordiae
1144 2853 1186 2909 alei
1202 2853 1290 2908 nostri
1305 2851 1353 2908 ob·

78 2937 190 3000 testeris,
207 2945 237 2993 nt
252 2937 389 2994 incumbat
403 2939 513 3012 penitus
529 2939 556 2996 in
571 2939 640 2996 banc
655 2955 745 2995 curam
761 2955 808 2994 sua
824 2939 922 2996 virtute
937 2947 964 2994 et
979 2939 1163 3014 magnitudine
1179 2938 1295 3012 dignam,
1311 2955 1353 2992 se·

78 3037 126 3092 qne
142 3020 300 3078 universalis
316 3021 412 3078 salutis
428 3021 544 3080 fidelium
560 3031 588 3080 ot
602 3017 777 3080 sanctissimae
793 3023 853 3079 fidei
875 3042 924 3098 pro
946 3041 994 3080 sna
1015 3021 1089 3097 regia
1111 3030 1188 3099 parte
1208 3031 1352 3118 patrornvnr

47 3103 246 3198 reprofiteatur,
262 3106 357 3163 ducem
373 3125 402 3164 se
417 3107 553 3182 praebeat,
569 3125 635 3183 opes
651 3107 854 3183 potentiamque
870 3125 945 3165 snam
960 3109 1010 3165 deo
1027 3107 1220 3183 omnipotenti,
1245 3107 1286 3163 sni
1302 3124 1353 3162 no·
1370 3129 1378 3138 ·

77 3189 153 3245 minis
167 3190 378 3270 immortalitati,
395 3209 507 3248 suorum
522 3201 696 3268 posterorum
712 3193 850 3248 securitati
867 3193 980 3255 dedicet,
997 3211 1045 3250 nec
1061 3194 1168 3250 omittat
1184 3191 1351 3250 occasionem

77 3272 156 3334 bunc
177 3293 230 3351 qna
245 3273 325 3332 hoste
340 3285 435 3333 eontra
451 3295 501 3334 nos
517 3287 621 3334 armato
637 3286 684 3334 aut
699 3277 846 3334 clarissima
862 3278 974 3335 victoria
989 3278 1117 3352 parienda
1133 3286 1179 3333 ant
1194 3293 1288 3351 magna
1305 3275 1353 3332 uli·

77 3375 125 3430 qoa
140 3358 276 3418 calamitas
291 3361 451 3436 accipienda.
488 3361 653 3437 Quamquam
673 3363 696 3419 si
712 3371 739 3418 et
760 3363 849 3418 animo
865 3372 921 3418 et
907 3361 1008 3418 viribus
1024 3379 1085 3418 eum
1100 3370 1256 3436 promptum
1271 3361 1353 3416 habe·

76 3442 173 3512 bimus,
194 3445 365 3520 exploratum
381 3447 417 3502 sit
432 3445 509 3503 nobis
524 3448 557 3504 dc
573 3447 699 3510 victoria,
721 3456 751 3504 ut
766 3446 866 3523 aliquid
887 3447 976 3503 danrni
997 3446 1155 3509 subeamus,
1175 3444 1284 3502 hostilis
1300 3443 1353 3502 crit

47 3527 172 3593 aar-irtus,
192 3531 238 3588 sed
255 3527 365 3595 nostra,
387 3531 410 3588 si
425 3531 607 3597 cessabimus,
630 3531 796 3606 negligentia
811 3531 1022 3589 extimescenda:
1044 3548 1058 3587 a
1079 3529 1200 3587 consiliis
1219 3531 1305 3604 igitur
1320 3530 1352 3585 ad

77 3611 144 3670 tacta
157 3615 314 3672 veniendum
331 3623 361 3672 et
373 3624 430 3672 tota
446 3617 566 3691 urgenda
583 3635 627 3674 res
642 3626 697 3680 est,
719 3619 745 3674 in
769 3635 822 3692 qno
844 3625 919 3675 tanto
940 3616 1044 3672 enixius
1065 3615 1191 3684 volunqrs
1212 3615 1352 3671 elaborare

76 3697 141 3754 Cirr.
157 3707 241 3764 tuam,
259 3709 361 3774 quanto
377 3719 437 3770 cum
452 3704 587 3776 coustanti
603 3719 726 3762 sermono
742 3703 773 3760 ud
789 3720 839 3759 nos
854 3704 992 3778 perfertur
1002 3699 1103 3775 Regem
1119 3701 1206 3774 ipsnrn
1221 3707 1249 3755 et
1263 3699 1309 3774 pio
1325 3707 1353 3754 et

77 3799 204 3854 generoso
221 3785 415 3866 inflammatqm
430 3805 489 3845 esse
505 3788 595 3845 studio
612 3788 693 3844 huius
706 3788 870 3863 sanctissimi
886 3785 950 3843 belli
971 3785 1151 3882 suscipiendi:
1172 3785 1278 3858 dequo
1294 3783 1357 3858 agi!

76 3883 134 3922 mas
149 3885 196 3926 nos
212 3869 320 3966 quidem
335 3845 386 3928 ded
403 3873 581 3948 omnipotenti
597 3873 714 3948 gratias,
740 3873 785 3967 qni
806 3873 931 3949 spiritum
947 3873 1002 3928 veri
1018 3869 1124 3928 consilii
1141 3878 1215 3926 tanto
1231 3869 1320 3942 Regi'
1313 3886 1352 3923 nr·

52 3963 70 4000 ¹⁰
81 3952 176 4024 spiret.
191 3955 237 4012 sed
253 3963 281 4012 et
297 3951 383 4031 ipsiu's
399 3955 542 4039 Serenitati
558 3958 687 4015 babemus
703 3959 843 4015 maximas:
866 3958 924 4016 baeo
945 3957 1015 4014 eninr
1031 3962 1094 4013 sunt
1109 3963 1241 4030 perpetuu
1256 3951 1352 4010 salotis

76 4045 102 4090 et
116 4036 207 4111 gloriae
223 4040 412 4103 fundamenta,
439 4040 579 4116 quibus
558 4061 579 4098 ιι
602 4043 689 4099 adbuc
711 4041 802 4098 viridis
824 4043 882 4098 eins
903 4048 970 4098 aetas
991 4042 1135 4103 innitetur,
1163 4037 1230 4096 nihil
1251 4034 1332 4094 erit'
1325 4056 1351 4094 ιιι

77 4123 101 4176 in
118 4125 186 4179 omni
202 4125 387 4199 magnitudine
402 4133 455 4182 tam
471 4126 588 4201 amplum
605 4128 705 4202 qnod'
699 4145 756 4201 ipsc
778 4127 829 4184 sibi
850 4126 1010 4201 promittere
1034 4143 1088 4182 non
1110 4125 1207 4200 possit
1251 4123 1303 4179 Sed
1326 4130 1353 4178 et

78 4207 195 4278 qnoniam
211 4227 243 4266 ex
259 4227 357 4286 magna
373 4213 518 4268 Turcarnm
533 4211 619 4268 classe
641 4213 785 4268 verendum
807 4219 863 4276 est,
886 4230 920 4268 ne
941 4228 1004 4286 pars
1025 4210 1116 4286 aliqua
1138 4209 1186 4267 otii
1209 4197 1352 4283 impatiens

76 4291 218 4362 praedatam
234 4302 262 4351 et
277 4293 438 4387 populatum
453 4311 503 4370 per
518 4297 602 4352 maria
617 4307 643 4352 et
658 4295 750 4353 littora
766 4304 858 4352 nostra
880 4295 1029 4362 discurrat,
1052 4305 1160 4370 gratum
1180 4303 1253 4351 osset
1273 4293 1353 4349 nobis

50 4387 69 4424 n
77 4383 103 4428 ot
117 4377 280 4451 reipublicae,
297 4375 438 4458 regnoque
454 4397 504 4437 suo
521 4383 704 4448 commodum,
728 4390 759 4438 at
779 4381 878 4457 aliquid
901 4379 1034 4438 baberet
1028 4397 1085 4454 rpse
1101 4379 1128 4435 in
1144 4379 1185 4435 his
1202 4378 1257 4434 oris
1272 4377 1353 4434 muri·

78 4458 147 4516 tinais
161 4461 240 4522 ltaliae
256 4483 287 4522 ae
303 4463 402 4521 Siciliae
418 4465 521 4523 idoneae
538 4464 632 4522 classis
648 4467 680 4522 ad
696 4465 839 4524 arcendum
855 4467 976 4528 hostem,
994 4466 1104 4540 suisque
1121 4465 1201 4522 robus
1217 4461 1351 4538 praesidia,

76 4546 173 4602 nostris
187 4539 276 4611 etiirn,
293 4550 315 4605 si
333 4567 402 4623 opos
418 4559 499 4614 esset,
516 4552 600 4607 torret
616 4551 721 4608 auxilia.
743 4549 794 4606 Sed
809 4567 860 4606 aros
876 4549 985 4623 ingenio
1001 4560 1029 4606 ot
1042 4550 1194 4625 prudentiae
1210 4557 1264 4604 tuae
1278 4545 1352 4604 dom·

77 4629 201 4690 mittimus
215 4652 274 4692 reru
291 4639 422 4692 totam.
465 4637 603 4693 ..batum
618 4637 708 4692 Romae
722 4635 806 4696 dieo.
822 4634 939 4708 Augusti
957 4641 1030 4696 1518
1046 4651 1116 4691 unrro
1133 4633 1172 4689 Vl

99 4779 104 4791 ι
156 4715 206 4775 Leo
220 4717 250 4774 x.
1082 4691 1266 4795 Sadol[etira].
