3468 5512
339 455 413 526 486
433 486 555 522 uvr‘rrtttt
567 487 602 521 D!
612 485 727 521 uvntncr
738 485 832 521 iltuto.
844 487 878 521 ΕΤ
888 485 982 522 101Βο
992 485 1073 522 Misi..
1085 485 1142 520 bru.
1152 485 1202 520 tttr
1212 483 1343 520 1011118
1353 484 1469 522 olant.
1479 485 1541 522 MP·
1550 486 1625 521 mr.

284 648 487 712 §.cteneatum
515 643 554 702 ita
582 641 730 719 quoddam
759 641 835 702 intra
857 642 1064 719 proscriptum
1092 639 1270 720 aliquamdiu
1293 643 1376 701 vivat.
1423 641 1457 702 lit
1478 649 1541 703 tres
1563 643 1627 722 qui·

338 744 404 804 dem
427 751 559 806 statuunt
580 743 626 804 bis
648 746 697 822 qui
720 749 771 802 aut
791 741 874 802 valde
897 745 1038 804 attenuati
1061 743 1181 805 luerunt
1205 745 1235 804 in
1258 743 1378 812 morbo,
1401 751 1431 804 ct
1452 742 1554 805 multis
1575 743 1628 804 ob·

338 847 416 907 noxii
438 843 626 908 fluctionibus
649 865 683 906 oe
705 846 821 923 penitus
843 846 955 906 allectis
976 846 1073 906 nervis
1095 853 1145 908 aut
1166 845 1299 916 artubus,
1322 853 1373 907 aut
1395 864 1453 908 oon
1475 849 1518 907 ita
1542 847 1627 906 mmo

339 954 479 1028 putantur
495 965 636 1025 corporo,
660 955 692 1008 ut
706 946 795 1008 breve
811 944 1018 1024 recolligendis
1032 945 1144 1008 viribus
1158 955 1276 1026 tempus
1290 947 1431 1016 sufficiat;
1454 952 1504 1026 qui
1523 955 1627 1008 contra

296 1097 299 1102 .
339 1047 507 1117 validiores,
537 1067 593 1108 nec
621 1050 658 1108 ita
688 1046 834 1126 deperditi
864 1055 914 1109 aut
943 1048 1099 1118 contracti,
1128 1048 1173 1110 bis
1202 1049 1277 1110 duos
1305 1048 1342 1110 ab
1365 1067 1484 1128 egressu
1506 1067 1647 1112 mensem

338 1153 408 1214 satis
431 1169 496 1212 esse
519 1151 652 1212 credunt.
698 1151 762 1228 Ego
788 1157 821 1210 ut
850 1151 993 1213 tutissime
1022 1152 1198 1234 prospiciam
1226 1151 1272 1211 bis
1299 1153 1349 1228 qui
1376 1168 1424 1212 me
1452 1160 1627 1230 sequentur.

339 1270 429 1332 quam
450 1251 618 1330 longissime
640 1253 798 1315 tenendum
821 1251 878 1312 boc
900 1254 1104 1332 prescriptum
1120 1254 1278 1321 suaserim,
1301 1270 1336 1313 ac
1350 1254 1478 1331 primum
1492 1255 1628 1314 ominium

284 1371 356 1420 §.aa
379 1371 487 1416 venere
509 1352 715 1417 abstinendum
739 1353 915 1416 diutissime:
945 1355 1023 1434 quod
1051 1373 1105 1433 per
1127 1356 1303 1424 Guaiacum,
1332 1355 1382 1432 qui
1404 1353 1628 1422 convaluerunt

338 1456 447 1518 teneris
469 1463 498 1518 et
520 1474 574 1534 per
596 1457 693 1516 omnia
717 1455 869 1517 imbecillis
891 1459 948 1518 iam
971 1455 1067 1518 adbuc
1089 1465 1158 1519 sunt
1185 1463 1216 1516 et
1242 1457 1325 1536 quasi
1354 1457 1464 1517 renatis
1491 1459 1629 1537 corpori·

336 1557 411 1632 bus,
434 1559 464 1618 in
486 1576 552 1637 quaa
574 1559 714 1636 impetum
738 1557 847 1620 taciens
869 1560 977 1627 coitus,
1000 1557 1050 1619 ubi
1073 1556 1199 1620 debilem
1223 1557 1300 1620 illam
1323 1565 1351 1618 et
1375 1558 1452 1618 baud
1473 1558 1549 1620 dum
1565 1579 1658 1620 [ιιι-ιο

337 1667 436 1720 turam
458 1659 564 1720 sirium
586 1658 823 1722 recollectionem
847 1661 1040 1738 oppresserit,
1070 1659 1199 1721 dissolvit
1227 1662 1322 1720 statim
1351 1659 1558 1722 membrorum
1582 1679 1629 1720 ro·

337 1760 395 1822 bur
419 1764 550 1822 omnium
573 1780 608 1822 ac
631 1760 787 1839 disperdit;
815 1768 844 1822 et
873 1763 940 1839 quia
963 1779 1054 1822 venus
1075 1745 1247 1824 non'unum
1271 1761 1389 1840 aliquod
1412 1761 1628 1831 membrorum,

338 1863 389 1923 sed
412 1864 580 1926 universum
604 1881 663 1924 uno
686 1862 769 1941 lapsu
792 1881 900 1942 corpus
922 1865 952 1926 in
974 1863 1131 1924 discrimen
1154 1863 1312 1944 qbslrabit,
1336 1863 1404 1942 quid
1427 1863 1505 1924 aliud
1530 1865 1629 1924 lacere

338 1963 485 2042 putandus
508 1966 622 2044 estqui
644 1966 686 2026 sic
709 1964 867 2026 exhaustus
889 1966 961 2034 coit,
986 1982 1073 2042 quam
1096 1953 1173 2025 ultro
1195 1971 1320 2026 mortem
1342 1966 1391 2044 qui
1414 1967 1540 2027 accersit
1563 1965 1627 2034 sibi,

340 2073 391 2128 aut
412 2084 631 2148 praeproperam
653 2068 757 2128 virium
780 2067 1001 2126 internicionem
1024 2067 1194 2134 consciscit,
1224 2064 1269 2126 rel
1297 2085 1414 2126 omnem
1444 2067 1472 2126 in
1502 2069 1656 2130 manile-n

285 2187 331 2236 eo.
340 2177 417 2230 stum
440 2169 558 2230 exitium
582 2167 775 2230 valetudinem
798 2165 914 2228 abiicit?
937 2167 1040 2248 quodsi
1063 2185 1122 2227 non
1144 2167 1281 2230 omnibus
1295 2171 1347 2246 qui
1362 2167 1441 2228 bono
1456 2170 1544 2230 etiarn
1561 2177 1629 2229 sunt

339 2272 474 2349 corporis
497 2269 598 2332 babitu
621 2277 651 2331 et
673 2269 754 2330 nullo
777 2277 914 2331 tenentur
937 2268 1058 2339 morbo,
1082 2268 1282 2330 concumbere
1297 2270 1493 2348 permittitur,
1516 2275 1627 2349 quanto

339 2371 395 2434 illis
417 2373 473 2434 hoc
496 2372 667 2450 iuglandum
690 2379 734 2432 est
757 2389 862 2450 opere,
892 2389 965 2452 quos
992 2373 1034 2432 sic
1056 2373 1170 2432 amissis
1193 2371 1303 2432 viribus
1324 2371 1498 2450 reparandae
1520 2389 1628 2432 conm-

339 2473 486 2535 lescentiae
508 2474 637 2536 studium
660 2472 812 2534 intendero
834 2475 969 2552 oportet?
998 2480 1028 2534 et
1057 2473 1081 2532 si
1111 2479 1178 2534 anto
1207 2472 1353 2536 decimum
1375 2479 1512 2553 quartum
1536 2474 1628 2534 etatis

339 2555 448 2638 annum
471 2595 557 2638 nemo
580 2594 654 2655 puer
684 2575 808 2636 coeundi
835 2582 939 2652 potens
968 2581 1027 2647 cst,
1058 2581 1159 2654 utpote
1187 2591 1247 2635 non
1275 2574 1370 2655 plenis
1397 2575 1467 2636 dum
1497 2575 1533 2636 ad
1562 2593 1656 2636 rems

341 2677 534 2756 periculosam
558 2671 769 2758 experiundam
792 2676 917 2746 viribus,
941 2693 1029 2756 quam
1051 2676 1146 2740 danda
1166 2693 1255 2754 opera
1278 2683 1323 2736 est
1344 2677 1454 2754 nequi
1475 2677 1519 2738 sle
1542 2693 1627 2736 reca-

284 2781 446 2848 toscitur,
470 2785 628 2859 antequam
650 2781 773 2857 recipiat
794 2780 884 2847 vires,
907 2784 1018 2840 temere
1041 2777 1264 2840 convellendum
1286 2795 1318 2839 se
1340 2775 1480 2858 praebeat
1523 2775 1625 2838 Proxi-

340 2899 419 2942 mum
443 2881 530 2950 huic,
559 2882 626 2961 quia
654 2883 714 2957 iugi
743 2883 820 2941 lame
843 2882 1005 2941 extermatis
1027 2881 1171 2940 acerrima
1193 2878 1336 2940 incumbit
1358 2879 1464 2941 edendi
1486 2887 1624 2958 appetan-

339 2985 393 3050 tia‚
424 2984 544 3044 minime
566 2981 718 3061 indulgere
740 2984 766 3042 ei
788 2988 818 3043 et
840 2989 980 3059 quantum
1004 2982 1067 3043 fleri
1096 2984 1190 3061 possit
1211 2983 1462 3044 continentissime
1477 2983 1563 3041 eirca
1586 2982 1625 3040 ri·

340 3091 404 3145 ctus
426 3085 569 3145 rationem
593 3087 711 3146 versari.
756 3085 856 3166 ltaque
878 3083 1038 3162 perexiguo
1062 3085 1144 3162 prius
1165 3081 1230 3144 cibo
1253 3083 1409 3152 utendum,
1433 3081 1538 3144 deinde
1553 3099 1654 3161 pau-a

340 3185 419 3248 latim
442 3185 573 3265 plenius,
597 3204 653 3250 nec
676 3188 731 3250 nisi
753 3185 842 3263 longo
865 3185 1023 3246 admodum
1047 3183 1198 3246 intervallo
1214 3185 1249 3246 ad
1266 3187 1418 3262 pristinam
1435 3183 1540 3246 edendi
1555 3203 1624 3244 con·

339 3289 525 3350 suetudinem
549 3288 771 3357 revertendum,
794 3289 961 3367 sensimque
984 3287 1233 3356 adsuescendum,
1256 3285 1328 3346 nibil
1351 3287 1567 3365 praecipitanter
1582 3287 1623 3346 in·

284 3545 422 3608 §.nortus
436 3544 491 3596 ehu
508 3543 587 3598 steine
604 3544 679 3608 [buri
698 3540 732 3596 mi
754 3543 849 3596 ttctun
873 3540 903 3605 qi
926 3542 1009 3606 neqobt
1030 3551 1096 3606 sucu
1118 3551 1212 3595 mcum.
1247 3539 1319 3604 βίη
1340 3542 1373 3605 iq
1396 3551 1436 3594 tm
1459 3542 1577 3594 ionum
1599 3555 1623 3592 aa

340 3629 383 3692 trab
399 3628 438 3681 cic
455 3629 562 3680 htcuem
581 3630 643 3682 cleto
662 3631 699 3682 m*
717 3625 776 3692 urolt
794 3627 877 3690 nepotc
893 3633 919 3690 m
943 3643 967 3679 tt
991 3627 1033 3691 [tq
1055 3628 1104 3678 met
1127 3637 1212 3680 monet
1235 3627 1354 3690 iubetur,
1378 3632 1426 3679 anu
1450 3626 1498 3690 qiu
1522 3626 1563 3688 Γιί)
1583 3637 1622 3676 ooo

283 3715 398 3774 §.nolu
415 3711 553 3776 ouillum
572 3716 643 3776 tunm
657 3713 718 3777 jeu,
739 3709 786 3765 bui
804 3715 832 3775 m
854 3715 917 3775 latu
940 3715 981 3775 qut
997 3717 1042 3762 bon
1061 3711 1107 3763 lcib
1127 3712 1194 3776 [qiu
1211 3715 1250 3764 cta
1268 3711 1314 3774 crit
1332 3711 1431 3775 mooun
1450 3717 1500 3764 ont
1514 3721 1566 3775 mn
1582 3723 1653 3772 ιω)

340 3800 441 3862 nequ,
465 3804 512 3850 ono
536 3809 573 3849 mo
594 3798 632 3849 uic
655 3796 793 3856 onldtmctt
817 3797 845 3848 tn
865 3797 904 3849 bie
926 3797 1047 3864 [quoquc
1071 3795 1147 3860 qtitct
1170 3797 1277 3862 pubem,
1301 3794 1384 3848 odat
1401 3795 1435 3858 [ie
1452 3792 1514 3848 olm
1532 3791 1621 3859 attins

301 3943 304 3950 Ι
339 3881 441 3946 tqottq
459 3881 523 3945 isin,
544 3877 591 3934 boi
612 3882 636 3945 [a
659 3880 797 3944 onldtqcit
818 3887 862 3934 bon
884 3889 987 3945 mutam
1012 3881 1057 3932 tut
1080 3875 1179 3944 bnllrt,
1204 3895 1251 3932 otc
1268 3879 1311 3946 [lq
1329 3881 1384 3943 naq
1401 3886 1443 3932 mr
1461 3889 1559 3944 urrann,
1575 3891 1621 3930 ιιι-

340 3966 407 4030 illiti
425 3969 492 4030 butt,
509 3965 531 4018 ι’
550 3957 605 4029 ullu
624 3967 658 4019 in
677 3966 750 4028 letior
768 3966 807 4017 cin
826 3965 959 4032 penitima
979 3971 1020 4016 tot
1038 3978 1085 4028 on,
1109 3974 1157 4018 ont
1181 3963 1264 4032 udalr
1287 3957 1418 4029 uomitu
1442 3965 1493 4030 [dn
1511 3966 1619 4030 ‚clunn-

283 4052 386 4114 §.ulcu
405 4050 514 4114 qinom,
533 4063 592 4103 mon
610 4048 696 4103 oertdt
712 4051 765 4113 bod)
783 4047 920 4114 ouldtqcit
940 4049 1006 4101 oiim
1025 4051 1153 4115 palaneto,
1172 4049 1196 4113 [a
1215 4050 1256 4116 [ott
1274 4049 1307 4111 [lt
1324 4052 1379 4113 out)
1397 4047 1618 4111 ottramnus·

339 4135 422 4188 boum
440 4133 504 4198 lein,
520 4135 559 4188 ute
576 4134 601 4199 [o
619 4133 709 4198 sololiq
728 4147 777 4186 oon
793 4141 845 4187 bam
864 4137 928 4198 botta
947 4143 1026 4186 ornem
1045 4134 1107 4196 [tint
1124 4140 1173 4188 ont
1195 4136 1251 4198 not)
1274 4135 1313 4188 nit
1341 4143 1413 4200 quoq
1436 4133 1575 4198 attrectet,
1596 4145 1647 4186 usa

339 4219 370 4281 itt
386 4218 439 4283 ua
457 4220 531 4273 ‚atili¹
551 4220 642 4283 teriam
661 4219 755 4272 tucbm
772 4217 911 4282 ualuitque
926 4221 949 4270 ι’
974 4219 1059 4282 tuqmt
1082 4219 1136 4282 outo
1158 4217 1198 4270 nit
1221 4221 1268 4272 ool
1293 4217 1397 4295 pedatim
1420 4217 1559 4281 aulularia
1578 4207 1618 4280 sd·

284 4294 416 4368 §.otlfim
439 4304 484 4356 uit
506 4305 544 4356 oit
566 4317 628 4356 mm
646 4302 683 4367 lic
700 4305 726 4370 io
744 4302 810 4356 tinet
833 4302 901 4367 [diet
925 4303 948 4366 [a
972 4303 1009 4356 ott
1031 4307 1071 4356 als
1094 4303 1154 4356 nto
1177 4303 1271 4356 nicaen
1295 4303 1335 4365 itt.
1372 4305 1410 4360 ir
1427 4303 1484 4364 aad
1502 4305 1556 4364 naq
1569 4307 1616 4352 u·

339 4385 428 4452 qrollm
445 4386 523 4450 loiron
540 4397 589 4440 unc
606 4387 702 4452 othelm
717 4387 756 4440 bit
773 4387 882 4451 bertram
898 4377 928 4451 3¹⁰¹
945 4395 986 4444 roc
1004 4385 1067 4452 [pelli
1087 4387 1160 4440 mun
1179 4387 1281 4452 lunpt,
1298 4388 1340 4450 tou
1359 4389 1386 4440 in
1404 4387 1448 4440 ate
1466 4401 1515 4452 neq
1531 4395 1560 4439 aa
1576 4386 1616 4436 nir

338 4469 594 4538 melliqleit'qclotun
614 4479 721 4536 momen,
742 4471 846 4524 bactron
870 4472 905 4534 tot
929 4487 953 4523 ct
977 4471 1067 4535 cttttiq
1091 4472 1188 4536 aranu
1206 4469 1276 4535 clm,
1302 4473 1507 4534 conuersaque
1525 4463 1617 4523 nuni

342 4609 459 4616 -——--.-

405 4707 415 4742 ⁴
434 4711 518 4762 breno
537 4713 562 4760 2.
622 4707 642 4742 ¹²
659 4707 754 4774 venus]
773 4710 883 4760 veneris
903 4711 973 4762 1...r.
981 4713 1005 4760 6.
1024 4709 1314 4760 Veneriausua8.10.
1368 4706 1389 4740 ¹⁵
1408 4708 1613 4760 internecionem

338 4798 362 4846 8.
372 4799 412 4846 10.
465 4794 488 4828 ²⁸
507 4796 579 4861 lamp
598 4799 623 4844 2.
685 4793 707 4826 ²⁷
726 4795 926 4845 aduescendum
946 4798 970 4846 3.
1024 4793 1045 4824 ³⁶
1063 4795 1101 4844 alc
1118 4791 1156 4843 bb
1174 4791 1320 4858 nnbdldlclt.
