<?xml version="1.0" encoding="UTF-8"?>
<!DOCTYPE html PUBLIC "-//W3C//DTD XHTML 1.0 Transitional//EN"
    "http://www.w3.org/TR/xhtml1/DTD/xhtml1-transitional.dtd">
<html xmlns="http://www.w3.org/1999/xhtml" xml:lang="en" lang="en">
 <head>
  <title>
</title>
<meta http-equiv="Content-Type" content="text/html;charset=utf-8" />
  <meta name='ocr-system' content='tesseract 3.04.00' />
  <meta name='ocr-capabilities' content='ocr_page ocr_carea ocr_par ocr_line ocrx_word'/>
</head>
<body>
  <div class='ocr_page' id='page_1' title='image "./ulrichihuttenie12huttgoog_0122.png"; bbox 0 0 3410 5524; ppageno 0'>
   <div class='ocr_carea' id='block_1_1' title="bbox 83 415 1351 492">
    <p class='ocr_par' dir='ltr' id='par_1_1' title="bbox 83 415 1351 492">
     <span class='ocr_line' id='line_1_1' title="bbox 83 415 1351 492; baseline -0.001 -8"><span class='ocrx_word' id='word_1_1' title='bbox 83 447 195 484; x_wconf 76' lang='lat' dir='ltr'>surram</span> <span class='ocrx_word' id='word_1_2' title='bbox 208 447 245 484; x_wconf 78' lang='lat' dir='ltr'>un</span> <span class='ocrx_word' id='word_1_3' title='bbox 257 445 405 482; x_wconf 77' lang='lat' dir='ltr'>aarucrrss</span> <span class='ocrx_word' id='word_1_4' title='bbox 416 445 543 482; x_wconf 67' lang='lat' dir='ltr'>suumve</span> <span class='ocrx_word' id='word_1_5' title='bbox 557 446 667 482; x_wconf 80' lang='lat' dir='ltr'>auuuvu</span> <span class='ocrx_word' id='word_1_6' title='bbox 677 445 776 482; x_wconf 85' lang='lat' dir='ltr'>ruacrs</span> <span class='ocrx_word' id='word_1_7' title='bbox 790 445 931 482; x_wconf 71' lang='lat' dir='ltr'>rursusne</span> <span class='ocrx_word' id='word_1_8' title='bbox 943 427 1258 492; x_wconf 78' lang='lat' dir='ltr'>sunournroura.(tatt·)</span> <span class='ocrx_word' id='word_1_9' title='bbox 1281 415 1351 486; x_wconf 75' lang='lat'>105</span> 
     </span>
    </p>
   </div>
   <div class='ocr_carea' id='block_1_2' title="bbox 47 599 1446 3736">
    <p class='ocr_par' dir='ltr' id='par_1_2' title="bbox 47 599 1446 3736">
     <span class='ocr_line' id='line_1_2' title="bbox 82 599 1354 682; baseline -0.002 -18"><span class='ocrx_word' id='word_1_10' title='bbox 82 603 210 682; x_wconf 76' lang='lat' dir='ltr'><strong>quamdiu</strong></span> <span class='ocrx_word' id='word_1_11' title='bbox 231 603 341 670; x_wconf 86' lang='lat' dir='ltr'>mansi,</span> <span class='ocrx_word' id='word_1_12' title='bbox 364 601 458 662; x_wconf 88' lang='lat' dir='ltr'>donec</span> <span class='ocrx_word' id='word_1_13' title='bbox 480 602 539 664; x_wconf 90' lang='lat' dir='ltr'>Leo</span> <span class='ocrx_word' id='word_1_14' title='bbox 561 599 596 662; x_wconf 86' lang='lat' dir='ltr'>X.</span> <span class='ocrx_word' id='word_1_15' title='bbox 619 617 720 662; x_wconf 88' lang='lat' dir='ltr'>rerum</span> <span class='ocrx_word' id='word_1_16' title='bbox 742 603 851 680; x_wconf 88' lang='lat' dir='ltr'>potitus</span> <span class='ocrx_word' id='word_1_17' title='bbox 870 601 945 662; x_wconf 92' lang='lat' dir='ltr'>mire</span> <span class='ocrx_word' id='word_1_18' title='bbox 960 599 1125 680; x_wconf 77' lang='lat' dir='ltr'>placentem</span> <span class='ocrx_word' id='word_1_19' title='bbox 1142 601 1236 662; x_wconf 85' lang='lat' dir='ltr'>erexit</span> <span class='ocrx_word' id='word_1_20' title='bbox 1250 601 1354 662; x_wconf 89' lang='lat' dir='ltr'>iuscri-</span> 
     </span>
     <span class='ocr_line' id='line_1_3' title="bbox 81 697 1422 784; baseline -0.001 -20"><span class='ocrx_word' id='word_1_21' title='bbox 81 706 218 784; x_wconf 86' lang='lat' dir='ltr'>ptionem,</span> <span class='ocrx_word' id='word_1_22' title='bbox 241 721 347 782; x_wconf 82' lang='lat' dir='ltr'>nempe</span> <span class='ocrx_word' id='word_1_23' title='bbox 369 721 464 765; x_wconf 78' lang='lat' dir='ltr'>neom</span> <span class='ocrx_word' id='word_1_24' title='bbox 485 723 605 766; x_wconf 78' lang='lat' dir='ltr'>onoruo</span> <span class='ocrx_word' id='word_1_25' title='bbox 627 721 865 766; x_wconf 79' lang='lat' dir='ltr'>nesrnvuarour</span> <span class='ocrx_word' id='word_1_26' title='bbox 887 722 993 764; x_wconf 75' lang='lat' dir='ltr'>aucus:</span> <span class='ocrx_word' id='word_1_27' title='bbox 1027 710 1097 764; x_wconf 90' lang='lat' dir='ltr'>tuuc</span> <span class='ocrx_word' id='word_1_28' title='bbox 1119 702 1227 764; x_wconf 80' lang='lat' dir='ltr'>etenim</span> <span class='ocrx_word' id='word_1_29' title='bbox 1248 697 1422 763; x_wconf 53' lang='lat' dir='ltr'>intelli-⁹²¹·</span> 
     </span>
     <span class='ocr_line' id='line_1_4' title="bbox 80 804 1355 890; baseline 0 -24"><span class='ocrx_word' id='word_1_30' title='bbox 80 824 143 884; x_wconf 89' lang='lat' dir='ltr'>gere</span> <span class='ocrx_word' id='word_1_31' title='bbox 165 807 241 884; x_wconf 77' lang='lat' dir='ltr'>coepi</span> <span class='ocrx_word' id='word_1_32' title='bbox 263 805 299 867; x_wconf 89' lang='lat' dir='ltr'>ad</span> <span class='ocrx_word' id='word_1_33' title='bbox 322 807 477 886; x_wconf 89' lang='lat' dir='ltr'>pristinum</span> <span class='ocrx_word' id='word_1_34' title='bbox 500 821 584 866; x_wconf 88' lang='lat' dir='ltr'>suum</span> <span class='ocrx_word' id='word_1_35' title='bbox 606 810 713 866; x_wconf 88' lang='lat' dir='ltr'>statum</span> <span class='ocrx_word' id='word_1_36' title='bbox 737 804 858 866; x_wconf 88' lang='lat' dir='ltr'>rediisse</span> <span class='ocrx_word' id='word_1_37' title='bbox 880 805 1057 890; x_wconf 84' lang='lat' dir='ltr'>pontificiam</span> <span class='ocrx_word' id='word_1_38' title='bbox 1080 804 1264 881; x_wconf 89' lang='lat' dir='ltr'>dignitatem:</span> <span class='ocrx_word' id='word_1_39' title='bbox 1287 822 1355 866; x_wconf 88' lang='lat' dir='ltr'>nam</span> 
     </span>
     <span class='ocr_line' id='line_1_5' title="bbox 82 887 1355 986; baseline -0.001 -18"><span class='ocrx_word' id='word_1_40' title='bbox 82 907 236 970; x_wconf 88' lang='lat' dir='ltr'>Urblneasc</span> <span class='ocrx_word' id='word_1_41' title='bbox 260 909 411 986; x_wconf 76' lang='lat' dir='ltr'>negotium</span> <span class='ocrx_word' id='word_1_42' title='bbox 432 925 490 968; x_wconf 88' lang='lat' dir='ltr'>nou</span> <span class='ocrx_word' id='word_1_43' title='bbox 514 905 642 976; x_wconf 90' lang='lat' dir='ltr'>bellum,</span> <span class='ocrx_word' id='word_1_44' title='bbox 671 903 732 968; x_wconf 91' lang='lat' dir='ltr'>sed&#39;</span> <span class='ocrx_word' id='word_1_45' title='bbox 754 887 900 985; x_wconf 81' lang='lat' dir='ltr'>quandam</span> <span class='ocrx_word' id='word_1_46' title='bbox 929 907 1013 985; x_wconf 83' lang='lat' dir='ltr'>quasi</span> <span class='ocrx_word' id='word_1_47' title='bbox 1039 903 1101 984; x_wconf 90' lang='lat' dir='ltr'>lupi</span> <span class='ocrx_word' id='word_1_48' title='bbox 1123 925 1141 966; x_wconf 91' lang='lat' dir='ltr'>a</span> <span class='ocrx_word' id='word_1_49' title='bbox 1162 905 1254 966; x_wconf 87' lang='lat' dir='ltr'>caulis</span> <span class='ocrx_word' id='word_1_50' title='bbox 1277 906 1355 968; x_wconf 86' lang='lat' dir='ltr'>deie-</span> 
     </span>
     <span class='ocr_line' id='line_1_6' title="bbox 64 1005 1355 1086; baseline 0.002 -18"><span class='ocrx_word' id='word_1_51' title='bbox 64 1010 200 1072; x_wconf 72' lang='lat' dir='ltr'>actionem</span> <span class='ocrx_word' id='word_1_52' title='bbox 223 1026 331 1070; x_wconf 83' lang='lat' dir='ltr'>uocare</span> <span class='ocrx_word' id='word_1_53' title='bbox 353 1008 499 1071; x_wconf 88' lang='lat' dir='ltr'>iubemur.</span> <span class='ocrx_word' id='word_1_54' title='bbox 544 1006 608 1078; x_wconf 87' lang='lat' dir='ltr'>Ouo</span> <span class='ocrx_word' id='word_1_55' title='bbox 630 1010 723 1084; x_wconf 90' lang='lat' dir='ltr'>magis</span> <span class='ocrx_word' id='word_1_56' title='bbox 745 1008 875 1070; x_wconf 90' lang='lat' dir='ltr'>admiror</span> <span class='ocrx_word' id='word_1_57' title='bbox 898 1005 947 1068; x_wconf 92' lang='lat' dir='ltr'>illo</span> <span class='ocrx_word' id='word_1_58' title='bbox 969 1008 1033 1086; x_wconf 89' lang='lat' dir='ltr'>ipso</span> <span class='ocrx_word' id='word_1_59' title='bbox 1055 1014 1253 1070; x_wconf 76' lang='lat' dir='ltr'>restauratore</span> <span class='ocrx_word' id='word_1_60' title='bbox 1275 1010 1355 1086; x_wconf 81' lang='lat' dir='ltr'>pacis</span> 
     </span>
     <span class='ocr_line' id='line_1_7' title="bbox 79 1109 1354 1192; baseline 0 -20"><span class='ocrx_word' id='word_1_61' title='bbox 79 1111 247 1192; x_wconf 77' lang='lat' dir='ltr'>presidente</span> <span class='ocrx_word' id='word_1_62' title='bbox 268 1110 538 1174; x_wconf 85' lang='lat' dir='ltr'>lleuerendissimos</span> <span class='ocrx_word' id='word_1_63' title='bbox 560 1128 617 1171; x_wconf 92' lang='lat' dir='ltr'>nou</span> <span class='ocrx_word' id='word_1_64' title='bbox 640 1111 709 1170; x_wconf 89' lang='lat' dir='ltr'>satis</span> <span class='ocrx_word' id='word_1_65' title='bbox 730 1116 835 1188; x_wconf 90' lang='lat' dir='ltr'>putare</span> <span class='ocrx_word' id='word_1_66' title='bbox 857 1111 882 1170; x_wconf 94' lang='lat' dir='ltr'>si</span> <span class='ocrx_word' id='word_1_67' title='bbox 896 1109 1057 1170; x_wconf 86' lang='lat' dir='ltr'>decernant</span> <span class='ocrx_word' id='word_1_68' title='bbox 1071 1109 1303 1172; x_wconf 82' lang='lat' dir='ltr'>exhortationem</span> <span class='ocrx_word' id='word_1_69' title='bbox 1318 1111 1354 1172; x_wconf 88' lang='lat' dir='ltr'>ad</span> 
     </span>
     <span class='ocr_line' id='line_1_8' title="bbox 79 1211 1354 1292; baseline 0.002 -20"><span class='ocrx_word' id='word_1_70' title='bbox 79 1231 141 1282; x_wconf 89' lang='lat' dir='ltr'>uos,</span> <span class='ocrx_word' id='word_1_71' title='bbox 164 1211 331 1274; x_wconf 81' lang='lat' dir='ltr'>othelium</span> <span class='ocrx_word' id='word_1_72' title='bbox 352 1213 556 1292; x_wconf 89' lang='lat' dir='ltr'>suscipiamus,</span> <span class='ocrx_word' id='word_1_73' title='bbox 579 1213 710 1281; x_wconf 90' lang='lat' dir='ltr'>mittere,</span> <span class='ocrx_word' id='word_1_74' title='bbox 734 1212 790 1272; x_wconf 91' lang='lat' dir='ltr'>nisi</span> <span class='ocrx_word' id='word_1_75' title='bbox 811 1217 841 1271; x_wconf 87' lang='lat' dir='ltr'>et</span> <span class='ocrx_word' id='word_1_76' title='bbox 855 1211 1002 1288; x_wconf 91' lang='lat' dir='ltr'>quomodo</span> <span class='ocrx_word' id='word_1_77' title='bbox 1022 1211 1238 1292; x_wconf 87' lang='lat' dir='ltr'>suscipiendum</span> <span class='ocrx_word' id='word_1_78' title='bbox 1254 1231 1289 1274; x_wconf 91' lang='lat' dir='ltr'>ao</span> <span class='ocrx_word' id='word_1_79' title='bbox 1304 1229 1354 1291; x_wconf 90' lang='lat' dir='ltr'>ge·</span> 
     </span>
     <span class='ocr_line' id='line_1_9' title="bbox 79 1310 1423 1394; baseline 0.001 -20"><span class='ocrx_word' id='word_1_80' title='bbox 79 1317 214 1386; x_wconf 88' lang='lat' dir='ltr'>rendum,</span> <span class='ocrx_word' id='word_1_81' title='bbox 244 1315 384 1376; x_wconf 87' lang='lat' dir='ltr'>nimirum</span> <span class='ocrx_word' id='word_1_82' title='bbox 411 1313 489 1376; x_wconf 91' lang='lat' dir='ltr'>bello</span> <span class='ocrx_word' id='word_1_83' title='bbox 516 1314 629 1376; x_wconf 90' lang='lat' dir='ltr'>adsueti</span> <span class='ocrx_word' id='word_1_84' title='bbox 652 1313 802 1382; x_wconf 89' lang='lat' dir='ltr'>homines,</span> <span class='ocrx_word' id='word_1_85' title='bbox 833 1313 985 1376; x_wconf 87' lang='lat' dir='ltr'>edoceant.</span> <span class='ocrx_word' id='word_1_86' title='bbox 1023 1312 1109 1392; x_wconf 83' lang='lat' dir='ltr'>htqui</span> <span class='ocrx_word' id='word_1_87' title='bbox 1131 1319 1165 1374; x_wconf 90' lang='lat' dir='ltr'>ut</span> <span class='ocrx_word' id='word_1_88' title='bbox 1186 1313 1256 1374; x_wconf 89' lang='lat' dir='ltr'>nibil</span> <span class='ocrx_word' id='word_1_89' title='bbox 1279 1310 1423 1394; x_wconf 60' lang='lat' dir='ltr'>ophel-⁸²²·</span> 
     </span>
     <span class='ocr_line' id='line_1_10' title="bbox 79 1413 1356 1494; baseline 0.003 -18"><span class='ocrx_word' id='word_1_90' title='bbox 79 1425 135 1476; x_wconf 86' lang='lat' dir='ltr'>crat</span> <span class='ocrx_word' id='word_1_91' title='bbox 156 1418 232 1486; x_wconf 87' lang='lat' dir='ltr'>istis,</span> <span class='ocrx_word' id='word_1_92' title='bbox 262 1419 301 1478; x_wconf 83' lang='lat' dir='ltr'>ita</span> <span class='ocrx_word' id='word_1_93' title='bbox 323 1415 404 1478; x_wconf 89' lang='lat' dir='ltr'>ualde</span> <span class='ocrx_word' id='word_1_94' title='bbox 427 1414 618 1480; x_wconf 87' lang='lat' dir='ltr'>conveniebat</span> <span class='ocrx_word' id='word_1_95' title='bbox 639 1416 794 1494; x_wconf 88' lang='lat' dir='ltr'>pecuniam</span> <span class='ocrx_word' id='word_1_96' title='bbox 822 1413 908 1476; x_wconf 84' lang='lat' dir='ltr'>nobis</span> <span class='ocrx_word' id='word_1_97' title='bbox 937 1415 1140 1494; x_wconf 83' lang='lat' dir='ltr'>suppeditare,</span> <span class='ocrx_word' id='word_1_98' title='bbox 1169 1415 1272 1484; x_wconf 80' lang='lat' dir='ltr'>rebus,</span> <span class='ocrx_word' id='word_1_99' title='bbox 1291 1415 1356 1480; x_wconf 88' lang='lat' dir='ltr'>aliis</span> 
     </span>
     <span class='ocr_line' id='line_1_11' title="bbox 54 1513 1357 1598; baseline 0.004 -22"><span class='ocrx_word' id='word_1_100' title='bbox 54 1517 142 1578; x_wconf 74' lang='lat' dir='ltr'>rotate</span> <span class='ocrx_word' id='word_1_101' title='bbox 163 1520 249 1598; x_wconf 89' lang='lat' dir='ltr'>operi</span> <span class='ocrx_word' id='word_1_102' title='bbox 272 1519 445 1580; x_wconf 79' lang='lat' dir='ltr'>necessariis</span> <span class='ocrx_word' id='word_1_103' title='bbox 467 1517 583 1582; x_wconf 87' lang='lat' dir='ltr'>abunde</span> <span class='ocrx_word' id='word_1_104' title='bbox 607 1518 772 1580; x_wconf 80' lang='lat' dir='ltr'>instructis:</span> <span class='ocrx_word' id='word_1_105' title='bbox 798 1535 869 1578; x_wconf 90' lang='lat' dir='ltr'>nam</span> <span class='ocrx_word' id='word_1_106' title='bbox 898 1522 927 1578; x_wconf 90' lang='lat' dir='ltr'>et</span> <span class='ocrx_word' id='word_1_107' title='bbox 956 1516 1061 1580; x_wconf 83' lang='lat' dir='ltr'>milites</span> <span class='ocrx_word' id='word_1_108' title='bbox 1083 1513 1152 1578; x_wconf 84' lang='lat' dir='ltr'>su&#39;nt</span> <span class='ocrx_word' id='word_1_109' title='bbox 1174 1524 1203 1580; x_wconf 91' lang='lat' dir='ltr'>et</span> <span class='ocrx_word' id='word_1_110' title='bbox 1224 1535 1306 1580; x_wconf 92' lang='lat' dir='ltr'>arma</span> <span class='ocrx_word' id='word_1_111' title='bbox 1328 1526 1357 1582; x_wconf 88' lang='lat' dir='ltr'>ct</span> 
     </span>
     <span class='ocr_line' id='line_1_12' title="bbox 79 1599 1446 1700; baseline 0.001 -20"><span class='ocrx_word' id='word_1_112' title='bbox 79 1621 155 1698; x_wconf 87' lang='lat' dir='ltr'>equi,</span> <span class='ocrx_word' id='word_1_113' title='bbox 184 1627 329 1698; x_wconf 70' lang='lat' dir='ltr'>preterea</span> <span class='ocrx_word' id='word_1_114' title='bbox 351 1621 441 1682; x_wconf 88' lang='lat' dir='ltr'>duces</span> <span class='ocrx_word' id='word_1_115' title='bbox 463 1626 605 1700; x_wconf 84' lang='lat' dir='ltr'>quantum</span> <span class='ocrx_word' id='word_1_116' title='bbox 627 1621 656 1680; x_wconf 92' lang='lat' dir='ltr'>iu</span> <span class='ocrx_word' id='word_1_117' title='bbox 686 1618 764 1680; x_wconf 90' lang='lat' dir='ltr'>nulla</span> <span class='ocrx_word' id='word_1_118' title='bbox 792 1617 847 1679; x_wconf 89' lang='lat' dir='ltr'>alia</span> <span class='ocrx_word' id='word_1_119' title='bbox 875 1620 1003 1680; x_wconf 87' lang='lat' dir='ltr'>natione.</span> <span class='ocrx_word' id='word_1_120' title='bbox 1048 1625 1135 1698; x_wconf 87' lang='lat' dir='ltr'>atque</span> <span class='ocrx_word' id='word_1_121' title='bbox 1164 1620 1275 1680; x_wconf 86' lang='lat' dir='ltr'>utinam</span> <span class='ocrx_word' id='word_1_122' title='bbox 1304 1619 1356 1682; x_wconf 89' lang='lat' dir='ltr'>ali·</span> <span class='ocrx_word' id='word_1_123' title='bbox 1443 1599 1446 1614; x_wconf 54' lang='lat'>⁸</span> 
     </span>
     <span class='ocr_line' id='line_1_13' title="bbox 78 1719 1356 1802; baseline 0.003 -22"><span class='ocrx_word' id='word_1_124' title='bbox 78 1721 187 1798; x_wconf 71' lang='lat' dir='ltr'>maudo</span> <span class='ocrx_word' id='word_1_125' title='bbox 210 1741 274 1782; x_wconf 88' lang='lat' dir='ltr'>reru</span> <span class='ocrx_word' id='word_1_126' title='bbox 296 1723 423 1792; x_wconf 88' lang='lat' dir='ltr'>intueri,</span> <span class='ocrx_word' id='word_1_127' title='bbox 451 1739 485 1782; x_wconf 89' lang='lat' dir='ltr'>ac</span> <span class='ocrx_word' id='word_1_128' title='bbox 508 1739 568 1783; x_wconf 89' lang='lat' dir='ltr'>uon</span> <span class='ocrx_word' id='word_1_129' title='bbox 591 1723 652 1784; x_wconf 89' lang='lat' dir='ltr'>suis</span> <span class='ocrx_word' id='word_1_130' title='bbox 674 1722 793 1802; x_wconf 87' lang='lat' dir='ltr'>quidem</span> <span class='ocrx_word' id='word_1_131' title='bbox 815 1739 847 1782; x_wconf 90' lang='lat' dir='ltr'>se</span> <span class='ocrx_word' id='word_1_132' title='bbox 873 1721 1011 1785; x_wconf 80' lang='lat' dir='ltr'>fraudare</span> <span class='ocrx_word' id='word_1_133' title='bbox 1040 1719 1236 1800; x_wconf 88' lang='lat' dir='ltr'>uoluptatibus</span> <span class='ocrx_word' id='word_1_134' title='bbox 1264 1720 1356 1800; x_wconf 69' lang='lat' dir='ltr'>(odas</span> 
     </span>
     <span class='ocr_line' id='line_1_14' title="bbox 78 1817 1424 1904; baseline 0.004 -24"><span class='ocrx_word' id='word_1_135' title='bbox 78 1829 115 1880; x_wconf 88' lang='lat' dir='ltr'>est</span> <span class='ocrx_word' id='word_1_136' title='bbox 135 1823 214 1885; x_wconf 81' lang='lat' dir='ltr'>euius</span> <span class='ocrx_word' id='word_1_137' title='bbox 237 1839 405 1901; x_wconf 88' lang='lat' dir='ltr'>quenquam</span> <span class='ocrx_word' id='word_1_138' title='bbox 427 1822 749 1886; x_wconf 85' lang='lat' dir='ltr'>Reverendissiruorum</span> <span class='ocrx_word' id='word_1_139' title='bbox 772 1822 817 1884; x_wconf 85' lang='lat' dir='ltr'>uel</span> <span class='ocrx_word' id='word_1_140' title='bbox 839 1821 983 1886; x_wconf 87' lang='lat' dir='ltr'>tauthlum</span> <span class='ocrx_word' id='word_1_141' title='bbox 1007 1825 1104 1904; x_wconf 89' lang='lat' dir='ltr'>egere)</span> <span class='ocrx_word' id='word_1_142' title='bbox 1127 1841 1229 1884; x_wconf 90' lang='lat' dir='ltr'>verum</span> <span class='ocrx_word' id='word_1_143' title='bbox 1252 1817 1424 1900; x_wconf 53' lang='lat' dir='ltr'>corumbli-</span> 
     </span>
     <span class='ocr_line' id='line_1_15' title="bbox 76 1921 1356 2004; baseline 0.003 -22"><span class='ocrx_word' id='word_1_144' title='bbox 76 1921 178 2001; x_wconf 87' lang='lat' dir='ltr'>aliquid</span> <span class='ocrx_word' id='word_1_145' title='bbox 201 1924 238 1985; x_wconf 90' lang='lat' dir='ltr'>ad</span> <span class='ocrx_word' id='word_1_146' title='bbox 262 1925 318 1986; x_wconf 90' lang='lat' dir='ltr'>boc</span> <span class='ocrx_word' id='word_1_147' title='bbox 340 1923 451 1986; x_wconf 83' lang='lat' dir='ltr'>belluam</span> <span class='ocrx_word' id='word_1_148' title='bbox 473 1926 610 1988; x_wconf 84' lang='lat' dir='ltr'>conterre</span> <span class='ocrx_word' id='word_1_149' title='bbox 632 1943 697 2004; x_wconf 82' lang='lat' dir='ltr'>quac</span> <span class='ocrx_word' id='word_1_150' title='bbox 720 1926 749 1984; x_wconf 93' lang='lat' dir='ltr'>io</span> <span class='ocrx_word' id='word_1_151' title='bbox 771 1931 814 1988; x_wconf 92' lang='lat' dir='ltr'>tot</span> <span class='ocrx_word' id='word_1_152' title='bbox 827 1926 910 1986; x_wconf 88' lang='lat' dir='ltr'>-istos</span> <span class='ocrx_word' id='word_1_153' title='bbox 938 1931 1098 2002; x_wconf 89' lang='lat' dir='ltr'>erogantur</span> <span class='ocrx_word' id='word_1_154' title='bbox 1119 1923 1356 1997; x_wconf 88' lang='lat' dir='ltr'>llelereudarios,</span> 
     </span>
     <span class='ocr_line' id='line_1_16' title="bbox 52 2025 1357 2107; baseline 0.006 -27"><span class='ocrx_word' id='word_1_155' title='bbox 52 2025 277 2098; x_wconf 79' lang='lat' dir='ltr'>rsl‘romotores,</span> <span class='ocrx_word' id='word_1_156' title='bbox 305 2025 485 2096; x_wconf 76' lang='lat' dir='ltr'>Advocatos,</span> <span class='ocrx_word' id='word_1_157' title='bbox 513 2027 711 2098; x_wconf 75' lang='lat' dir='ltr'>camerarios,</span> <span class='ocrx_word' id='word_1_158' title='bbox 741 2028 908 2107; x_wconf 85' lang='lat' dir='ltr'>Scriptores</span> <span class='ocrx_word' id='word_1_159' title='bbox 929 2025 1122 2104; x_wconf 86' lang='lat' dir='ltr'>apostolicos,</span> <span class='ocrx_word' id='word_1_160' title='bbox 1150 2026 1306 2090; x_wconf 81' lang='lat' dir='ltr'>Auditorcs</span> <span class='ocrx_word' id='word_1_161' title='bbox 1328 2031 1357 2089; x_wconf 88' lang='lat' dir='ltr'>ct</span> 
     </span>
     <span class='ocr_line' id='line_1_17' title="bbox 75 2127 1355 2206; baseline 0.003 -20"><span class='ocrx_word' id='word_1_162' title='bbox 75 2127 225 2188; x_wconf 75' lang='lat' dir='ltr'>Auditores</span> <span class='ocrx_word' id='word_1_163' title='bbox 257 2136 345 2198; x_wconf 82' lang='lat' dir='ltr'>rota.</span> <span class='ocrx_word' id='word_1_164' title='bbox 374 2130 579 2200; x_wconf 75' lang='lat' dir='ltr'>correctores,</span> <span class='ocrx_word' id='word_1_165' title='bbox 608 2127 834 2190; x_wconf 79' lang='lat' dir='ltr'>Ablueuiatoros</span> <span class='ocrx_word' id='word_1_166' title='bbox 862 2128 898 2190; x_wconf 92' lang='lat' dir='ltr'>de</span> <span class='ocrx_word' id='word_1_167' title='bbox 928 2145 1016 2206; x_wconf 92' lang='lat' dir='ltr'>parca</span> <span class='ocrx_word' id='word_1_168' title='bbox 1047 2129 1152 2188; x_wconf 88' lang='lat' dir='ltr'>maiori</span> <span class='ocrx_word' id='word_1_169' title='bbox 1181 2135 1210 2190; x_wconf 90' lang='lat' dir='ltr'>et</span> <span class='ocrx_word' id='word_1_170' title='bbox 1236 2130 1355 2199; x_wconf 89' lang='lat' dir='ltr'>minori,</span> 
     </span>
     <span class='ocr_line' id='line_1_18' title="bbox 76 2217 1354 2301; baseline 0.003 -13"><span class='ocrx_word' id='word_1_171' title='bbox 76 2227 289 2300; x_wconf 80' lang='lat' dir='ltr'>Cubicularios,</span> <span class='ocrx_word' id='word_1_172' title='bbox 317 2229 524 2301; x_wconf 74' lang='lat' dir='ltr'>Excubitores,</span> <span class='ocrx_word' id='word_1_173' title='bbox 554 2231 746 2300; x_wconf 86' lang='lat' dir='ltr'>Lecticarios,</span> <span class='ocrx_word' id='word_1_174' title='bbox 776 2227 911 2300; x_wconf 89' lang='lat' dir='ltr'>Scribas,</span> <span class='ocrx_word' id='word_1_175' title='bbox 939 2229 1091 2298; x_wconf 84' lang='lat' dir='ltr'>Notarius,</span> <span class='ocrx_word' id='word_1_176' title='bbox 1121 2217 1354 2300; x_wconf 87' lang='lat' dir='ltr'>Protouotarios‚</span> 
     </span>
     <span class='ocr_line' id='line_1_19' title="bbox 76 2329 1355 2412; baseline 0.002 -22"><span class='ocrx_word' id='word_1_177' title='bbox 76 2329 269 2401; x_wconf 80' lang='lat' dir='ltr'>Secretarios,</span> <span class='ocrx_word' id='word_1_178' title='bbox 293 2331 439 2412; x_wconf 85' lang='lat' dir='ltr'>Copistas,</span> <span class='ocrx_word' id='word_1_179' title='bbox 462 2333 690 2401; x_wconf 65' lang='lat' dir='ltr'>Procuratorem</span> <span class='ocrx_word' id='word_1_180' title='bbox 722 2330 870 2402; x_wconf 81' lang='lat' dir='ltr'>l&#39;edehos,</span> <span class='ocrx_word' id='word_1_181' title='bbox 902 2330 1060 2401; x_wconf 86' lang='lat' dir='ltr'>Cursores,</span> <span class='ocrx_word' id='word_1_182' title='bbox 1083 2331 1277 2402; x_wconf 87' lang='lat' dir='ltr'>Scobatores,</span> <span class='ocrx_word' id='word_1_183' title='bbox 1301 2332 1355 2393; x_wconf 85' lang='lat' dir='ltr'>Go-</span> 
     </span>
     <span class='ocr_line' id='line_1_20' title="bbox 76 2432 1355 2510; baseline 0.006 -21"><span class='ocrx_word' id='word_1_184' title='bbox 76 2449 134 2501; x_wconf 89' lang='lat' dir='ltr'>cos,</span> <span class='ocrx_word' id='word_1_185' title='bbox 156 2433 325 2494; x_wconf 83' lang='lat' dir='ltr'>Piscatores</span> <span class='ocrx_word' id='word_1_186' title='bbox 347 2451 382 2496; x_wconf 85' lang='lat' dir='ltr'>ac</span> <span class='ocrx_word' id='word_1_187' title='bbox 404 2435 578 2504; x_wconf 81' lang='lat' dir='ltr'>venatores,</span> <span class='ocrx_word' id='word_1_188' title='bbox 607 2433 749 2496; x_wconf 88' lang='lat' dir='ltr'>hluhoues</span> <span class='ocrx_word' id='word_1_189' title='bbox 777 2451 811 2494; x_wconf 94' lang='lat' dir='ltr'>ac</span> <span class='ocrx_word' id='word_1_190' title='bbox 838 2432 1017 2510; x_wconf 86' lang='lat' dir='ltr'>Equisoues,</span> <span class='ocrx_word' id='word_1_191' title='bbox 1049 2438 1081 2494; x_wconf 89' lang='lat' dir='ltr'>et</span> <span class='ocrx_word' id='word_1_192' title='bbox 1105 2432 1171 2494; x_wconf 92' lang='lat' dir='ltr'>ihos</span> <span class='ocrx_word' id='word_1_193' title='bbox 1199 2434 1355 2497; x_wconf 83' lang='lat' dir='ltr'>advirum</span> 
     </span>
     <span class='ocr_line' id='line_1_21' title="bbox 48 2519 1354 2616; baseline 0.005 -24"><span class='ocrx_word' id='word_1_194' title='bbox 48 2519 161 2611; x_wconf 82' lang='lat' dir='ltr'>uosque</span> <span class='ocrx_word' id='word_1_195' title='bbox 183 2533 381 2612; x_wconf 87' lang='lat' dir='ltr'>deglubentes</span> <span class='ocrx_word' id='word_1_196' title='bbox 402 2533 596 2616; x_wconf 88' lang='lat' dir='ltr'>apostolicum</span> <span class='ocrx_word' id='word_1_197' title='bbox 618 2547 740 2614; x_wconf 81' lang='lat' dir='ltr'>gregem</span> <span class='ocrx_word' id='word_1_198' title='bbox 762 2533 925 2604; x_wconf 86' lang='lat' dir='ltr'>Officiales,</span> <span class='ocrx_word' id='word_1_199' title='bbox 954 2552 991 2596; x_wconf 90' lang='lat' dir='ltr'>ne</span> <span class='ocrx_word' id='word_1_200' title='bbox 1021 2553 1073 2596; x_wconf 89' lang='lat' dir='ltr'>eos</span> <span class='ocrx_word' id='word_1_201' title='bbox 1101 2535 1218 2596; x_wconf 88' lang='lat' dir='ltr'>interim</span> <span class='ocrx_word' id='word_1_202' title='bbox 1240 2535 1354 2606; x_wconf 77' lang='lat' dir='ltr'>adalam,</span> 
     </span>
     <span class='ocr_line' id='line_1_22' title="bbox 74 2635 1424 2716; baseline 0.005 -22"><span class='ocrx_word' id='word_1_203' title='bbox 74 2652 194 2712; x_wconf 90' lang='lat' dir='ltr'>quorum</span> <span class='ocrx_word' id='word_1_204' title='bbox 217 2635 329 2715; x_wconf 84' lang='lat' dir='ltr'>ubique</span> <span class='ocrx_word' id='word_1_205' title='bbox 351 2644 548 2716; x_wconf 74' lang='lat' dir='ltr'>preterquam</span> <span class='ocrx_word' id='word_1_206' title='bbox 570 2639 601 2698; x_wconf 89' lang='lat' dir='ltr'>in</span> <span class='ocrx_word' id='word_1_207' title='bbox 623 2637 675 2698; x_wconf 93' lang='lat' dir='ltr'>illa</span> <span class='ocrx_word' id='word_1_208' title='bbox 697 2644 796 2698; x_wconf 88' lang='lat' dir='ltr'>sancta</span> <span class='ocrx_word' id='word_1_209' title='bbox 818 2637 900 2698; x_wconf 89' lang='lat' dir='ltr'>curia</span> <span class='ocrx_word' id='word_1_210' title='bbox 917 2637 1010 2716; x_wconf 92' lang='lat' dir='ltr'>turpis</span> <span class='ocrx_word' id='word_1_211' title='bbox 1025 2638 1136 2698; x_wconf 88' lang='lat' dir='ltr'>mentio</span> <span class='ocrx_word' id='word_1_212' title='bbox 1151 2645 1204 2700; x_wconf 89' lang='lat' dir='ltr'>est.</span> <span class='ocrx_word' id='word_1_213' title='bbox 1241 2637 1424 2709; x_wconf 71' lang='lat' dir='ltr'>eorum,l·²¹·</span> 
     </span>
     <span class='ocr_line' id='line_1_23' title="bbox 73 2735 1356 2820; baseline 0.004 -25"><span class='ocrx_word' id='word_1_214' title='bbox 73 2737 204 2814; x_wconf 85' lang='lat' dir='ltr'>iuquam,</span> <span class='ocrx_word' id='word_1_215' title='bbox 228 2735 339 2816; x_wconf 91' lang='lat' dir='ltr'>aliquid</span> <span class='ocrx_word' id='word_1_216' title='bbox 361 2738 422 2800; x_wconf 88' lang='lat' dir='ltr'>buo</span> <span class='ocrx_word' id='word_1_217' title='bbox 441 2741 606 2810; x_wconf 89' lang='lat' dir='ltr'>remittant,</span> <span class='ocrx_word' id='word_1_218' title='bbox 630 2739 866 2818; x_wconf 91' lang='lat' dir='ltr'>quandoquidem</span> <span class='ocrx_word' id='word_1_219' title='bbox 889 2756 985 2800; x_wconf 89' lang='lat' dir='ltr'>annos</span> <span class='ocrx_word' id='word_1_220' title='bbox 1006 2739 1065 2800; x_wconf 88' lang='lat' dir='ltr'>iem</span> <span class='ocrx_word' id='word_1_221' title='bbox 1080 2739 1168 2800; x_wconf 90' lang='lat' dir='ltr'>nimis</span> <span class='ocrx_word' id='word_1_222' title='bbox 1183 2739 1290 2802; x_wconf 91' lang='lat' dir='ltr'>multos</span> <span class='ocrx_word' id='word_1_223' title='bbox 1305 2759 1356 2820; x_wconf 88' lang='lat' dir='ltr'>pe·</span> 
     </span>
     <span class='ocr_line' id='line_1_24' title="bbox 75 2839 1355 2922; baseline 0.005 -26"><span class='ocrx_word' id='word_1_224' title='bbox 75 2839 169 2900; x_wconf 87' lang='lat' dir='ltr'>ennias</span> <span class='ocrx_word' id='word_1_225' title='bbox 191 2858 208 2899; x_wconf 92' lang='lat' dir='ltr'>a</span> <span class='ocrx_word' id='word_1_226' title='bbox 231 2839 388 2902; x_wconf 87' lang='lat' dir='ltr'>Germanis</span> <span class='ocrx_word' id='word_1_227' title='bbox 409 2857 483 2918; x_wconf 84' lang='lat' dir='ltr'>quas</span> <span class='ocrx_word' id='word_1_228' title='bbox 513 2843 543 2905; x_wconf 93' lang='lat' dir='ltr'>iu</span> <span class='ocrx_word' id='word_1_229' title='bbox 571 2840 681 2902; x_wconf 90' lang='lat' dir='ltr'>bellom</span> <span class='ocrx_word' id='word_1_230' title='bbox 704 2841 862 2902; x_wconf 80' lang='lat' dir='ltr'>Asiaticum</span> <span class='ocrx_word' id='word_1_231' title='bbox 891 2843 1039 2902; x_wconf 88' lang='lat' dir='ltr'>insumant</span> <span class='ocrx_word' id='word_1_232' title='bbox 1067 2839 1267 2912; x_wconf 85' lang='lat' dir='ltr'>abstulerunt,</span> <span class='ocrx_word' id='word_1_233' title='bbox 1297 2861 1355 2922; x_wconf 88' lang='lat' dir='ltr'>quo</span> 
     </span>
     <span class='ocr_line' id='line_1_25' title="bbox 75 2941 1355 3021; baseline 0.006 -23"><span class='ocrx_word' id='word_1_234' title='bbox 75 2941 180 3002; x_wconf 76' lang='lat' dir='ltr'>latitius</span> <span class='ocrx_word' id='word_1_235' title='bbox 202 2949 248 3002; x_wconf 92' lang='lat' dir='ltr'>tot</span> <span class='ocrx_word' id='word_1_236' title='bbox 269 2942 366 3004; x_wconf 88' lang='lat' dir='ltr'>modis</span> <span class='ocrx_word' id='word_1_237' title='bbox 388 2945 530 3004; x_wconf 89' lang='lat' dir='ltr'>attenuati</span> <span class='ocrx_word' id='word_1_238' title='bbox 552 2950 685 3021; x_wconf 88' lang='lat' dir='ltr'>sumptus</span> <span class='ocrx_word' id='word_1_239' title='bbox 707 2941 777 3004; x_wconf 92' lang='lat' dir='ltr'>belli</span> <span class='ocrx_word' id='word_1_240' title='bbox 798 2942 886 3004; x_wconf 89' lang='lat' dir='ltr'>huius</span> <span class='ocrx_word' id='word_1_241' title='bbox 907 2945 1051 3012; x_wconf 85' lang='lat' dir='ltr'>teramus;</span> <span class='ocrx_word' id='word_1_242' title='bbox 1075 2950 1124 3003; x_wconf 91' lang='lat' dir='ltr'>aut</span> <span class='ocrx_word' id='word_1_243' title='bbox 1145 2941 1247 3006; x_wconf 91' lang='lat' dir='ltr'>saltem</span> <span class='ocrx_word' id='word_1_244' title='bbox 1270 2942 1355 3006; x_wconf 89' lang='lat' dir='ltr'>nobis</span> 
     </span>
     <span class='ocr_line' id='line_1_26' title="bbox 47 3041 1397 3124; baseline 0.004 -22"><span class='ocrx_word' id='word_1_245' title='bbox 47 3041 114 3102; x_wconf 77' lang='lat' dir='ltr'>aad</span> <span class='ocrx_word' id='word_1_246' title='bbox 136 3043 172 3104; x_wconf 89' lang='lat' dir='ltr'>ad</span> <span class='ocrx_word' id='word_1_247' title='bbox 196 3049 315 3121; x_wconf 86' lang='lat' dir='ltr'>tempus</span> <span class='ocrx_word' id='word_1_248' title='bbox 336 3046 486 3106; x_wconf 86' lang='lat' dir='ltr'>remittant</span> <span class='ocrx_word' id='word_1_249' title='bbox 508 3062 573 3124; x_wconf 83' lang='lat' dir='ltr'>quaa</span> <span class='ocrx_word' id='word_1_250' title='bbox 595 3061 651 3123; x_wconf 91' lang='lat' dir='ltr'>pro</span> <span class='ocrx_word' id='word_1_251' title='bbox 673 3042 769 3122; x_wconf 90' lang='lat' dir='ltr'>palliis</span> <span class='ocrx_word' id='word_1_252' title='bbox 791 3043 1022 3124; x_wconf 87' lang='lat' dir='ltr'>episcopalibus,</span> <span class='ocrx_word' id='word_1_253' title='bbox 1044 3045 1075 3104; x_wconf 91' lang='lat' dir='ltr'>iu</span> <span class='ocrx_word' id='word_1_254' title='bbox 1098 3044 1160 3106; x_wconf 91' lang='lat' dir='ltr'>dies</span> <span class='ocrx_word' id='word_1_255' title='bbox 1182 3053 1309 3124; x_wconf 83' lang='lat' dir='ltr'>augente</span> <span class='ocrx_word' id='word_1_256' title='bbox 1323 3067 1356 3108; x_wconf 92' lang='lat' dir='ltr'>se</span> <span class='ocrx_word' id='word_1_257' title='bbox 1396 3061 1397 3069; x_wconf 55' lang='lat'>¹</span> 
     </span>
     <span class='ocr_line' id='line_1_27' title="bbox 74 3141 1356 3233; baseline 0.002 -30"><span class='ocrx_word' id='word_1_258' title='bbox 74 3146 162 3220; x_wconf 88' lang='lat' dir='ltr'>pretio</span> <span class='ocrx_word' id='word_1_259' title='bbox 184 3141 217 3205; x_wconf 97' lang='lat' dir='ltr'>in</span> <span class='ocrx_word' id='word_1_260' title='bbox 240 3150 355 3206; x_wconf 69' lang='lat' dir='ltr'>mutum</span> <span class='ocrx_word' id='word_1_261' title='bbox 377 3153 411 3208; x_wconf 91' lang='lat' dir='ltr'>ut</span> <span class='ocrx_word' id='word_1_262' title='bbox 432 3149 490 3208; x_wconf 89' lang='lat' dir='ltr'>iam</span> <span class='ocrx_word' id='word_1_263' title='bbox 513 3163 613 3208; x_wconf 89' lang='lat' dir='ltr'>emere</span> <span class='ocrx_word' id='word_1_264' title='bbox 634 3145 748 3224; x_wconf 88' lang='lat' dir='ltr'>aliquos</span> <span class='ocrx_word' id='word_1_265' title='bbox 770 3147 883 3225; x_wconf 90' lang='lat' dir='ltr'>pigeat,</span> <span class='ocrx_word' id='word_1_266' title='bbox 906 3145 1063 3216; x_wconf 87' lang='lat' dir='ltr'>solvimus,</span> <span class='ocrx_word' id='word_1_267' title='bbox 1086 3153 1136 3208; x_wconf 90' lang='lat' dir='ltr'>aut</span> <span class='ocrx_word' id='word_1_268' title='bbox 1154 3165 1224 3233; x_wconf 67' lang='lat' dir='ltr'>¹quae</span> <span class='ocrx_word' id='word_1_269' title='bbox 1246 3148 1275 3208; x_wconf 93' lang='lat' dir='ltr'>in</span> <span class='ocrx_word' id='word_1_270' title='bbox 1290 3146 1356 3208; x_wconf 85' lang='lat' dir='ltr'>lites</span> 
     </span>
     <span class='ocr_line' id='line_1_28' title="bbox 73 3237 1355 3328; baseline 0.004 -25"><span class='ocrx_word' id='word_1_271' title='bbox 73 3245 131 3305; x_wconf 86' lang='lat' dir='ltr'>istic</span> <span class='ocrx_word' id='word_1_272' title='bbox 152 3245 222 3325; x_wconf 92' lang='lat' dir='ltr'>plus</span> <span class='ocrx_word' id='word_1_273' title='bbox 244 3245 346 3326; x_wconf 73' lang='lat' dir='ltr'>qure</span> <span class='ocrx_word' id='word_1_274' title='bbox 368 3237 513 3327; x_wconf 79' lang='lat' dir='ltr'>capitibus</span> <span class='ocrx_word' id='word_1_275' title='bbox 535 3256 741 3310; x_wconf 80' lang='lat' dir='ltr'>excrescentes</span> <span class='ocrx_word' id='word_1_276' title='bbox 762 3247 989 3328; x_wconf 62' lang='lat' dir='ltr'>impendentem</span> <span class='ocrx_word' id='word_1_277' title='bbox 1012 3255 1062 3310; x_wconf 92' lang='lat' dir='ltr'>aut</span> <span class='ocrx_word' id='word_1_278' title='bbox 1077 3266 1145 3309; x_wconf 83' lang='lat' dir='ltr'>uero</span> <span class='ocrx_word' id='word_1_279' title='bbox 1162 3247 1268 3328; x_wconf 90' lang='lat' dir='ltr'>quibus</span> <span class='ocrx_word' id='word_1_280' title='bbox 1284 3267 1355 3310; x_wconf 86' lang='lat' dir='ltr'>coo·</span> 
     </span>
     <span class='ocr_line' id='line_1_29' title="bbox 73 3346 1422 3429; baseline 0.003 -25"><span class='ocrx_word' id='word_1_281' title='bbox 73 3346 255 3418; x_wconf 89' lang='lat' dir='ltr'>donationes,</span> <span class='ocrx_word' id='word_1_282' title='bbox 279 3349 528 3429; x_wconf 84' lang='lat' dir='ltr'>dispensationes,</span> <span class='ocrx_word' id='word_1_283' title='bbox 551 3352 660 3428; x_wconf 79' lang='lat' dir='ltr'>gratias</span> <span class='ocrx_word' id='word_1_284' title='bbox 682 3369 717 3414; x_wconf 84' lang='lat' dir='ltr'>ac</span> <span class='ocrx_word' id='word_1_285' title='bbox 738 3350 767 3411; x_wconf 93' lang='lat' dir='ltr'>id</span> <span class='ocrx_word' id='word_1_286' title='bbox 790 3369 884 3429; x_wconf 90' lang='lat' dir='ltr'>genus</span> <span class='ocrx_word' id='word_1_287' title='bbox 905 3349 1000 3412; x_wconf 86' lang='lat' dir='ltr'>bullas</span> <span class='ocrx_word' id='word_1_288' title='bbox 1023 3350 1157 3412; x_wconf 88' lang='lat' dir='ltr'>emimus.</span> <span class='ocrx_word' id='word_1_289' title='bbox 1192 3348 1263 3419; x_wconf 75' lang='lat' dir='ltr'>Oura</span> <span class='ocrx_word' id='word_1_290' title='bbox 1286 3357 1422 3412; x_wconf 73' lang='lat' dir='ltr'>cumea.</span> 
     </span>
     <span class='ocr_line' id='line_1_30' title="bbox 73 3450 1355 3523; baseline 0.003 -15"><span class='ocrx_word' id='word_1_291' title='bbox 73 3465 125 3510; x_wconf 92' lang='lat' dir='ltr'>uon</span> <span class='ocrx_word' id='word_1_292' title='bbox 146 3451 308 3522; x_wconf 83' lang='lat' dir='ltr'>inutiliter,</span> <span class='ocrx_word' id='word_1_293' title='bbox 330 3457 363 3512; x_wconf 91' lang='lat' dir='ltr'>ut</span> <span class='ocrx_word' id='word_1_294' title='bbox 384 3453 490 3523; x_wconf 90' lang='lat' dir='ltr'>credo,</span> <span class='ocrx_word' id='word_1_295' title='bbox 520 3469 655 3514; x_wconf 84' lang='lat' dir='ltr'>moneam</span> <span class='ocrx_word' id='word_1_296' title='bbox 678 3458 707 3516; x_wconf 90' lang='lat' dir='ltr'>et</span> <span class='ocrx_word' id='word_1_297' title='bbox 729 3451 786 3514; x_wconf 91' lang='lat' dir='ltr'>illis</span> <span class='ocrx_word' id='word_1_298' title='bbox 813 3453 893 3514; x_wconf 81' lang='lat' dir='ltr'>lacui</span> <span class='ocrx_word' id='word_1_299' title='bbox 920 3451 1057 3514; x_wconf 78' lang='lat' dir='ltr'>facillima</span> <span class='ocrx_word' id='word_1_300' title='bbox 1083 3452 1157 3520; x_wconf 90' lang='lat' dir='ltr'>sint,</span> <span class='ocrx_word' id='word_1_301' title='bbox 1186 3450 1355 3514; x_wconf 88' lang='lat' dir='ltr'>huiusmodi</span> 
     </span>
     <span class='ocr_line' id='line_1_31' title="bbox 47 3552 1354 3633; baseline 0.005 -23"><span class='ocrx_word' id='word_1_302' title='bbox 47 3559 164 3614; x_wconf 72' lang='lat' dir='ltr'>sumen</span> <span class='ocrx_word' id='word_1_303' title='bbox 188 3561 235 3614; x_wconf 90' lang='lat' dir='ltr'>est</span> <span class='ocrx_word' id='word_1_304' title='bbox 257 3552 316 3630; x_wconf 85' lang='lat' dir='ltr'>boc</span> <span class='ocrx_word' id='word_1_305' title='bbox 339 3553 493 3614; x_wconf 92' lang='lat' dir='ltr'>consilium</span> <span class='ocrx_word' id='word_1_306' title='bbox 517 3571 630 3623; x_wconf 88' lang='lat' dir='ltr'>meum,</span> <span class='ocrx_word' id='word_1_307' title='bbox 660 3560 691 3614; x_wconf 92' lang='lat' dir='ltr'>ut</span> <span class='ocrx_word' id='word_1_308' title='bbox 718 3555 754 3616; x_wconf 90' lang='lat' dir='ltr'>dc</span> <span class='ocrx_word' id='word_1_309' title='bbox 778 3556 958 3633; x_wconf 89' lang='lat' dir='ltr'>patrimonio</span> <span class='ocrx_word' id='word_1_310' title='bbox 986 3553 1046 3614; x_wconf 90' lang='lat' dir='ltr'>diui</span> <span class='ocrx_word' id='word_1_311' title='bbox 1073 3553 1153 3614; x_wconf 89' lang='lat' dir='ltr'>l‘ctri</span> <span class='ocrx_word' id='word_1_312' title='bbox 1182 3569 1220 3614; x_wconf 88' lang='lat' dir='ltr'>ue</span> <span class='ocrx_word' id='word_1_313' title='bbox 1248 3554 1354 3633; x_wconf 88' lang='lat' dir='ltr'>stipem</span> 
     </span>
     <span class='ocr_line' id='line_1_32' title="bbox 74 3654 1354 3736; baseline 0.002 -22"><span class='ocrx_word' id='word_1_314' title='bbox 74 3654 183 3730; x_wconf 87' lang='lat' dir='ltr'>quidem</span> <span class='ocrx_word' id='word_1_315' title='bbox 207 3655 367 3718; x_wconf 86' lang='lat' dir='ltr'>detrahere</span> <span class='ocrx_word' id='word_1_316' title='bbox 388 3655 523 3718; x_wconf 89' lang='lat' dir='ltr'>iubeam:</span> <span class='ocrx_word' id='word_1_317' title='bbox 547 3673 715 3736; x_wconf 89' lang='lat' dir='ltr'>quanquam</span> <span class='ocrx_word' id='word_1_318' title='bbox 739 3656 790 3718; x_wconf 89' lang='lat' dir='ltr'>ubi</span> <span class='ocrx_word' id='word_1_319' title='bbox 813 3659 923 3720; x_wconf 88' lang='lat' dir='ltr'>rectius</span> <span class='ocrx_word' id='word_1_320' title='bbox 944 3655 1015 3718; x_wconf 90' lang='lat' dir='ltr'>illud</span> <span class='ocrx_word' id='word_1_321' title='bbox 1038 3662 1198 3717; x_wconf 87' lang='lat' dir='ltr'>attererent</span> <span class='ocrx_word' id='word_1_322' title='bbox 1212 3657 1354 3736; x_wconf 88' lang='lat' dir='ltr'>patrimo·</span> 
     </span>
    </p>
   </div>
   <div class='ocr_carea' id='block_1_3' title="bbox 71 3899 1453 4822">
    <p class='ocr_par' dir='ltr' id='par_1_3' title="bbox 71 3899 1453 4822">
     <span class='ocr_line' id='line_1_33' title="bbox 73 3899 1354 3976; baseline 0.005 -20"><span class='ocrx_word' id='word_1_323' title='bbox 73 3903 129 3956; x_wconf 83' lang='lat' dir='ltr'>bum</span> <span class='ocrx_word' id='word_1_324' title='bbox 145 3910 238 3960; x_wconf 82' lang='lat' dir='ltr'>virum</span> <span class='ocrx_word' id='word_1_325' title='bbox 257 3909 448 3976; x_wconf 82' lang='lat' dir='ltr'>gravissimum</span> <span class='ocrx_word' id='word_1_326' title='bbox 467 3915 496 3962; x_wconf 86' lang='lat' dir='ltr'>et</span> <span class='ocrx_word' id='word_1_327' title='bbox 512 3909 648 3962; x_wconf 82' lang='lat' dir='ltr'>laudabili</span> <span class='ocrx_word' id='word_1_328' title='bbox 658 3913 809 3964; x_wconf 78' lang='lat' dir='ltr'>seueritate</span> <span class='ocrx_word' id='word_1_329' title='bbox 821 3911 1014 3971; x_wconf 83' lang='lat' dir='ltr'>venerandum,</span> <span class='ocrx_word' id='word_1_330' title='bbox 1034 3927 1127 3962; x_wconf 81' lang='lat' dir='ltr'>ensem</span> <span class='ocrx_word' id='word_1_331' title='bbox 1139 3910 1285 3962; x_wconf 81' lang='lat' dir='ltr'>militarem</span> <span class='ocrx_word' id='word_1_332' title='bbox 1298 3899 1354 3962; x_wconf 79' lang='lat' dir='ltr'>cle-</span> 
     </span>
     <span class='ocr_line' id='line_1_34' title="bbox 73 3991 1355 4062; baseline 0.004 -21"><span class='ocrx_word' id='word_1_333' title='bbox 73 3991 142 4042; x_wconf 86' lang='lat' dir='ltr'>uibos</span> <span class='ocrx_word' id='word_1_334' title='bbox 161 3994 189 4044; x_wconf 90' lang='lat' dir='ltr'>in</span> <span class='ocrx_word' id='word_1_335' title='bbox 207 3995 339 4060; x_wconf 77' lang='lat' dir='ltr'>Tyberim</span> <span class='ocrx_word' id='word_1_336' title='bbox 364 3995 498 4046; x_wconf 84' lang='lat' dir='ltr'>coniectis</span> <span class='ocrx_word' id='word_1_337' title='bbox 521 3996 676 4047; x_wconf 83' lang='lat' dir='ltr'>accinxisse</span> <span class='ocrx_word' id='word_1_338' title='bbox 699 4013 732 4048; x_wconf 86' lang='lat' dir='ltr'>sc</span> <span class='ocrx_word' id='word_1_339' title='bbox 755 3997 861 4058; x_wconf 84' lang='lat' dir='ltr'>Quando</span> <span class='ocrx_word' id='word_1_340' title='bbox 883 4001 966 4048; x_wconf 84' lang='lat' dir='ltr'>eluces</span> <span class='ocrx_word' id='word_1_341' title='bbox 985 3997 1058 4048; x_wconf 83' lang='lat' dir='ltr'>Patri</span> <span class='ocrx_word' id='word_1_342' title='bbox 1080 3997 1140 4046; x_wconf 71' lang='lat' dir='ltr'>aulul</span> <span class='ocrx_word' id='word_1_343' title='bbox 1159 4002 1282 4060; x_wconf 69' lang='lat' dir='ltr'>paoem,</span> <span class='ocrx_word' id='word_1_344' title='bbox 1306 4013 1355 4062; x_wconf 77' lang='lat' dir='ltr'>age</span> 
     </span>
     <span class='ocr_line' id='line_1_35' title="bbox 71 4079 1353 4148; baseline 0.005 -21"><span class='ocrx_word' id='word_1_345' title='bbox 71 4080 171 4140; x_wconf 65' lang='lat' dir='ltr'>pediam</span> <span class='ocrx_word' id='word_1_346' title='bbox 194 4081 272 4131; x_wconf 75' lang='lat' dir='ltr'>Paesti</span> <span class='ocrx_word' id='word_1_347' title='bbox 293 4082 473 4146; x_wconf 66' lang='lat' dir='ltr'>distringam</span> <span class='ocrx_word' id='word_1_348' title='bbox 495 4080 631 4132; x_wconf 81' lang='lat' dir='ltr'>dixisse?”</span> <span class='ocrx_word' id='word_1_349' title='bbox 701 4079 712 4114; x_wconf 76' lang='lat'>⁸</span> <span class='ocrx_word' id='word_1_350' title='bbox 736 4081 779 4131; x_wconf 78' lang='lat' dir='ltr'>Ol.</span> <span class='ocrx_word' id='word_1_351' title='bbox 793 4082 845 4134; x_wconf 86' lang='lat' dir='ltr'>vol.</span> <span class='ocrx_word' id='word_1_352' title='bbox 860 4083 882 4132; x_wconf 90' lang='lat'>1.</span> <span class='ocrx_word' id='word_1_353' title='bbox 895 4099 921 4148; x_wconf 93' lang='lat' dir='ltr'>p.</span> <span class='ocrx_word' id='word_1_354' title='bbox 937 4080 995 4132; x_wconf 79' lang='lat' dir='ltr'>leo.</span> <span class='ocrx_word' id='word_1_355' title='bbox 1008 4083 1032 4142; x_wconf 71' lang='lat'>5.</span> <span class='ocrx_word' id='word_1_356' title='bbox 1045 4082 1069 4130; x_wconf 75' lang='lat'>2.</span> <span class='ocrx_word' id='word_1_357' title='bbox 1085 4085 1113 4131; x_wconf 88' lang='lat' dir='ltr'>ct</span> <span class='ocrx_word' id='word_1_358' title='bbox 1124 4097 1151 4148; x_wconf 84' lang='lat' dir='ltr'>p.</span> <span class='ocrx_word' id='word_1_359' title='bbox 1164 4079 1223 4129; x_wconf 81' lang='lat'>241.</span> <span class='ocrx_word' id='word_1_360' title='bbox 1236 4082 1276 4142; x_wconf 69' lang='lat'>§5-</span> <span class='ocrx_word' id='word_1_361' title='bbox 1289 4083 1313 4131; x_wconf 80' lang='lat'>4.</span> <span class='ocrx_word' id='word_1_362' title='bbox 1327 4082 1353 4134; x_wconf 82' lang='lat'>5.</span> 
     </span>
     <span class='ocr_line' id='line_1_36' title="bbox 74 4159 1355 4230; baseline 0.005 -18"><span class='ocrx_word' id='word_1_363' title='bbox 74 4159 160 4216; x_wconf 79' lang='lat' dir='ltr'>‘Nam</span> <span class='ocrx_word' id='word_1_364' title='bbox 178 4165 289 4214; x_wconf 88' lang='lat' dir='ltr'>urbium</span> <span class='ocrx_word' id='word_1_365' title='bbox 307 4180 337 4216; x_wconf 89' lang='lat' dir='ltr'>se</span> <span class='ocrx_word' id='word_1_366' title='bbox 355 4169 381 4215; x_wconf 83' lang='grc'>2.</span> <span class='ocrx_word' id='word_1_367' title='bbox 436 4165 563 4219; x_wconf 81' lang='lat' dir='ltr'>caulibus</span> <span class='ocrx_word' id='word_1_368' title='bbox 581 4169 607 4218; x_wconf 84' lang='lat'>2.</span> <span class='ocrx_word' id='word_1_369' title='bbox 615 4169 640 4216; x_wconf 71' lang='grc'>4.</span> <span class='ocrx_word' id='word_1_370' title='bbox 659 4167 707 4216; x_wconf 86' lang='lat' dir='ltr'>sed</span> <span class='ocrx_word' id='word_1_371' title='bbox 723 4166 762 4216; x_wconf 77' lang='lat' dir='ltr'>oet</span> <span class='ocrx_word' id='word_1_372' title='bbox 777 4167 802 4216; x_wconf 79' lang='lat' dir='ltr'>et</span> <span class='ocrx_word' id='word_1_373' title='bbox 811 4168 939 4218; x_wconf 84' lang='lat' dir='ltr'>Huttenua</span> <span class='ocrx_word' id='word_1_374' title='bbox 957 4165 1083 4218; x_wconf 82' lang='lat' dir='ltr'>caulibus</span> <span class='ocrx_word' id='word_1_375' title='bbox 1099 4167 1253 4230; x_wconf 71' lang='lat' dir='ltr'>scripsisset,</span> <span class='ocrx_word' id='word_1_376' title='bbox 1271 4173 1355 4218; x_wconf 77' lang='lat' dir='ltr'>tamen</span> 
     </span>
     <span class='ocr_line' id='line_1_37' title="bbox 72 4249 1453 4306; baseline 0.005 -9"><span class='ocrx_word' id='word_1_377' title='bbox 72 4249 176 4300; x_wconf 75' lang='lat' dir='ltr'>mdccc</span> <span class='ocrx_word' id='word_1_378' title='bbox 193 4253 286 4300; x_wconf 73' lang='lat' dir='ltr'>tollen</span> <span class='ocrx_word' id='word_1_379' title='bbox 304 4255 380 4300; x_wconf 69' lang='lat' dir='ltr'>ubam</span> <span class='ocrx_word' id='word_1_380' title='bbox 397 4256 444 4300; x_wconf 83' lang='lat' dir='ltr'>cat.</span> <span class='ocrx_word' id='word_1_381' title='bbox 497 4249 784 4306; x_wconf 65' lang='lat' dir='ltr'>“Reveredissateh</span> <span class='ocrx_word' id='word_1_382' title='bbox 799 4252 858 4302; x_wconf 80' lang='lat' dir='ltr'>inde</span> <span class='ocrx_word' id='word_1_383' title='bbox 871 4250 1142 4304; x_wconf 68' lang='lat' dir='ltr'>Reverendissimid.</span> <span class='ocrx_word' id='word_1_384' title='bbox 1199 4250 1354 4304; x_wconf 79' lang='lat' dir='ltr'>⁸el.iuirs</span> <span class='ocrx_word' id='word_1_385' title='bbox 1450 4273 1453 4280; x_wconf 95' lang='lat'>·</span> 
     </span>
     <span class='ocr_line' id='line_1_38' title="bbox 73 4317 1354 4402; baseline 0.006 -22"><span class='ocrx_word' id='word_1_386' title='bbox 73 4331 143 4382; x_wconf 63' lang='lat' dir='ltr'>caer.</span> <span class='ocrx_word' id='word_1_387' title='bbox 157 4334 234 4384; x_wconf 74' lang='lat' dir='ltr'>uem.</span> <span class='ocrx_word' id='word_1_388' title='bbox 250 4333 377 4388; x_wconf 74' lang='lat' dir='ltr'>ausentii</span> <span class='ocrx_word' id='word_1_389' title='bbox 396 4334 557 4400; x_wconf 68' lang='lat' dir='ltr'>spuerem</span> <span class='ocrx_word' id='word_1_390' title='bbox 575 4335 684 4388; x_wconf 63' lang='lat' dir='ltr'>vaauen.</span> <span class='ocrx_word' id='word_1_391' title='bbox 698 4337 722 4398; x_wconf 76' lang='lat' dir='ltr'>s.</span> <span class='ocrx_word' id='word_1_392' title='bbox 738 4334 793 4386; x_wconf 82' lang='lat' dir='ltr'>rso.</span> <span class='ocrx_word' id='word_1_393' title='bbox 811 4335 877 4398; x_wconf 75' lang='lat' dir='ltr'>(vot.</span> <span class='ocrx_word' id='word_1_394' title='bbox 889 4337 950 4386; x_wconf 86' lang='lat' dir='ltr'>un.</span> <span class='ocrx_word' id='word_1_395' title='bbox 964 4353 989 4402; x_wconf 75' lang='lat' dir='ltr'>p.</span> <span class='ocrx_word' id='word_1_396' title='bbox 1003 4333 1077 4401; x_wconf 80' lang='lat' dir='ltr'>aaa)</span> <span class='ocrx_word' id='word_1_397' title='bbox 1121 4333 1142 4367; x_wconf 79' lang='lat'>¹⁴</span> <span class='ocrx_word' id='word_1_398' title='bbox 1160 4339 1201 4388; x_wconf 74' lang='lat' dir='ltr'>tot</span> <span class='ocrx_word' id='word_1_399' title='bbox 1218 4336 1298 4398; x_wconf 72' lang='lat' dir='ltr'>etas]</span> <span class='ocrx_word' id='word_1_400' title='bbox 1316 4317 1354 4388; x_wconf 72' lang='lat' dir='ltr'>te.</span> 
     </span>
     <span class='ocr_line' id='line_1_39' title="bbox 72 4415 1353 4486; baseline 0.006 -22"><span class='ocrx_word' id='word_1_401' title='bbox 72 4415 175 4468; x_wconf 81' lang='lat' dir='ltr'>l&#39;adiac.</span> <span class='ocrx_word' id='word_1_402' title='bbox 188 4419 214 4480; x_wconf 67' lang='grc'>8.</span> <span class='ocrx_word' id='word_1_403' title='bbox 226 4417 286 4469; x_wconf 79' lang='lat' dir='ltr'>att.</span> <span class='ocrx_word' id='word_1_404' title='bbox 305 4418 430 4470; x_wconf 74' lang='lat' dir='ltr'>Proedou.</span> <span class='ocrx_word' id='word_1_405' title='bbox 442 4419 466 4480; x_wconf 69' lang='grc' dir='ltr'>β.</span> <span class='ocrx_word' id='word_1_406' title='bbox 482 4417 537 4472; x_wconf 83' lang='grc'><strong>180.</strong></span> <span class='ocrx_word' id='word_1_407' title='bbox 586 4418 606 4454; x_wconf 78' lang='lat'>¹⁸</span> <span class='ocrx_word' id='word_1_408' title='bbox 619 4433 705 4485; x_wconf 84' lang='lat' dir='ltr'>parca</span> <span class='ocrx_word' id='word_1_409' title='bbox 718 4437 740 4472; x_wconf 82' lang='lat' dir='ltr'>s.</span> <span class='ocrx_word' id='word_1_410' title='bbox 753 4435 867 4486; x_wconf 83' lang='lat' dir='ltr'>parcum</span> <span class='ocrx_word' id='word_1_411' title='bbox 876 4439 912 4466; x_wconf 61' lang='grc' dir='ltr'>ε</span> <span class='ocrx_word' id='word_1_412' title='bbox 922 4420 1057 4472; x_wconf 82' lang='lat' dir='ltr'>cancellis</span> <span class='ocrx_word' id='word_1_413' title='bbox 1069 4419 1204 4473; x_wconf 73' lang='lat' dir='ltr'>inclusum</span> <span class='ocrx_word' id='word_1_414' title='bbox 1217 4420 1353 4477; x_wconf 79' lang='lat' dir='ltr'>conclaue</span> 
     </span>
     <span class='ocr_line' id='line_1_40' title="bbox 74 4502 1354 4572; baseline 0.006 -24"><span class='ocrx_word' id='word_1_415' title='bbox 74 4515 92 4550; x_wconf 88' lang='lat' dir='ltr'>a.</span> <span class='ocrx_word' id='word_1_416' title='bbox 103 4504 242 4566; x_wconf 79' lang='lat' dir='ltr'>scrinium,</span> <span class='ocrx_word' id='word_1_417' title='bbox 262 4503 373 4554; x_wconf 79' lang='lat' dir='ltr'>Gallice</span> <span class='ocrx_word' id='word_1_418' title='bbox 389 4510 508 4570; x_wconf 72' lang='lat' dir='ltr'>perpotet.</span> <span class='ocrx_word' id='word_1_419' title='bbox 560 4502 592 4536; x_wconf 78' lang='lat'>&#39;¹⁹</span> <span class='ocrx_word' id='word_1_420' title='bbox 610 4506 702 4554; x_wconf 84' lang='lat' dir='ltr'>vivum</span> <span class='ocrx_word' id='word_1_421' title='bbox 720 4507 840 4568; x_wconf 69' lang='lat' dir='ltr'>correxi,</span> <span class='ocrx_word' id='word_1_422' title='bbox 858 4521 939 4572; x_wconf 77' lang='lat' dir='ltr'>enum</span> <span class='ocrx_word' id='word_1_423' title='bbox 957 4506 1017 4556; x_wconf 80' lang='lat' dir='ltr'>edd.</span> <span class='ocrx_word' id='word_1_424' title='bbox 1075 4503 1097 4536; x_wconf 83' lang='lat'>²⁰</span> <span class='ocrx_word' id='word_1_425' title='bbox 1116 4502 1173 4571; x_wconf 81' lang='lat' dir='ltr'>aas]</span> <span class='ocrx_word' id='word_1_426' title='bbox 1193 4508 1239 4571; x_wconf 89' lang='lat' dir='ltr'>qui</span> <span class='ocrx_word' id='word_1_427' title='bbox 1257 4505 1354 4558; x_wconf 88' lang='lat' dir='ltr'>mulie·</span> 
     </span>
     <span class='ocr_line' id='line_1_41' title="bbox 72 4583 1353 4656; baseline 0.005 -23"><span class='ocrx_word' id='word_1_428' title='bbox 72 4583 123 4636; x_wconf 85' lang='lat' dir='ltr'>bria</span> <span class='ocrx_word' id='word_1_429' title='bbox 140 4589 290 4653; x_wconf 81' lang='lat' dir='ltr'>patiuntur.</span> <span class='ocrx_word' id='word_1_430' title='bbox 339 4586 360 4620; x_wconf 82' lang='lat'>²¹</span> <span class='ocrx_word' id='word_1_431' title='bbox 378 4588 465 4656; x_wconf 80' lang='lat' dir='ltr'>turpis</span> <span class='ocrx_word' id='word_1_432' title='bbox 483 4589 598 4648; x_wconf 86' lang='lat' dir='ltr'>mentio]</span> <span class='ocrx_word' id='word_1_433' title='bbox 617 4589 654 4640; x_wconf 86' lang='lat' dir='ltr'>cf.</span> <span class='ocrx_word' id='word_1_434' title='bbox 667 4589 755 4640; x_wconf 80' lang='lat' dir='ltr'>Orstt.</span> <span class='ocrx_word' id='word_1_435' title='bbox 769 4591 798 4640; x_wconf 89' lang='lat' dir='ltr'>iu</span> <span class='ocrx_word' id='word_1_436' title='bbox 811 4589 872 4640; x_wconf 84' lang='lat' dir='ltr'>due.</span> <span class='ocrx_word' id='word_1_437' title='bbox 885 4587 1003 4642; x_wconf 76' lang='lat' dir='ltr'>Virtlv.</span> <span class='ocrx_word' id='word_1_438' title='bbox 1017 4591 1041 4649; x_wconf 67' lang='grc' dir='ltr'>δ.</span> <span class='ocrx_word' id='word_1_439' title='bbox 1053 4585 1094 4642; x_wconf 80' lang='grc'>48,</span> <span class='ocrx_word' id='word_1_440' title='bbox 1108 4589 1140 4638; x_wconf 89' lang='lat' dir='ltr'>V.</span> <span class='ocrx_word' id='word_1_441' title='bbox 1150 4591 1174 4652; x_wconf 67' lang='grc'>9.</span> <span class='ocrx_word' id='word_1_442' title='bbox 1186 4589 1228 4642; x_wconf 79' lang='lat' dir='ltr'>to.</span> <span class='ocrx_word' id='word_1_443' title='bbox 1273 4589 1296 4624; x_wconf 74' lang='lat'>²³</span> <span class='ocrx_word' id='word_1_444' title='bbox 1312 4593 1353 4642; x_wconf 86' lang='lat' dir='ltr'>in-</span> 
     </span>
     <span class='ocr_line' id='line_1_42' title="bbox 72 4673 1353 4748; baseline 0.003 -28"><span class='ocrx_word' id='word_1_445' title='bbox 72 4677 171 4722; x_wconf 76' lang='lat' dir='ltr'>nnana</span> <span class='ocrx_word' id='word_1_446' title='bbox 195 4687 267 4724; x_wconf 79' lang='lat' dir='ltr'>corr.</span> <span class='ocrx_word' id='word_1_447' title='bbox 281 4676 307 4726; x_wconf 82' lang='lat'>2.</span> <span class='ocrx_word' id='word_1_448' title='bbox 329 4688 378 4737; x_wconf 85' lang='lat' dir='ltr'>pro</span> <span class='ocrx_word' id='word_1_449' title='bbox 401 4674 558 4725; x_wconf 80' lang='lat' dir='ltr'>instituant.</span> <span class='ocrx_word' id='word_1_450' title='bbox 582 4674 625 4724; x_wconf 83' lang='lat' dir='ltr'>Cf.</span> <span class='ocrx_word' id='word_1_451' title='bbox 639 4674 704 4726; x_wconf 85' lang='lat' dir='ltr'>dial.</span> <span class='ocrx_word' id='word_1_452' title='bbox 716 4673 849 4740; x_wconf 83' lang='lat' dir='ltr'>Paequill.</span> <span class='ocrx_word' id='word_1_453' title='bbox 862 4675 886 4738; x_wconf 64' lang='grc'>9.</span> <span class='ocrx_word' id='word_1_454' title='bbox 897 4673 940 4727; x_wconf 83' lang='grc'>26.</span> <span class='ocrx_word' id='word_1_455' title='bbox 952 4679 980 4724; x_wconf 87' lang='lat' dir='ltr'>et</span> <span class='ocrx_word' id='word_1_456' title='bbox 993 4675 1066 4748; x_wconf 81' lang='lat' dir='ltr'>inira</span> <span class='ocrx_word' id='word_1_457' title='bbox 1078 4673 1169 4724; x_wconf 77' lang='lat' dir='ltr'>Oratt.</span> <span class='ocrx_word' id='word_1_458' title='bbox 1182 4673 1216 4726; x_wconf 86' lang='lat' dir='ltr'>da</span> <span class='ocrx_word' id='word_1_459' title='bbox 1228 4674 1353 4726; x_wconf 76' lang='lat' dir='ltr'>decimis.</span> 
     </span>
     <span class='ocr_line' id='line_1_43' title="bbox 72 4749 1139 4822; baseline 0.003 -17"><span class='ocrx_word' id='word_1_460' title='bbox 72 4749 202 4806; x_wconf 73' lang='lat' dir='ltr'>”sumtus</span> <span class='ocrx_word' id='word_1_461' title='bbox 221 4760 247 4808; x_wconf 78' lang='lat' dir='ltr'>t.</span> <span class='ocrx_word' id='word_1_462' title='bbox 299 4754 322 4788; x_wconf 62' lang='grc' dir='ltr'><strong>ἥ</strong></span> <span class='ocrx_word' id='word_1_463' title='bbox 341 4761 476 4822; x_wconf 80' lang='lat' dir='ltr'>augentes</span> <span class='ocrx_word' id='word_1_464' title='bbox 494 4755 510 4807; x_wconf 77' lang='lat' dir='ltr'>b</span> <span class='ocrx_word' id='word_1_465' title='bbox 528 4761 554 4808; x_wconf 82' lang='lat'>2.</span> <span class='ocrx_word' id='word_1_466' title='bbox 571 4760 619 4808; x_wconf 83' lang='lat' dir='ltr'>sed</span> <span class='ocrx_word' id='word_1_467' title='bbox 634 4759 767 4822; x_wconf 71' lang='lat' dir='ltr'>comts.</span> <span class='ocrx_word' id='word_1_468' title='bbox 819 4756 842 4790; x_wconf 82' lang='lat'>⁸⁰</span> <span class='ocrx_word' id='word_1_469' title='bbox 859 4768 948 4810; x_wconf 84' lang='lat' dir='ltr'>meum</span> <span class='ocrx_word' id='word_1_470' title='bbox 966 4763 990 4808; x_wconf 84' lang='lat'>2.</span> <span class='ocrx_word' id='word_1_471' title='bbox 1010 4759 1059 4821; x_wconf 81' lang='lat' dir='ltr'>ts.</span> <span class='ocrx_word' id='word_1_472' title='bbox 1078 4758 1139 4808; x_wconf 81' lang='lat' dir='ltr'>add.</span> 
     </span>
    </p>
   </div>
   <div class='ocr_carea' id='block_1_4' title="bbox 0 0 1710 5524">
    <p class='ocr_par' dir='ltr' id='par_1_4' title="bbox 0 0 1710 5524">
     <span class='ocr_line' id='line_1_44' title="bbox 0 0 1710 5524; baseline 0 4"><span class='ocrx_word' id='word_1_473' title='bbox 0 0 1710 5524; x_wconf 95' lang='lat' dir='ltr'> </span> 
     </span>
    </p>
   </div>
  </div>
 </body>
</html>
