3410 5524
96 457 253 494 serrantur
263 457 409 494 rurscrrss
422 457 550 494 cremer
563 457 674 494 uentura
687 459 786 494 rrnors
799 457 939 496 :narseus
951 457 1176 507 exposrsrosrs.
1191 441 1273 504 (turs.)
1296 427 1361 500 12⁵1

94 616 144 673 iam
165 611 239 676 ultra
262 609 390 674 medium
412 593 530 692 meque
552 612 701 692 perductis
730 611 925 692 colophonem
951 613 1104 691 imponere
1134 630 1168 673 ao
1195 553 1282 674 omne
1303 620 1367 674 tan·

93 697 152 776 dem
167 713 320 776 absolvere
334 715 500 793 nogotium
524 715 579 776 nisi
595 713 691 777 adhuc
714 713 853 777 dubitatis
875 731 949 794 quos
971 713 1092 792 spiritus
1113 720 1181 792 agat
1194 713 1244 775 ille
1258 721 1301 776 tot
1315 733 1367 776 ns·

92 818 194 878 donum
217 817 310 878 ridor
331 816 458 885 iuvenis,
480 823 541 878 mm
555 815 721 879 numerosis
736 818 843 896 copiis,
859 821 947 900 *tanto
962 833 1051 886 auro,
1073 821 1134 876 tam
1147 817 1258 897 paratis
1272 818 1367 878 onmi-

92 917 141 980 hus
168 925 269 980 contra
298 936 352 978 nos
378 917 547 981 instinctus.
592 919 661 981 Sed'
677 926 710 981 ut
731 917 778 980 ille
800 918 954 997 magnifice
977 917 1088 988 omnia,
1117 917 1250 997 quaedam
1273 919 1433 982 etenim.

72 1033 147 1082 ouon
168 1021 395 1100 prudentissime
409 1020 473 1082 'sihi
495 1021 647 1101 proponit,
671 1021 709 1082 ita
732 1022 757 1082 si
780 1037 834 1099 per
856 1038 906 1080 vos
921 1019 1004 1090 licet,
1028 1020 1125 1092 statim
1146 1037 1235 1082 omne
1249 1039 1265 1080 o
1281 1019 1367 1082 nobis

91 1116 245 1202 pericnlum
267 1120 462 1202 depellemus:
485 1139 592 1200 magno
615 1123 707 1184 lateor
728 1123 846 1200 negotio
869 1121 1001 1184 evellitur
1016 1140 1125 1186 annosa
1147 1121 1237 1184 arhor
1259 1129 1288 1184 et
1301 1141 1367 1203 que

91 1226 140 1286 iem
161 1213 301 1286 ditissime
322 1243 390 1286 suas
411 1225 473 1286 lixit
494 1223 625 1294 radiocs;
649 1220 917 1289 evellitur-tamen:
945 1225 988 1286 sic
1008 1224 1114 1286 turcae
1135 1241 1303 1304 quanquam
1325 1223 1366 1286 la·

90 1327 192 1396 tissime
219 1328 366 1405 imperant
392 1345 427 1388 ac
456 1328 485 1388 in
514 1343 617 1390 omnes
643 1327 833 1388 necessitates
864 1324 980 1388 abunde
1007 1326 1184 1388 instructum
1206 1328 1377 1390 exercitum*

90 1427 208 1500 ducunt,
238 1427 390 1492 vincibiles
417 1435 521 1490 umen
542 1435 625 1497 sunt;
655 1435 685 1489 et
710 1429 840 1490 nisime
869 1429 964 1489 omnia
986 1427 1099 1499 lallant,
1127 1445 1191 1488 non
1209 1427 1365 1490 difficulter

66 1529 185 1600 raetiam,
219 1530 307 1592 modo
338 1530 501 1594 concordes
530 1547 644 1600 esurus,
676 1530 764 1592 modo
793 1532 869 1591 inter
897 1547 951 1602 nos
978 1529 1054 1591 houd
1078 1531 1283 1609 disceptemus.
1328 1529 1433 1592 ldttta.

89 1631 160 1709 qnod
181 1632 211 1692 in
233 1631 316 1694 vobis
337 1634 404 1711 quia
426 1633 514 1694 situm
536 1639 595 1702 est,
618 1639 830 1712 prestamus
852 1633 1002 1694 victoriam
1023 1611 1176 1712 impedite,
1206 1633 1363 1713 principos,

90 1731 330 1811 pulcherrimam,
357 1723 636 1805 fructuosissimam,
666 1733 886 1797 sanctissimum.
932 1741 1026 1796 vestre
1056 1736 1239 1813 potissimum
1262 1753 1364 1798 caussa

88 1837 191 1911 agitur,
215 1844 309 1898 uestra
333 1837 522 1907 existimatio,
550 1843 645 1898 restra
667 1835 807 1914 dignitas,
837 1855 925 1917 quam
948 1855 1046 1916 quaeso
1068 1836 1215 1900 defendite
1236 1856 1271 1898 ac
1293 1855 1363 1900 oon·
1446 1899 1448 1906 ,

88 1945 204 2000 servate.
249 1937 342 2000 Nemo
372 1939 455 2000 tortis
483 1937 651 2016 dignitatem
680 1939 736 1998 nisi
764 1955 831 1998 cum
861 1940 916 2000 uita
945 1939 1031 2000 simul
1058 1939 1175 2010 amittit,
1203 1947 1233 2000 et
1262 1939 1364 2002 ridetis

63 2037 167 2117 ismlgo
188 2039 312 2102 inientes
334 2041 385 2118 qui
407 2041 649 2104 existimationem
671 2036 834 2124 neglexisse
856 2059 939 2104 suam
962 2041 1138 2120 deprehensi
1164 2048 1241 2102 sunt.
1287 2041 1430 2112 (inmens.

88 2147 172 2202 restra
195 2141 311 2204 tenena
335 2149 388 2213 est,
410 2143 580 2222 prospicere
601 2131 719 2203 debetis‘
735 2159 773 2204 ne
795 2141 866 2222 quid
887 2143 917 2202 in
941 2161 991 2206 vos
1012 2143 1123 2204 sinistri
1144 2143 1272 2204 rumoris
1294 2161 1363 2205 con·

86 2251 177 2317 gruel:
201 2263 238 2306 ac
260 2244 433 2324 prospicite,
457 2263 475 2304 o
497 2245 660 2324 principes,
682 2244 822 2304 remittite
843 2243 967 2305 invicem
982 2245 1118 2315 iniurias,
1142 2246 1306 2307 condonate
1320 2247 1363 2306 oi-

87 2343 190 2416 lensas;
221 2352 341 2424 prestet
361 2345 478 2424 publica
500 2345 610 2408 utilitas
631 2346 743 2425 privato
766 2346 937 2432 commodo:
964 2365 1002 2409 ne
1030 2348 1116 2408 sinite
1142 2346 1181 2408 ob
1203 2347 1362 2426 pauxillum

86 2443 246 2510 domesticae
266 2449 401 2518 iactura,
430 2449 454 2508 si
476 2448 564 2509 modo
586 2449 696 2544 iytura
718 2447 814 2526 inest,‘
838 2455 950 2510 tontum
972 2447 1122 2528 publicum
1144 2449 1280 2528 impediri
1308 2447 1362 2510 ho·

60 2563 165 2618 anum:
187 2543 385 2612 recordamini
408 2569 459 2610 vos
473 2551 613 2612 Romanis
628 2551 805 2612 successisse
820 2549 1019 2630 principibus,
1042 2551 1179 2612 nimirum
1196 2551 1361 2614 Romanum

85 2667 166 2728 penes
186 2669 263 2732 quos
284 2631 440 2732 imperinm
463 2659 516 2715 est.
561 2659 590 2714 at
611 2659 829 2714 consueverunt
849 2652 906 2724 illi,
935 2669 993 2714 non
1023 2653 1066 2714 sio
1092 2652 1129 2714 ab
1153 2653 1236 2717 hoste
1263 2651 1428 2716 laces-tui.

85 2753 141 2822 siti,
162 2755 252 2815 toties
273 2773 290 2815 a
312 2755 374 2816 suis
394 2757 504 2846 rogati,
533 2752 643 2816 bellum
663 2772 785 2833 gerere;
816 2755 912 2816 statim
934 2761 1054 2834 accepta
1077 2752 1181 2816 iniuria
1203 2772 1363 2818 consueve-

84 2861 159 2924 runt,
188 2864 218 2918 et
246 2873 325 2935 saepe
347 2857 537 2940 priusquam
559 2855 638 2936 plehi
660 2857 792 2918 auditum
814 2863 893 2918 esset
913 2856 1005 2919 hostis
1026 2873 1152 2926 nomem
1182 2875 1273 2938 quum
1296 2875 1361 2920 sur-

85 2955 123 3018 dis
143 2957 223 3020 robis
247 2963 290 3018 tot
311 2959 368 3020 iam
398 2977 492 3022 annos
520 2960 644 3022 eandem
674 2957 849 3020 cantilenam
877 2965 1012 3021 occentet
1038 2957 1165 3038 populus
1187 2955 1360 3022 Germanus.

58 3065 164 3138 statque
186 3059 216 3121 lri
239 3062 340 3140 quanti
361 3063 461 3140 quanti
482 3061 616 3132 luerunt,
639 3081 655 3122 o
671 3061 778 3122 nostris
793 3060 954 3124 maioribus
968 3059 1077 3122 bellum
1093 3060 1251 3122 inferentes
1265 3068 1359 3124 stren-

84 3179 134 3222 noe
154 3161 266 3242 repulsi
288 3168 371 3232 sunt,
394 3181 429 3224 ac
449 3163 540 3224 nmis
560 3164 767 3242 petitietiam,
796 3168 826 3223 et
847 3168 880 3224 ut
900 3162 1031 3224 historin
1053 3169 1232 3234 memorant,
1255 3164 1284 3224 in
1306 3183 1359 3226 sna

82 3259 154 3324 ltalia
182 3265 267 3345 potiti
295 3283 330 3325 ac
357 3266 495 3343 superati
540 3265 574 3326 ln
603 3265 660 3327 hoc
685 3282 786 3326 rerum
807 3265 920 3342 lastigie
948 3283 1015 3327 oum
1043 3265 1105 3326 sitis
1127 3263 1277 3336 collocati,
1306 3265 1427 3327 hirtus.

83 3365 236 3428 naiorihus
257 3367 418 3446 progeniti,
441 3374 485 3429 tot
506 3385 598 3430 annos
620 3350 753 3447 patimini
775 3384 878 3428 omnes
893 3367 973 3428 domi
987 3385 1022 3428 ac
1037 3366 1109 3428 ioris
1124 3366 1272 3438 homines,
1295 3370 1359 3447 qui·

82 3463 132 3526 hus
150 3467 291 3530 auxilium
314 3487 330 3528 a
354 3467 434 3532 vohis
456 3467 569 3531 nullum
592 3475 650 3538 est,
680 3469 747 3548 quia
775 3467 943 3531 labentibus
970 3467 1060 3531 robus
1089 3487 1147 3530 non
1177 3471 1358 3540 succurritis,

58 3571 142 3646 oque
163 3577 294 3639 ceruos,
317 3571 384 3649 quia
400 3573 570 3651 imperium,
594 3571 660 3652 quia
678 3571 801 3650 patriam
817 3590 851 3632 ao
866 3570 1039 3649 religionem
1054 3569 1209 3650 negligitis,
1231 3577 1358 3632 vestram
1400 3621 1430 3670 ¹·

83 3669 155 3733 vohis
174 3671 362 3752 opprobrare
383 3673 539 3742 desidiam,
567 3677 692 3734 vestram
714 3673 876 3751 gnaviami
906 3674 1018 3734 Praeter
1035 3672 1209 3757 dignitatem
1231 3675 1425 3737 estimatus

82 3789 126 3832 ros
145 3774 248 3836 audire
269 3774 334 3850 (sed
356 3776 493 3844 audictis,
523 3774 617 3836 donec
644 3793 704 3835 non
726 3773 804 3836 illam
827 3781 956 3836 veterem
978 3773 1081 3836 deletis
1104 3773 1258 3855 maculam)
1282 3793 1356 3854 qttae,

81 3879 108 3932 ut
127 3893 175 3938 ros
196 3875 300 3938 audire
323 3877 453 3955 possitis,
475 3895 530 3938 nos
544 3893 604 3937 non
619 3877 797 3956 poterimus:
820 3875 938 3944 creditis
954 3878 1031 3938 enim
1047 3894 1106 3937 non
1121 3875 1357 3940 molestissimum

81 3975 156 4036 nobis
176 3977 314 4040 accidere
335 3979 427 4058 siquis
448 3979 527 4060 apud
549 3985 665 4040 exteros
688 3986 783 4041 vestra
805 3978 889 4040 nohis
915 3979 998 4048 vitia,
1026 3977 1055 4040 id
1078 3977 1156 4059 quod
1185 3977 1357 4057 frequenter

55 4079 206 4158 scontigit,
236 4079 372 4142 obiiciat?
398 4097 486 4159 quam
508 4081 614 4142 invitus
635 4099 762 4160 namque
781 4081 879 4142 audivi
900 4081 928 4141 in
950 4080 1031 4148 ltalia
1054 4079 1148 4142 uetes
1169 4097 1248 4142 nunc
1269 4079 1358 4142 hahet

81 4177 228 4242 Germema
257 4182 425 4261 principos'.
469 4188 498 4244 et
523 4177 657 4244 sciebant
683 4181 723 4243 llli
752 4199 818 4260 quae
845 4181 893 4244 hic
920 4188 1078 4260 agerentur
1100 4183 1212 4253 omnia,
1242 4201 1277 4244 ac
1299 4198 1424 4262 pe-tnn.

81 4294 273 4310 ——u——u

138 4347 159 4381 ¹⁵
177 4367 256 4402 susm
274 4352 378 4402 addit
449 4351 470 4384 ¹⁷
488 4351 548 4404 ‚Ac
565 4357 595 4402 n.
614 4351 651 4402 Et
669 4354 726 4402 1.2.
795 4349 816 4383 ¹³
835 4352 928 4402 audito
946 4355 972 4401 2.
990 4351 1039 4406 aed
1054 4367 1122 4402 corr.
1135 4353 1185 4416 ds.
1250 4367 1311 4404 curn
1330 4356 1354 4404 1.

80 4425 98 4460 ²¹
113 4435 223 4500 populos
242 4439 267 4486 4.
337 4437 362 4498 5.
375 4433 443 4502 127]
463 4434 562 4487 Mirum
578 4437 687 4488 ridetur
704 4417 792 4502 noqire
810 4437 961 4488 Huttenurn
973 4451 1061 4501 nequo
1080 4431 1165 4486 elium
1177 4451 1256 4504 quem
1268 4438 1355 4488 solem

80 4515 253 4572 inconsultam
272 4535 334 4571 oum
350 4521 400 4574 sod
416 4527 473 4573 tum
491 4527 599 4573 suetsm
612 4521 829 4573 consultationis
846 4520 994 4586 pontificiae
1008 4520 1141 4590 rutionom
1152 4521 1355 4587 perstrinxisse,

80 4601 142 4664 quod
159 4605 238 4670 qussi
256 4605 341 4658 totius
359 4607 585 4658 contraTurcem
603 4605 671 4658 belli
689 4607 803 4672 gerendi
820 4619 994 4672 progrsmms
1012 4605 1199 4671 publicarent,
1219 4605 1291 4670 qnod
1302 4605 1355 4678 ,nbi

79 4684 168 4742 tucia
179 4691 322 4756 cognitum
335 4691 439 4744 lectum
451 4692 535 4742 luerit
552 4689 592 4754 (et
604 4691 704 4742 Veneti
718 4695 794 4742 certo
813 4690 938 4742 ounotsri
955 4705 1011 4742 non
1028 4689 1167 4742 debebant
1177 4689 1273 4741 socios
1291 4704 1355 4740 snos

79 4775 261 4841 praemonere),
285 4763 398 4827 inritum
421 4781 449 4827 et
471 4774 614 4828 ridiculum
637 4776 721 4827 etism
739 4775 1053 4841 pomioiosissimumqno
1079 4769 1139 4825 tie'ri
1156 4763 1254 4840 potnit.
1290 4773 1353 4826 Non
