3434 5512
62 441 68 454 '
161 441 270 478 LROMB
283 442 309 478 1.
323 443 433 478 consult
445 443 595 480 LVTBERVH
610 442 700 479 BVLM
714 443 775 478 ΜΤ.
793 439 889 482 timuit.
903 444 929 479 tt.
944 438 1001 479 1590,
1016 445 1039 479 ll·
1054 445 1177 480 ttV'rrttttt
1189 445 1281 482 ΝΟΤῙΕ.
1319 417 1391 489 3⁸25

92 599 180 674 apud
193 615 252 657 nos
272 599 300 657 si
318 597 515 671 effectualiter
530 603 700 674 paruerint,
722 607 751 659 et
766 603 905 675 petuisse
917 617 977 676 per
997 602 1127 675 tepitima
1145 602 1319 663 documenta
1341 621 1394 665 nas

31 747 33 752 .
92 701 341 772 ceremoniae
367 696 522 775 ¹¹paterna
549 701 704 760 eharitatis
729 701 868 774 affectam
893 711 923 763 et
946 711 1083 778 apertam
1110 698 1345 765 mansuetudinis
1365 715 1394 768 et

92 804 261 862 clementiae
284 801 419 874 ‘sontem
468 802 638 862 Inhibentes
664 803 870 864 'nibilominus
895 804 991 863 eidem
1013 805 1146 864 Martina
1172 823 1213 864 es
1239 823 1334 878 anano,
1361 817 1395 868 ot

93 906 214 962 interim
243 903 282 962 ab
302 904 382 962 omni
396 903 629 979 predicatione,
658 920 711 962 sea
738 907 965 980 praedicationis
992 906 1092 979 assicia
1117 909 1233 966 omnino
1261 909 1391 970 desistat.

73 1002 181 1065 Μία
204 1008 277 1080 quin
298 1014 329 1064 nt
349 1006 445 1080 iprsnrn
469 1005 651 1078 Martinam,
678 1008 705 1066 si
731 1006 814 1079 sorte
841 1010 1010 1066 institisset
1033 1011 1148 1068 virtutis
1171 1025 1255 1068 arnor
1276 1027 1296 1068 a
1311 1027 1393 1085 pec-

91 1115 160 1168 cato
180 1124 242 1168 non
261 1108 409 1180 retrabat,
432 1107 683 1180 indnlpentioeqne
702 1124 769 1182 spes
789 1109 832 1166 acl
849 1112 1051 1183 poenitentiam
1069 1125 1127 1168 non
1145 1111 1283 1182 redueat,
1308 1119 1392 1186 ‘pre-

92 1226 207 1268 narnm
224 1217 323 1270 terror
336 1215 472 1268 coereeat
487 1207 672 1284 discipline:
694 1210 819 1269 eundern
835 1211 1012 1282 Martinam,
1026 1208 1173 1290 recusate
1194 1213 1391 1286 adparentes,

92 1314 268 1386 complices,
291 1309 445 1382 ‘sonores
459 1316 489 1370 et
500 1317 700 1385 receptatores
718 1319 819 1372 tenore
832 1315 1024 1397 praesentiam
1042 1316 1222 1388 requirimus
1233 1325 1270 1393 ‚et
1288 1332 1391 1375 mone-

92 1429 158 1473 mus
173 1416 206 1471 in
228 1415 334 1472 virtnte
352 1419 465 1472 sanetae
485 1413 672 1480 obedientie,
694 1421 724 1472 et
743 1413 796 1471 snb
815 1416 972 1488 predictis
987 1416 1119 1475 omnibns
1133 1423 1162 1475 et
1180 1419 1306 1490 sinpaIis
1321 1433 1391 1491 por-

62 1516 156 1586 tonis,
179 1532 215 1574 eo
236 1517 299 1590 ipso
320 1514 516 1584 incurrendo,
542 1514 674 1574 districte
689 1515 899 1590 precipiendo
921 1511 1126 1590 ‘mandamns
1157 1525 1300 1592 quatenns
1321 1521 1391 1578 ‘ia-

89 1615 150 1688 [ra
172 1619 334 1690 senapinta
355 1615 433 1690 dies,
452 1631 576 1688 quornm
594 1617 699 1689 cipinti
715 1633 774 1691 pro
790 1619 905 1692 primo,
929 1619 1033 1692 aipinti
1050 1636 1108 1695 pra
1124 1620 1268 1694 secondo,
1290 1626 1319 1679 et
1337 1637 1390 1680 re-

93 1721 192 1793 liquos
220 1720 322 1792 vipirrti
346 1717 409 1776 dies
433 1731 491 1791 pro
511 1719 597 1776 tertio
617 1723 646 1776 et
663 1721 865 1794 peremptorio
886 1723 1009 1780 termino
1030 1723 1232 1795 assicamus,
1253 1722 1293 1780 ab
1314 1721 1391 1794 usfi-

93 1823 188 1879 xione
205 1822 402 1893 praesentiant
425 1821 455 1876 in
482 1820 555 1878 locis
577 1818 797 1894 infrascriptis,
827 1821 988 1880 inmediate
1007 1831 1159 1897 sequentes
1181 1825 1391 1884 numerandos.

94 1922 169 1998 Ipse
188 1920 352 1990 Martinus,
373 1901 544 1994 complices,
563 1920 715 1992 fautores,
738 1922 931 1992 adherentes,
953 1932 983 1982 et
999 1933 1197 1999 receptatores
1211 1927 1356 2000 predicti
1372 1943 1392 1985 a

63 2022 242 2100 toproesatis
263 2023 427 2094 erroribus,
454 2038 614 2096 eorumque
637 2023 871 2097 predicatione,
896 2041 934 2084 ac
952 2025 1152 2100 publicatione
1172 2035 1201 2086 et
1221 2031 1390 2102 assertione,

94 2124 273 2196 descensione
297 2139 425 2198 qnoque,
454 2131 483 2182 et
503 2123 659 2198 iiororrnn,
685 2141 736 2183 seo
757 2129 977 2201 scripturaram
998 2128 1139 2200 editione,
1158 2144 1249 2203 saper
1272 2129 1391 2200 eisdem,

94 2230 157 2287 siae
178 2241 280 2286 eornnn
301 2227 403 2300 aliano
423 2227 540 2286 omnino
562 2227 719 2286 desistant:
741 2227 889 2302 librante
910 2243 948 2288 ae
968 2231 1136 2302 scripturas
1156 2245 1255 2290 onnes
1276 2236 1305 2290 et
1326 2232 1392 2289 sin-

97 2463 154 2524 cile
179 2449 326 2522 eredimus
349 2468 516 2540 empturum
539 2464 637 2540 magni
661 2469 704 2534 te,
728 2469 760 2523 ut
782 2481 883 2524 verum
907 2471 1070 2533 taceamus,
1094 2463 1205 2544 tibique
1219 2469 1391 2544 permitten-

95 2573 144 2625 tes
168 2581 293 2641 regnum
316 2564 370 2641 ipsi
398 2581 501 2623 omnes
527 2572 587 2624 tem
613 2564 714 2642 iniquo
742 2565 861 2625 domino
891 2567 1051 2625 serviamus
1078 2565 1140 2624 tibi.
1220 2563 1390 2646 inpagesis.

60 2685 87 2724 n
98 2666 275 2727 charitatem
298 2671 393 2734 tumn,
417 2672 500 2743 peter
523 2663 598 2733 Leo,
623 2683 710 2746 quam
726 2667 834 2726 scimus
850 2665 943 2744 qualis
959 2667 1003 2726 sit.
1070 2664 1250 2727 ³Clementiae
1266 2675 1391 2743 etmen-

96 2767 265 2829 suetudinis
287 2766 398 2826 totitem
421 2764 511 2827 nudes
533 2765 631 2827 dicere
654 2768 699 2827 tet
729 2766 753 2826 Ο
781 2767 975 2846 iniquitatem!
1004 2769 1040 2827 tt
1068 2775 1148 2828 certe
1171 2769 1215 2828 isti
1238 2777 1307 2830 sunt
1329 2771 1392 2828 ion-

98 2878 144 2931 tes
169 2887 244 2946 aque
269 2874 418 2936 carentes,
447 2866 563 2928 nebule
592 2885 657 2946 qum
680 2885 696 2928 a
717 2867 848 2948 procella
878 2869 1027 2942 teruntur,
1057 2868 1164 2948 quibus
1194 2867 1287 2948 caliga
1311 2878 1392 2931 teue-

97 2971 223 3031 brarum
247 2971 274 3028 in
298 2949 440 3029 eternum
462 2955 575 3029 servate
600 2978 652 3030 est.
697 2969 798 3048 ltaque
827 2969 898 3031 nihil
921 2971 998 3048 egis,
1027 2971 1102 3041 Lea,
1134 2970 1180 3032 vel
1209 2971 1251 3031 sic
1280 2971 1393 3050 tingens

98 3081 143 3133 te:
168 3088 229 3132 non
252 3071 330 3131 eninr
354 3069 592 3148 derelinquemus
615 3071 725 3132 iontem
748 3088 831 3149 aqnae
853 3073 924 3131 vivae
947 3072 1115 3142 dominum,
1139 3078 1168 3132 et
1189 3072 1324 3133 tollemus
1339 3091 1393 3132 na·

62 3173 144 3234 nb'm
168 3174 326 3240 cisternas,
350 3189 415 3250 que
438 3189 497 3248 non
521 3171 659 3234 valebunt
681 3191 787 3250 equam
804 3173 965 3234 continere.
998 3157 1011 3182 ⁶
1032 3173 1208 3236 'Veritatem
1231 3175 1393 3253 predicere

96 3281 175 3336 vetat
197 3273 375 3341 botherum
398 3290 495 3351 neque
517 3274 593 3334 enim
617 3275 760 3352 patientes
782 3273 845 3334 eius
866 3282 936 3336 sunt
957 3274 1041 3336 urbis
1062 3292 1158 3335 sures.
1197 3275 1254 3336 Sed
1270 3275 1319 3336 ille
1335 3293 1393 3336 non

95 3375 232 3457 parebit,
255 3380 322 3452 post
337 3392 425 3452 quam
441 3373 532 3434 semel
548 3376 622 3436 viem
637 3377 765 3438 veritatis
781 3374 878 3453 elegit.
945 3374 1069 3436 ¹’Omnia
1085 3382 1247 3454 pertentet,
1272 3383 1301 3436 et
1315 3377 1393 3454 quod

95 3475 338 3546 aiunt‚‘0mnem
361 3483 459 3538 movet
479 3475 616 3553 lapidem,
640 3482 672 3536 ut
694 3493 731 3536 ne
753 3494 845 3554 regna
869 3469 992 3539 excidat.
1038 3477 1110 3538 Tem
1132 3477 1213 3538 inviti
1236 3478 1394 3553 exiguntur

96 3578 227 3659 tyranni.
292 3576 409 3638 ‘Adhuc
432 3595 551 3639 movere
572 3578 643 3638 istos
665 3594 718 3638 nos
740 3586 870 3640 terrores
892 3580 1046 3640 existimem
1070 3596 1129 3638 non
1145 3580 1224 3638 novit
1238 3577 1393 3638 Germania

63 3687 249 3760 sequentum
270 3680 420 3740 immutate
443 3679 495 3749 sit,
518 3678 641 3740 discere.
707 3677 837 3740 dVereor
860 3699 919 3759 quo
942 3680 1053 3742 evadat.
1120 3677 1183 3739 ‘Dii
1205 3678 1407 3748 immortales·

97 3789 244 3861 quantum
272 3780 418 3842 bonarum
448 3780 602 3841 hominum
630 3780 755 3840 Romam
788 3789 888 3842 vocet:
922 3799 982 3841 non
1016 3783 1113 3859 capiet
1145 3779 1225 3842 urbs.
1271 3779 1328 3840 Sed
1363 3786 1394 3840 tu
1490 3861 1493 3870 .

96 3885 180 3954 vide,
211 3883 288 3951 Lea,
317 3900 355 3943 ne
383 3888 412 3942 te
435 3898 543 3944 oneres
565 3880 730 3960 hospitibus
759 3883 844 3943 trimis
866 3882 974 3948 multis.
1019 3883 1065 3944 ble
1089 3882 1206 3960 quidem
1229 3882 1255 3940 si
1276 3881 1395 3942 audient

98 3986 163 4055 ulii,
187 3983 339 4046 veniemus
362 3981 424 4044 tibi.
491 3980 628 4044 ‘Domine
653 3983 742 4054 dene,
771 3983 967 4063 possederunt
994 4001 1049 4044 nos
1076 3984 1186 4045 domini
1215 3982 1326 4060 absque
1350 3989 1415 4072 te:'

98 4095 215 4149 tantum
237 4087 267 4146 iu
290 4091 319 4146 te
341 4085 536 4146 recordemur
557 4085 684 4145 nominis
706 4086 758 4146 tui.
830 4085 912 4146 ¹Nou
933 4086 1004 4146 satis
1033 4085 1148 4146 dierum
1177 4089 1236 4153 est,
1266 4083 1396 4153 Decime,
1429 4095 1435 4103 ·

167 4321 190 4356 ²¹
210 4322 259 4372 isti
276 4319 351 4388 tunt]
368 4321 445 4372 Petri
457 4321 492 4376 ll.
505 4337 549 4387 ep.
562 4322 600 4372 11.
613 4320 653 4371 tt.
678 4320 715 4370 ci.
730 4319 806 4376 Indse
826 4335 868 4386 ep.
888 4336 914 4371 v.
929 4321 969 4372 te.
1021 4319 1045 4355 ²⁴
1063 4317 1265 4372 Ierem.ll.13.
1317 4319 1340 4352 ¹¹
1358 4320 1395 4370 ci.

98 4409 202 4461 Psalm.
217 4405 343 4457 CXVIII.
356 4404 397 4457 30.
433 4403 455 4438 ²⁸
474 4406 553 4457 Omn.
564 4405 620 4472 lep.
633 4402 715 4470 moe]
729 4405 822 4456 omnin
834 4409 1013 4472 pertemptet,
1035 4407 1174 4472 experitur
1186 4405 1290 4466 omnia,
1311 4405 1397 4454 omni-

97 4495 149 4546 bns
174 4491 301 4544 consiliis
318 4491 460 4556 modisque
479 4489 586 4556 aliquid
604 4490 671 4555 agit.
690 4491 820 4540 Latinum
833 4489 1014 4556 Groeenmque
1033 4485 1141 4553 (noim
1153 4486 1241 4540 libor
1257 4503 1279 4540 s.
1293 4481 1398 4552 πέτρον

97 4577 204 4641 nertio)
224 4575 399 4642 proverbium
417 4575 641 4638 nsitetissimnm,
659 4578 690 4624 ut
703 4573 817 4627 Omnem
836 4573 930 4625 funem
948 4590 970 4624 s.
984 4573 1126 4624 rudentem
1139 4587 1263 4632 movere,
1282 4571 1396 4622 Omnem

98 4665 195 4716 iacere
215 4661 320 4720 eleum,
341 4665 371 4710 et
387 4660 498 4710 similia.
534 4658 557 4692 θ’
575 4660 700 4720 Gomice,
720 4663 751 4710 ut
768 4657 883 4710 Plautus
903 4658 1106 4718 ‘hilaritudine,
1131 4657 1251 4717 laetitiis,
1271 4654 1396 4719 volupta-

99 4749 174 4798 tibus
194 4747 330 4808 onerere'‚
350 4745 399 4794 sed
418 4737 648 4796 etiam‘oneraro
667 4743 760 4809 gulam
778 4745 891 4808 potione
909 4743 1027 4794 vinces:
1079 4739 1101 4776 ³⁸
1119 4742 1183 4791 Issi.
1202 4740 1300 4792 XXVI.
1316 4737 1355 4788 13.
