3434 5512
989 256 998 290 t

124 479 256 516 stonum
268 477 441 516 Mss'fflolallll
456 480 557 516 ORATIO
572 483 606 517 D!
620 480 810 518 ΗΡΙὩΙΉΟΙΙ
822 480 932 520 ΟΟΜΒΔ
941 479 1049 548 δ’ῙἪΙΟΔΕ
1064 477 1256 519 evecturum.
1293 449 1361 522 26¹

93 656 138 696 nec
157 639 256 696 (loctiis
278 647 324 698 aut
345 639 464 696 Poeniuis
493 639 563 714 iugis
592 647 774 715 porrectoque
800 640 932 698 'lauronis
953 640 1053 697 vertice
1075 639 1104 694 in
1132 639 1217 698 nubes
1243 641 1332 698 minor
1354 661 1370 698 a

92 723 200 782 l’burcis
223 717 263 799 (ut
283 723 349 798 dixi)
369 731 514 799 superatus
543 733 592 782 est.
637 725 792 782 vestrorum
822 725 902 782 etiarn
930 726 1063 783 montium
1088 725 1247 782 durissimus
1274 733 1437 784 eantesssa.

93 809 143 883 igni
164 811 295 884 acetoque
317 808 475 866 Annibalem
497 809 613 884 fregisse
635 811 771 866 memorie
794 810 930 885 proditum
953 817 1003 866 est
1040 809 1088 866 sed
1115 825 1186 866 nunc
1214 809 1240 866 iu
1265 818 1369 868 tantum

92 893 200 950 bumana
221 895 305 951 erevit
327 893 453 958 audacia,
475 903 507 950 ut
527 896 551 952 si
574 895 628 954 iter
649 895 676 951 in
698 895 794 952 caelum
817 895 942 959 daretur,
966 911 1026 952 curn
1048 895 1232 968 diis-quoque
1254 895 1287 951 de
1309 895 1370 952 eseli

74 979 200 1054 simperto
222 978 321 1053 impius
345 979 510 1036 Thumarum
533 980 659 1054 princeps
686 981 850 1044 contendere
878 979 1003 1038 auderet:
1030 987 1125 1036 nostru
1155 980 1226 1036 enirn
1257 979 1317 1036 odia
1340 998 1386 1054 ac,

92 1063 233 1120 seditiones
256 1063 332 1120 illurn
355 1065 504 1122 animosum
527 1065 656 1126 reddunt,
679 1082 729 1121 nos
751 1065 841 1139 ipsum
863 1063 954 1120 mundi
977 1063 1115 1121 dominum
1131 1063 1251 1128 iacimus.
1273 1081 1297 1122 ¹o
1320 1065 1370 1122 hu·

92 1165 188 1205 manain
216 1148 374 1212 stultitiam.
404 1165 421 1204 o
448 1149 557 1206 insanas
585 1157 703 1212 ruentes,
732 1166 749 1206 o
777 1166 846 1206 caeca
872 1149 997 1222 pectora!
1029 1148 1128 1204 siccine
1157 1148 1369 1208 Christianorum

92 1232 237 1290 libertatem
260 1229 442 1296 defendimus.
465 1233 564 1291 siccine
585 1233 764 1291 immortalem
787 1232 901 1308 gloriam
923 1233 1155 1308 comparabimus?
1177 1249 1232 1290 uon
1254 1234 1304 1291 bac
1319 1235 1438 1298 viatus.

92 1317 151 1373 mibi
171 1319 291 1380 credite.
314 1319 444 1376 sedvera
466 1319 617 1376 animorum
639 1316 783 1376 eoncordia
810 1335 841 1376 ae
861 1317 1041 1375 beniuolentia
1069 1326 1219 1392 mutuoque
1241 1317 1309 1376 bene
1332 1319 1371 1376 la·

67 1402 171 1459 ttcicudi
193 1403 315 1470 studio
308 1421 336 1460 ιιι
357 1403 454 1460 caelum
477 1404 625 1478 gradimur.
656 1421 765 1468 uereor.
788 1420 898 1468 vereor.
923 1403 1045 1478 iuquam.
1067 1411 1098 1460 ut
1118 1403 1185 1460 deus
1200 1403 1279 1460 aliter
1295 1403 1369 1467 laxit,
1430 1446 1433 1456 .

91 1505 121 1542 ne
141 1505 200 1544 cusu
223 1487 389 1546 voluerimus
418 1497 445 1546 et
472 1489 531 1548 aliis
561 1497 589 1545 et
615 1488 696 1546 nobis
724 1488 870 1563 prodesse
899 1506 952 1545 non
982 1489 1126 1563 possimus.
1170 1487 1288 1546 Obsecro
1311 1507 1368 1553 vos,

90 1573 159 1628 euius
180 1573 271 1648 gratia
293 1580 384 1630 tantus
406 1551 641 1649 Constantinopoli
663 1582 693 1630 et
715 1575 866 1631 terrestris
874 1581 902 1631 et
924 1573 1075 1631 maritimus
1089 1579 1201 1646 paratur
1215 1573 1368 1630 exereitus?

90 1656 161 1713 cuius
179 1658 284 1715 viscera
307 1659 452 1715 'lurcorum
474 1675 569 1717 mucro
591 1660 728 1733 petiturus
749 1659 808 1715 esti
829 1675 927 1732 nempe
948 1668 1054 1720 nostra,
1083 1675 1133 1714 uos
1155 1659 1226 1721 vult,
1249 1675 1299 1716 nos
1322 1675 1368 1734 pe-

91 1739 132 1804 tit,
153 1741 180 1798 in
203 1759 255 1800 nos
277 1741 407 1800 vibratur.
444 1742 579 1800 consulite
602 1761 668 1818 ergo
696 1743 811 1817 publicae
833 1743 928 1806 saluti.
952 1752 980 1800 et
1002 1743 1048 1800 ubi
1076 1741 1283 1804 consulueritis.
1311 1761 1366 1800 ma·
1354 1751 1437 1803 -ιιι,

65 1832 145 1882 ιιιιιιι
171 1829 262 1902 agite,
290 1827 395 1912 diisque
425 1827 580 1902 auspicibus
609 1847 639 1886 ac
662 1828 730 1885 bene
752 1828 905 1886 iuvantibus
933 1837 962 1884 tu
988 1828 1016 1884 in
1043 1827 1153 1902 primis,
1187 1827 1369 1886 sacratissime

90 1910 244 1985 imperator.
274 1929 347 1969 arma
368 1928 448 2008 para
475 1912 598 1970 describe
621 1913 783 1970 exercitum:
806 1930 861 1970 uon
890 1921 937 2002 tna
957 1913 1051 1970 deerit
1067 1913 1221 1976 Germania.
1250 1929 1306 1970 non
1329 1913 1369 1970 tui

91 1996 269 2092 potentissimi
291 1997 443 2092 principes.
467 2015 537 2072 quos
559 1997 592 2056 ad
614 1997 683 2056 bane
704 1999 851 2056 navandam
873 1989 1038 2072 provinciam
1053 1997 1222 2055 avidissimos
1237 2015 1297 2055 esse
1312 2015 1370 2055 cer-

90 2080 139 2142 nis:
160 2081 255 2158 copias
277 2082 345 2140 mari
367 2091 494 2156 terraque
516 2083 622 2139 instrue
649 2100 681 2140 ac
709 2091 762 2140 tam
784 2081 933 2158 gloriosam
956 2081 1020 2139 belli
1041 2082 1242 2156 expeditionem
1272 2100 1370 2156 aggre-

89 2165 159 2227 dere:
182 2181 250 2241 cape
273 2165 356 2241 gladii
378 2185 409 2224 ae
430 2166 496 2242 pilei
518 2183 614 2232 omen,
643 2185 703 2263 quae
733 2167 782 2224 tibi
805 2185 819 2224 a
840 2167 931 2224 Leone
954 2167 997 2222 .x.
1029 2166 1158 2241 pontifice
1185 2167 1299 2224 maximo
1329 2169 1369 2224 in·

64 2251 289 2322 ttprasentiamun
312 2253 393 2308 missa
415 2261 495 2308 sunt:
507 2247 603 2309 altero
626 2253 696 2309 enim
720 2262 747 2311 te
769 2252 850 2310 armis
873 2259 968 2309 cuneta
998 2259 1203 2326 superaturum
1231 2251 1318 2308 altero
1342 2260 1368 2308 te

90 2335 166 2391 totius
188 2336 287 2393 orbis
287 2353 415 2393 eoronam
438 2337 597 2434 adepturum
620 2337 847 2412 interpretamur:
872 2344 915 2393 tua
937 2337 1009 2393 eninr
1030 2337 1158 2398 interest.
1181 2344 1212 2392 ut
1233 2353 1293 2392 curn
1316 2336 1397 2401 boet.
1403 2351 1436 2394 or.

89 2417 156 2475 intuli
177 2437 242 2478 ense
267 2438 298 2478 ae
319 2421 488 2478 validissimis
510 2423 597 2496 copiis
619 2417 813 2480 Gennanorum
836 2431 944 2478 tuorum
958 2421 1075 2478 Pontum
1098 2420 1270 2494 aggrediare:
1293 2409 1325 2478 ad
1341 2429 1368 2478 te

89 2502 304 2564 florentissimum
326 2505 392 2564 illud
415 2507 564 2582 Byzantii'
557 2507 700 2581 imperium
722 2507 784 2580 (nisi
807 2507 887 2563 aliter
908 2495 1044 2577 statuatis)
1073 2505 1183 2570 attinet:
1212 2513 1288 2562 tuum
1312 2523 1370 2562 see·

90 2595 186 2661 ptrum.
217 2597 295 2648 tuum
324 2589 423 2648 solium
453 2592 629 2686 repetendum
658 2597 709 2648 est.
752 2593 805 2649 boo
833 2591 988 2658 Thraciam,
1018 2591 1151 2651 Maesium.
1180 2590 1369 2652 Macedoniam.

64 2672 262 2739 audentiam,
284 2675 428 2739 Graciam.
456 2675 597 2750 Epirum
590 2694 617 2732 ιιι
640 2675 747 2753 Europa
775 2677 979 2751 complectitur:
1008 2677 1080 2732 ultra
1102 2675 1225 2749 AEgaeum
1252 2694 1283 2732 ac
1304 2677 1370 2732 Pro·

91 2761 228 2830 pontidem.
251 2768 284 2816 ut
305 2761 339 2818 de
362 2758 510 2818 innumeris
532 2778 563 2818 ae
585 2761 761 2818 fertilissimis
783 2761 878 2818 insulis
910 2771 1025 2825 taceam,
1054 2762 1157 2817 Pontus
1185 2779 1245 2818 oum
1274 2779 1370 2835 magna

90 2850 159 2916 p'arte
179 2845 252 2902 Asiae
275 2845 306 2902 ad
330 2854 375 2902 tua
398 2846 456 2902 iura
478 2854 506 2902 et
528 2843 643 2919 gloriam
666 2855 802 2922 spectant:
826 2845 1026 2913 nam-Galatia,
1050 2863 1110 2918 quae
1133 2845 1204 2902 ultra
1218 2845 1369 2920 bithyniam

90 2935 139 2990 est.
160 2929 393 2988 christianissimo
420 2931 479 3006 regi
507 2947 567 2987 eum
595 2931 703 2988 caeteris
726 2932 856 3006 proximis
878 2931 1025 3005 provinciis
1048 2930 1106 2986 iure
1128 2932 1218 3004 gentis
1245 2929 1368 2987 debetur.

91 3009 130 3068 lllc
152 3023 226 3072 tuum
249 3023 375 3090 expectat
396 3023 508 3078 nutum,
537 3024 612 3072 tuum
636 3016 778 3073 consilium
806 3025 942 3080 moratur:
975 3016 1073 3078 instat.
1103 3024 1196 3089 rogat.
1224 3015 1438 3089 supplicant-⁶8·

64 3100 117 3152 sam
137 3099 185 3155 sibi
209 3101 317 3157 taudem
341 3119 372 3156 ex
395 3097 564 3158 nobilissimo
586 3099 793 3160 Massiliensium
815 3109 898 3177 portu
923 3101 1028 3158 solvere
1057 3101 1152 3163 liceat,
1181 3109 1211 3156 ut
1238 3101 1371 3175 potentis·

90 3183 148 3240 sima
168 3177 255 3242 classe
279 3203 327 3242 sua
348 3185 495 3242 ditissimas
518 3185 619 3260 Lyoiae.
641 3185 807 3261 Pamphylia
828 3205 859 3244 ae
882 3186 980 3243 Ciliciae
1002 3194 1060 3242 tum
1078 3185 1226 3242 maritimas
1243 3193 1300 3242 tum
1315 3201 1371 3240 me-

89 3265 247 3326 diterraneas
271 3271 351 3328 urbes
374 3270 495 3334 invadat;
519 3280 549 3327 ut
571 3270 748 3346 Gallograeoi.
776 3288 843 3346 gens
865 3287 928 3333 sua.
959 3271 1003 3347 qui
1027 3271 1133 3326 brenno
1160 3271 1228 3326 duee
1250 3268 1371 3344 locuple·

91 3350 211 3410 tissimum
233 3355 306 3412 Asiae
328 3363 432 3430 partem
456 3365 638 3431 occuparunt,
662 3364 830 3430 repetantur.
866 3357 924 3412 scio
946 3354 1124 3412 fortissimum
1147 3371 1248 3428 regem.
1271 3360 1298 3410 et
1320 3354 1372 3410 boo
1474 3423 1480 3430 ¹

90 3434 152 3494 baud
174 3446 277 3497 temere
298 3457 406 3504 assero,
437 3457 486 3497 nec
508 3439 666 3497 Christianae
695 3440 829 3503 libertati.
858 3457 915 3496 ner.
937 3439 1039 3496 nomini
1069 3455 1132 3500 suo,
1162 3455 1211 3494 noc
1238 3438 1370 3495 voluntati

64 3527 148 3584 iituae.
175 3525 238 3580 dum
268 3525 499 3600 opportunissima
528 3527 636 3584 occasio
663 3534 721 3591 est,
749 3526 915 3583 defuturum.
958 3525 993 3580 lie
1028 3541 1094 3597 rege
1127 3539 1191 3580 roro
1220 3523 1437 3586 osrhohenem·

91 3609 199 3666 omniurn
227 3627 301 3667 nunc
329 3629 425 3685 regum
454 3611 660 3686 potentissimo,
690 3609 746 3666 lilio
777 3619 824 3668 tuo
849 3609 1025 3674 charissimo,
1059 3618 1112 3666 tam
1139 3607 1294 3665 admiranda
1321 3608 1368 3666 tibi

92 3692 202 3762 polliceri
225 3705 321 3770 potes,
345 3705 375 3752 ut
397 3695 542 3771 complecti
564 3697 669 3762 animo,
696 3696 761 3752 durn
782 3711 814 3754 ea
835 3695 966 3758 meditor,
995 3693 1039 3749 vix
1066 3693 1186 3768 possim:
1216 3693 1271 3749 tuis
1299 3693 1371 3748 euim

91 3779 207 3850 auspiciis
236 3789 332 3837 nactus
360 3789 403 3838 est
431 3781 595 3839 loelioissima
624 3799 715 3839 rerum
743 3781 829 3839 initia.
872 3780 906 3836 Ει
934 3795 968 3834 ue
995 3775 1130 3854 llispanias
1158 3776 1371 3852 magnitudinem

92 3862 182 3920 totiens
203 3865 367 3929 referamus,
391 3867 507 3942 dpbriea
529 3867 581 3924 iam
603 3866 669 3928 sibi,
692 3874 721 3922 et
741 3864 907 3923 adolescenti
931 3863 1055 3938 quidem,
1079 3879 1175 3937 parere
1197 3861 1305 3926 didicit;
1328 3878 1370 3917 re·

65 3949 132 4016 liges
153 3949 232 4021 paulo
255 3959 317 4008 ante
340 3969 401 4008 eum
428 3950 462 4007 ab
489 3951 667 4015 aenobarbo,
696 3951 804 4008 bomine
832 3948 1035 4026 pugnacissime
1063 3955 1091 4002 et
1119 3947 1249 4010 factioso.
1279 3946 1370 4020 regnis

90 4110 281 4126 -——-——

148 4212 231 4283 ¹aut]
249 4222 347 4269 nect.
381 4215 610 4270 ¹duriasimosd.
645 4217 834 4268 ⁸Hannib..2
875 4213 1370 4268 utv.xrt1.3t.⁷eoeear.⁹be-

90 4303 180 4350 nev..2
225 4300 248 4336 ¹⁴
266 4317 340 4353 cous.
360 4306 466 4353 mature
486 4304 530 4370 ιζ.
544 4308 567 4354 2.
588 4303 769 4365 consulueris
783 4308 890 4354 mature
909 4303 987 4354 laeto
999 4315 1067 4366 opus
1080 4305 1130 4350 ert.
1143 4299 1256 4352 Sallust.
1270 4300 1367 4354 cata.

90 4379 437 4452 contemplabere.
473 4387 495 4420 ¹⁹
507 4389 544 4442 ef.
558 4387 646 4440 deser.
661 4404 739 4440 conr.
753 4389 822 4454 Aug.
836 4392 865 4438 et
877 4387 1009 4454 imprimis
1022 4385 1164 4438 Manlium.
1204 4383 1226 4418 ²⁵
1237 4385 1332 4452 Epyria
1346 4392 1369 4438 1.

89 4461 211 4536 ’'speet]
224 4472 354 4537 pertinet.
368 4475 447 4525 2.i.e.
485 4474 591 4525 Galatas
601 4473 763 4532 [ιἀιιοειιιε.
798 4473 959 4538 Bythlniem
969 4476 992 4523 1.
1028 4470 1047 4505 ⁸¹
1061 4469 1225 4537 Pamphiliae
1237 4473 1264 4522 2.
1299 4470 1321 4504 ⁸¹
1335 4471 1371 4524 ci.

90 4548 474 4622 luetinbist.xxllll.d.sqq.
510 4555 909 4624 ιθἰἰῑο]ἰ.ιι.ιιιη·ιοιο,(Σιιιοιο.
944 4555 1087 4610 ⁸⁸tclio.2.
1120 4555 1144 4591 ¹⁰
1156 4555 1240 4608 toties
1252 4558 1278 4606 2.
1312 4556 1372 4608 Afr.

91 4635 111 4684 2.
123 4639 191 4688 etsie
199 4647 268 4705 poet.
320 4639 344 4674 ⁴⁰
361 4640 537 4708 Aenobarbo]
557 4643 653 4694 Horuk
671 4659 693 4694 a
705 4644 779 4694 Arne
790 4643 970 4703 Barbaroasn,
991 4658 1025 4692 ex
1041 4641 1120 4708 figuli
1137 4639 1195 4691 tilio
1212 4641 1288 4692 iacto
1306 4657 1372 4707 rege

90 4717 247 4787 digamum,
271 4725 344 4794 apud
361 4727 557 4778 Tremezenios
575 4727 717 4790 (Timaea)
736 4727 771 4778 ab
789 4728 922 4794 Hispanis
939 4727 1015 4777 vieto
1040 4731 1068 4776 et
1084 4726 1259 4792 interempto.
1284 4725 1323 4776 el.
1337 4723 1372 4777 sd

91 4801 194 4857 Habent
211 4811 287 4860 Fort.
300 4810 374 4872 §.72
387 4811 481 4862 adnot.
496 4817 524 4863 et
541 4813 630 4878 ipsum
648 4813 723 4864 iufra
741 4814 921 4878 repetendam
936 4810 1092 4863 Barthcllni
1110 4809 1331 4876 descriptionem.
