3434 5512
683 1097 937 1166 RIOCHARDI
972 1095 1254 1162 BARTHOLINI

812 1240 880 1280 vum
902 1238 1126 1280 nnvnrrrssrur

733 1341 777 1426 uu
799 1341 973 1399 CONVENTV
995 1339 1200 1398 tvuvstuttst

781 1461 943 1519 concludit
964 1458 1153 1518 DESCRIPTIO

402 1580 504 1622 REBVS
528 1581 628 1624 mrtem
651 1579 869 1622 mxruuuuttvu
894 1579 1039 1620 uuurtvu
1062 1577 1134 1626 dvm
1157 1577 1294 1619 tumuerit
1319 1577 1430 1618 uum
1455 1575 1533 1618 svnr
1611 1569 1622 1610 l

707 1665 771 1707 GVH
794 1665 978 1706 uuuoturtt
1006 1663 1231 1706 INTERSEBTIS.

876 1761 1062 1814 tutuxvm.

590 2021 759 2080 counrovs
789 2021 944 2080 menum
975 2021 1015 2080 un
1048 2019 1348 2078 mmurusruuoeu

708 2109 711 2116 '
752 2157 934 2201 CANONIOVS
966 2155 1190 2202 AVGVS'I'BNSIS

683 2277 876 2320 reversuro
900 2276 941 2318 ae
964 2275 1255 2319 rumenaurresruo

762 2375 884 2428 PAVLO
902 2375 952 2427 Du
972 2375 1178 2426 OBERSTAIN

533 2498 724 2541 rnmrosrro
746 2497 920 2541 vrnuueusr
945 2495 1099 2540 omninno
1124 2484 1333 2540 eousruranro
1356 2477 1408 2538 dre.

893 2617 1050 2658 SALVTEM.

411 2771 458 2828 Vir
480 2771 665 2834 ornatissime,
688 2770 758 2828 alter
780 2770 952 2843 literatorum
975 2769 1120 2832 llecoenas.
1150 2769 1214 2826 Cum
1243 2757 1314 2828 tenti
1333 2777 1485 2826 conventus
1507 2768 1614 2826 celebri·

326 2863 408 2913 tatem
431 2865 497 2912 aetus
520 2864 614 2912 nostre
637 2858 767 2930 Augrrstoe
789 2854 988 2912 vindelicorum
1012 2855 1122 2918 viderit.
1147 2855 1224 2928 queri
1245 2862 1320 2912 certe
1342 2871 1396 2912 non
1419 2854 1556 2912 immerito
1570 2866 1642 2928 potr·

326 2949 459 3004 teramus,
483 2940 506 2997 si
529 2956 559 2997 ea
581 2939 623 2996 vel
646 2941 810 3015 scriptorum
834 2941 931 2998 inertia
954 2939 995 2996 rel
1019 2949 1171 3014 temporum
1200 2939 1327 3000 avaritie.
1357 2956 1408 3013 qua
1439 2955 1537 2995 omnes
1565 2939 1615 2995 lere

326 3025 461 3080 astudiis
483 3026 668 3088 deterremur.
693 3025 831 3082 memoriae
854 3025 950 3082 tradito
974 3041 1027 3081 uon
1043 3025 1150 3081 luisset.
1181 3032 1208 3080 et
1223 3023 1351 3080 nimirum
1366 3023 1547 3097 contigisset,
1570 3023 1616 3078 nisi

326 3109 490 3166 llicelrnrdus
511 3105 686 3166 Bartholinus
708 3119 817 3172 noster,
845 3111 887 3166 vir
908 3110 1030 3185 impense
1052 3109 1206 3166 eruditione
1232 3107 1416 3174 clarissimus,
1452 3103 1616 3182 quotidianis

326 3213 339 3249 u
363 3204 406 3250 rue¹
428 3193 555 3269 precihus
577 3194 721 3252 lacessitus
743 3194 798 3251 [liri
819 3193 935 3252 'Caesnris
957 3213 988 3253 ec
1009 3194 1164 3269 principum
1184 3201 1344 3251 nostrorum
1366 3193 1508 3250 memorie
1524 3210 1617 3252 eonsu-

326 3277 431 3334 lnisset.
467 3295 615 3353 aggressus
638 3287 681 3336 est
703 3297 769 3354 ergo
792 3279 864 3336 huuc
887 3288 1062 3341 conventum.
1084 3279 1193 3335 concise
1216 3287 1322 3339 tomen.
1345 3286 1376 3334 ut
1398 3277 1458 3352 ipse
1482 3277 1537 3341 ait.
1561 3291 1642 3334 namo

325 3363 349 3419 ei
373 3364 463 3421 omnin
486 3363 671 3439 prosequendi
696 3364 834 3422 inanimo
858 3381 912 3420 uon
936 3363 1002 3426 luit.
1026 3364 1073 3420 sed
1096 3364 1132 3419 ito
1157 3362 1280 3440 scripsit,
1305 3370 1335 3419 ut
1357 3362 1425 3419 nihil
1442 3363 1580 3420 eruditius
1593 3373 1618 3420 et

325 3447 478 3523 elegantius
502 3448 554 3522 legi
577 3449 675 3524 possit.
720 3449 744 3505 ls
767 3465 827 3506 cum
851 3467 915 3506 suns
937 3449 1140 3508 lucubrationes
1162 3449 1197 3506 ad
1216 3447 1409 3511 demisisset,
1433 3455 1517 3522 utque
1534 3447 1617 3506 obiter

325 3541 421 3607 postea
444 3534 477 3589 de
501 3541 547 3590 tua
570 3551 634 3608 erge
657 3551 687 3590 se
709 3533 843 3608 singulari
867 3533 1047 3591 benivolentia
1070 3532 1153 3590 multa
1183 3533 1247 3590 milri
1276 3531 1429 3595 retulisset,
1458 3533 1552 3590 statim
1582 3533 1617 3589 in·

326 3617 417 3674 telluri
441 3617 492 3674 sibi
516 3619 662 3676 iucundum
686 3620 759 3680 lore.
783 3619 807 3674 si
829 3618 877 3675 tibi
901 3619 951 3675 hos
975 3637 1041 3675 suos
1064 3617 1304 3675 commentariolos
1327 3617 1491 3674 dedicarem.
1522 3619 1615 3692 decipe

325 3703 412 3777 igitur
434 3703 485 3760 hoc
509 3703 711 3766 munusculum,
741 3720 796 3760 uon
820 3711 988 3766 tamenne,
1018 3720 1098 3778 quum
1121 3720 1134 3758 n
1158 3702 1305 3760 dicebardo
1329 3703 1391 3777 ipso
1414 3702 1464 3758 tihi
1488 3701 1643 3764 oblatumu

325 3803 450 3863 rogoque
471 3795 519 3855 ut,
549 3789 772 3864 quemadmodum
802 3797 829 3846 et
858 3797 911 3845 tum
933 3788 1110 3845 humanitatis
1134 3787 1251 3844 cilicium
1280 3796 1338 3852 est,
1367 3795 1395 3844 et
1423 3806 1472 3845 sua
1500 3797 1615 3844 meretur

324 3871 412 3929 virtus
434 3890 465 3930 ac
486 3873 625 3938 doctrino,
649 3873 687 3932 itu
709 3873 792 3930 solito
815 3873 903 3948 ipsum
931 3873 1084 3948 patrocinio
1112 3873 1183 3948 opud
1207 3873 1340 3930 cesarem
1363 3881 1488 3929 nostrum
1513 3887 1615 3948 semper

325 3965 472 4032 angustum
494 3967 522 4014 et
545 3957 636 4018 lovere
658 3967 686 4016 et
708 3958 833 4034 amplecti
856 3957 930 4015 velis.
954 3956 1025 4014 Vale.

394 4155 414 4190 ¹²
431 4157 564 4210 Vieneusi
578 4162 600 4208 1.
608 4162 632 4208 2.
669 4155 691 4190 ¹³
709 4157 887 4213 littettttcttil.
921 4159 1078 4220 Messenae,
1098 4155 1331 4218 internectebat,
1350 4157 1410 4208 edd.
1446 4156 1578 4220 illectum
1587 4159 1611 4205 2.

327 4237 385 4304 (cett
402 4257 537 4309 operarum
556 4258 648 4293 errore
662 4258 714 4308 pro
734 4241 804 4308 mee)
849 4241 871 4276 ¹⁴
888 4247 940 4298 'etue
958 4247 984 4294 2.
1007 4249 1033 4292 ut
1051 4243 1190 4307 saepissime
1209 4257 1286 4308 rprn
1309 4254 1337 4294 ce
1359 4241 1428 4308 quod
1444 4243 1469 4290 lo
1492 4255 1550 4306 epp.
1567 4255 1612 4289 cos

326 4325 462 4376 amatodo.
497 4325 520 4359 ²⁸
537 4325 652 4390 slflttum
672 4327 696 4376 2.
732 4325 754 4359 ²⁷
772 4327 841 4381 orlit.
854 4331 880 4378 2.
