<?xml version="1.0" encoding="UTF-8"?>
<!DOCTYPE html PUBLIC "-//W3C//DTD XHTML 1.0 Transitional//EN"
    "http://www.w3.org/TR/xhtml1/DTD/xhtml1-transitional.dtd">
<html xmlns="http://www.w3.org/1999/xhtml" xml:lang="en" lang="en">
 <head>
  <title>
</title>
<meta http-equiv="Content-Type" content="text/html;charset=utf-8" />
  <meta name='ocr-system' content='tesseract 3.04.00' />
  <meta name='ocr-capabilities' content='ocr_page ocr_carea ocr_par ocr_line ocrx_word'/>
</head>
<body>
  <div class='ocr_page' id='page_1' title='image "./ulrichihuttenie12huttgoog_0110.png"; bbox 0 0 3410 5524; ppageno 0'>
   <div class='ocr_carea' id='block_1_1' title="bbox 203 414 1357 496">
    <p class='ocr_par' dir='ltr' id='par_1_1' title="bbox 203 414 1357 496">
     <span class='ocr_line' id='line_1_1' title="bbox 203 414 1357 496; baseline 0 -14"><span class='ocrx_word' id='word_1_1' title='bbox 203 447 325 482; x_wconf 80' lang='grc' dir='ltr'>ιιιιτιιιιι</span> <span class='ocrx_word' id='word_1_2' title='bbox 344 447 373 482; x_wconf 91' lang='grc' dir='ltr'>ιιι</span> <span class='ocrx_word' id='word_1_3' title='bbox 391 447 484 483; x_wconf 78' lang='lat' dir='ltr'>nvcnu</span> <span class='ocrx_word' id='word_1_4' title='bbox 503 445 907 484; x_wconf 69' lang='lat' dir='ltr'>wrnreursnomrsswosamo</span> <span class='ocrx_word' id='word_1_5' title='bbox 926 447 953 484; x_wconf 87' lang='lat' dir='ltr'>v.</span> <span class='ocrx_word' id='word_1_6' title='bbox 971 427 1235 496; x_wconf 54' lang='lat' dir='ltr'>u.un1.(?)1a.tstt.</span> <span class='ocrx_word' id='word_1_7' title='bbox 1310 414 1357 486; x_wconf 86' lang='grc'>93</span> 
     </span>
    </p>
   </div>
   <div class='ocr_carea' id='block_1_2' title="bbox 52 597 1426 4248">
    <p class='ocr_par' dir='ltr' id='par_1_2' title="bbox 52 597 1426 4248">
     <span class='ocr_line' id='line_1_2' title="bbox 87 597 1359 682; baseline -0.003 -18"><span class='ocrx_word' id='word_1_8' title='bbox 87 601 219 680; x_wconf 81' lang='lat' dir='ltr'><strong>perdidit,</strong></span> <span class='ocrx_word' id='word_1_9' title='bbox 240 620 259 662; x_wconf 92' lang='lat' dir='ltr'>a</span> <span class='ocrx_word' id='word_1_10' title='bbox 280 601 387 682; x_wconf 91' lang='lat' dir='ltr'>quibus</span> <span class='ocrx_word' id='word_1_11' title='bbox 408 601 551 666; x_wconf 88' lang='lat' dir='ltr'>immensa</span> <span class='ocrx_word' id='word_1_12' title='bbox 573 604 687 680; x_wconf 90' lang='lat' dir='ltr'>accepit</span> <span class='ocrx_word' id='word_1_13' title='bbox 707 599 866 670; x_wconf 84' lang='lat' dir='ltr'>beneficia,</span> <span class='ocrx_word' id='word_1_14' title='bbox 889 601 925 662; x_wconf 92' lang='lat' dir='ltr'>iis</span> <span class='ocrx_word' id='word_1_15' title='bbox 939 597 1157 660; x_wconf 80' lang='lat' dir='ltr'><strong>ineluctabilem</strong></span> <span class='ocrx_word' id='word_1_16' title='bbox 1172 599 1300 664; x_wconf 74' lang='lat' dir='ltr'>reddidit</span> <span class='ocrx_word' id='word_1_17' title='bbox 1313 601 1359 660; x_wconf 90' lang='lat' dir='ltr'>in·</span> 
     </span>
     <span class='ocr_line' id='line_1_3' title="bbox 86 695 1358 784; baseline 0.001 -21"><span class='ocrx_word' id='word_1_18' title='bbox 86 705 197 774; x_wconf 88' lang='lat' dir='ltr'>iuriam;</span> <span class='ocrx_word' id='word_1_19' title='bbox 221 705 271 784; x_wconf 88' lang='lat' dir='ltr'>qui</span> <span class='ocrx_word' id='word_1_20' title='bbox 286 695 445 768; x_wconf 82' lang='lat' dir='ltr'>&#39;reducatori</span> <span class='ocrx_word' id='word_1_21' title='bbox 466 723 521 766; x_wconf 90' lang='lat' dir='ltr'>suo</span> <span class='ocrx_word' id='word_1_22' title='bbox 543 703 645 764; x_wconf 93' lang='lat' dir='ltr'>oculos</span> <span class='ocrx_word' id='word_1_23' title='bbox 667 705 758 771; x_wconf 88' lang='lat' dir='ltr'>eruit;</span> <span class='ocrx_word' id='word_1_24' title='bbox 781 702 833 780; x_wconf 91' lang='lat' dir='ltr'>qui</span> <span class='ocrx_word' id='word_1_25' title='bbox 854 719 908 779; x_wconf 93' lang='lat' dir='ltr'>per</span> <span class='ocrx_word' id='word_1_26' title='bbox 930 719 1005 780; x_wconf 90' lang='lat' dir='ltr'>quos</span> <span class='ocrx_word' id='word_1_27' title='bbox 1020 700 1162 772; x_wconf 86' lang='lat' dir='ltr'>constitit,</span> <span class='ocrx_word' id='word_1_28' title='bbox 1185 721 1235 764; x_wconf 91' lang='lat' dir='ltr'>eos</span> <span class='ocrx_word' id='word_1_29' title='bbox 1256 701 1358 764; x_wconf 88' lang='lat' dir='ltr'>liberis</span> 
     </span>
     <span class='ocr_line' id='line_1_4' title="bbox 86 795 1426 879; baseline -0.003 -15"><span class='ocrx_word' id='word_1_30' title='bbox 86 805 197 866; x_wconf 89' lang='lat' dir='ltr'>orbatos</span> <span class='ocrx_word' id='word_1_31' title='bbox 218 803 382 866; x_wconf 79' lang='lat' dir='ltr'>convellere</span> <span class='ocrx_word' id='word_1_32' title='bbox 402 801 531 874; x_wconf 74' lang='lat' dir='ltr'>stonum</span> <span class='ocrx_word' id='word_1_33' title='bbox 553 795 606 867; x_wconf 71' lang='lat' dir='ltr'>eui‘</span> <span class='ocrx_word' id='word_1_34' title='bbox 621 806 672 866; x_wconf 88' lang='lat' dir='ltr'>uui</span> <span class='ocrx_word' id='word_1_35' title='bbox 694 812 729 872; x_wconf 69' lang='lat' dir='ltr'>et¹</span> <span class='ocrx_word' id='word_1_36' title='bbox 744 803 803 864; x_wconf 86' lang='lat' dir='ltr'>soli¹</span> <span class='ocrx_word' id='word_1_37' title='bbox 819 805 915 864; x_wconf 91' lang='lat' dir='ltr'>omnis</span> <span class='ocrx_word' id='word_1_38' title='bbox 931 801 1077 879; x_wconf 77' lang='lat' dir='ltr'>displicuit</span> <span class='ocrx_word' id='word_1_39' title='bbox 1092 802 1237 878; x_wconf 82' lang='lat' dir='ltr'>probitas,</span> <span class='ocrx_word' id='word_1_40' title='bbox 1260 803 1355 864; x_wconf 89' lang='lat' dir='ltr'>omnis</span> <span class='ocrx_word' id='word_1_41' title='bbox 1366 810 1426 861; x_wconf 74' lang='lat' dir='ltr'>§.aa</span> 
     </span>
     <span class='ocr_line' id='line_1_5' title="bbox 86 903 1358 981; baseline -0.002 -14"><span class='ocrx_word' id='word_1_42' title='bbox 86 906 145 968; x_wconf 89' lang='lat' dir='ltr'>odio</span> <span class='ocrx_word' id='word_1_43' title='bbox 165 908 330 968; x_wconf 88' lang='lat' dir='ltr'>innocentia</span> <span class='ocrx_word' id='word_1_44' title='bbox 353 906 422 976; x_wconf 81' lang='lat' dir='ltr'>tuit,</span> <span class='ocrx_word' id='word_1_45' title='bbox 446 914 476 968; x_wconf 90' lang='lat' dir='ltr'>at</span> <span class='ocrx_word' id='word_1_46' title='bbox 498 913 600 968; x_wconf 88' lang='lat' dir='ltr'>contra</span> <span class='ocrx_word' id='word_1_47' title='bbox 622 907 755 978; x_wconf 77' lang='lat' dir='ltr'>fraudes,</span> <span class='ocrx_word' id='word_1_48' title='bbox 778 903 890 966; x_wconf 91' lang='lat' dir='ltr'>scelera</span> <span class='ocrx_word' id='word_1_49' title='bbox 914 911 943 965; x_wconf 87' lang='lat' dir='ltr'>et</span> <span class='ocrx_word' id='word_1_50' title='bbox 965 905 1160 981; x_wconf 91' lang='lat' dir='ltr'>pessimorum</span> <span class='ocrx_word' id='word_1_51' title='bbox 1179 904 1234 966; x_wconf 89' lang='lat' dir='ltr'>sibi</span> <span class='ocrx_word' id='word_1_52' title='bbox 1248 904 1358 966; x_wconf 87' lang='lat' dir='ltr'>laciuo·</span> 
     </span>
     <span class='ocr_line' id='line_1_6' title="bbox 68 1005 1358 1087; baseline -0.002 -17"><span class='ocrx_word' id='word_1_53' title='bbox 68 1023 145 1070; x_wconf 80' lang='lat' dir='ltr'>⁵rum</span> <span class='ocrx_word' id='word_1_54' title='bbox 165 1008 276 1068; x_wconf 86' lang='lat' dir='ltr'>conscii</span> <span class='ocrx_word' id='word_1_55' title='bbox 298 1009 432 1070; x_wconf 88' lang='lat' dir='ltr'>homines</span> <span class='ocrx_word' id='word_1_56' title='bbox 453 1009 582 1087; x_wconf 87' lang='lat' dir='ltr'>praemiis</span> <span class='ocrx_word' id='word_1_57' title='bbox 603 1009 743 1070; x_wconf 84' lang='lat' dir='ltr'>reservati</span> <span class='ocrx_word' id='word_1_58' title='bbox 771 1013 854 1075; x_wconf 89' lang='lat' dir='ltr'>sunt;</span> <span class='ocrx_word' id='word_1_59' title='bbox 884 1005 936 1083; x_wconf 88' lang='lat' dir='ltr'>qui</span> <span class='ocrx_word' id='word_1_60' title='bbox 957 1005 1121 1079; x_wconf 84' lang='lat' dir='ltr'>ministrum</span> <span class='ocrx_word' id='word_1_61' title='bbox 1143 1023 1261 1075; x_wconf 70' lang='lat' dir='ltr'>suum„</span> <span class='ocrx_word' id='word_1_62' title='bbox 1276 1008 1358 1084; x_wconf 86' lang='lat' dir='ltr'>equi-</span> 
     </span>
     <span class='ocr_line' id='line_1_7' title="bbox 85 1097 1358 1190; baseline 0.001 -22"><span class='ocrx_word' id='word_1_63' title='bbox 85 1115 137 1168; x_wconf 90' lang='lat' dir='ltr'>tem</span> <span class='ocrx_word' id='word_1_64' title='bbox 158 1109 354 1180; x_wconf 81' lang='lat' dir='ltr'><strong>Germanum,</strong></span> <span class='ocrx_word' id='word_1_65' title='bbox 378 1111 472 1190; x_wconf 91' lang='lat' dir='ltr'>quod,</span> <span class='ocrx_word' id='word_1_66' title='bbox 496 1119 529 1173; x_wconf 91' lang='lat' dir='ltr'>ut</span> <span class='ocrx_word' id='word_1_67' title='bbox 549 1109 636 1189; x_wconf 87' lang='lat' dir='ltr'>paulo</span> <span class='ocrx_word' id='word_1_68' title='bbox 656 1117 723 1172; x_wconf 85' lang='lat' dir='ltr'>aute</span> <span class='ocrx_word' id='word_1_69' title='bbox 745 1108 819 1178; x_wconf 83' lang='lat' dir='ltr'>dixi,</span> <span class='ocrx_word' id='word_1_70' title='bbox 842 1123 927 1168; x_wconf 87' lang='lat' dir='ltr'>suam</span> <span class='ocrx_word' id='word_1_71' title='bbox 947 1123 1070 1168; x_wconf 83' lang='lat' dir='ltr'>uxorem</span> <span class='ocrx_word' id='word_1_72' title='bbox 1092 1108 1190 1184; x_wconf 91' lang='lat' dir='ltr'>partui</span> <span class='ocrx_word' id='word_1_73' title='bbox 1211 1109 1268 1168; x_wconf 90' lang='lat' dir='ltr'>iam</span> <span class='ocrx_word' id='word_1_74' title='bbox 1290 1097 1358 1169; x_wconf 84' lang='lat' dir='ltr'>vici·</span> 
     </span>
     <span class='ocr_line' id='line_1_8' title="bbox 85 1208 1358 1291; baseline 0.001 -21"><span class='ocrx_word' id='word_1_75' title='bbox 85 1227 144 1270; x_wconf 89' lang='lat' dir='ltr'>mm</span> <span class='ocrx_word' id='word_1_76' title='bbox 166 1229 223 1272; x_wconf 90' lang='lat' dir='ltr'>una</span> <span class='ocrx_word' id='word_1_77' title='bbox 246 1229 316 1272; x_wconf 90' lang='lat' dir='ltr'>cum</span> <span class='ocrx_word' id='word_1_78' title='bbox 337 1212 470 1272; x_wconf 79' lang='lat' dir='ltr'>ministro</span> <span class='ocrx_word' id='word_1_79' title='bbox 493 1221 522 1274; x_wconf 89' lang='lat' dir='ltr'>et</span> <span class='ocrx_word' id='word_1_80' title='bbox 544 1214 661 1290; x_wconf 82' lang='lat' dir='ltr'>gravida</span> <span class='ocrx_word' id='word_1_81' title='bbox 685 1211 860 1291; x_wconf 69' lang='lat' dir='ltr'>pedissequi</span> <span class='ocrx_word' id='word_1_82' title='bbox 881 1226 941 1270; x_wconf 93' lang='lat' dir='ltr'>uuo</span> <span class='ocrx_word' id='word_1_83' title='bbox 963 1209 1074 1286; x_wconf 87' lang='lat' dir='ltr'>impetu</span> <span class='ocrx_word' id='word_1_84' title='bbox 1088 1208 1249 1288; x_wconf 88' lang='lat' dir='ltr'>eodemque</span> <span class='ocrx_word' id='word_1_85' title='bbox 1265 1225 1358 1288; x_wconf 85' lang='lat' dir='ltr'>prope</span> 
     </span>
     <span class='ocr_line' id='line_1_9' title="bbox 84 1303 1357 1392; baseline 0 -20"><span class='ocrx_word' id='word_1_86' title='bbox 84 1319 224 1374; x_wconf 89' lang='lat' dir='ltr'>momento</span> <span class='ocrx_word' id='word_1_87' title='bbox 247 1313 444 1385; x_wconf 80' lang='lat' dir='ltr'>confodisset,</span> <span class='ocrx_word' id='word_1_88' title='bbox 472 1332 531 1375; x_wconf 89' lang='lat' dir='ltr'>noo</span> <span class='ocrx_word' id='word_1_89' title='bbox 559 1321 671 1376; x_wconf 90' lang='lat' dir='ltr'>tantum</span> <span class='ocrx_word' id='word_1_90' title='bbox 700 1331 759 1374; x_wconf 92' lang='lat' dir='ltr'>non</span> <span class='ocrx_word' id='word_1_91' title='bbox 788 1312 916 1392; x_wconf 82' lang='lat' dir='ltr'>punivit,</span> <span class='ocrx_word' id='word_1_92' title='bbox 946 1309 999 1371; x_wconf 88' lang='lat' dir='ltr'>sed</span> <span class='ocrx_word' id='word_1_93' title='bbox 1028 1303 1246 1388; x_wconf 75' lang='lat' dir='ltr'>confugientem</span> <span class='ocrx_word' id='word_1_94' title='bbox 1267 1310 1304 1371; x_wconf 91' lang='lat' dir='ltr'>ad</span> <span class='ocrx_word' id='word_1_95' title='bbox 1326 1329 1357 1372; x_wconf 91' lang='lat' dir='ltr'>se</span> 
     </span>
     <span class='ocr_line' id='line_1_10' title="bbox 84 1409 1357 1493; baseline 0.002 -21"><span class='ocrx_word' id='word_1_96' title='bbox 84 1416 161 1476; x_wconf 89' lang='lat' dir='ltr'>etiam</span> <span class='ocrx_word' id='word_1_97' title='bbox 183 1422 356 1493; x_wconf 88' lang='lat' dir='ltr'>perpetrato</span> <span class='ocrx_word' id='word_1_98' title='bbox 377 1415 507 1481; x_wconf 78' lang='lat' dir='ltr'>facinore</span> <span class='ocrx_word' id='word_1_99' title='bbox 528 1415 710 1478; x_wconf 78' lang='lat' dir='ltr'>familiariter</span> <span class='ocrx_word' id='word_1_100' title='bbox 733 1409 850 1492; x_wconf 81' lang='lat' dir='ltr'>accepte</span> <span class='ocrx_word' id='word_1_101' title='bbox 868 1421 897 1473; x_wconf 90' lang='lat' dir='ltr'>et</span> <span class='ocrx_word' id='word_1_102' title='bbox 918 1412 1086 1489; x_wconf 87' lang='lat' dir='ltr'>magisterio</span> <span class='ocrx_word' id='word_1_103' title='bbox 1108 1413 1238 1491; x_wconf 91' lang='lat' dir='ltr'>equitum</span> <span class='ocrx_word' id='word_1_104' title='bbox 1253 1413 1357 1491; x_wconf 83' lang='lat' dir='ltr'>praele·</span> 
     </span>
     <span class='ocr_line' id='line_1_11' title="bbox 60 1502 1356 1596; baseline 0.002 -22"><span class='ocrx_word' id='word_1_105' title='bbox 60 1515 132 1584; x_wconf 84' lang='lat' dir='ltr'>urit,</span> <span class='ocrx_word' id='word_1_106' title='bbox 152 1515 243 1576; x_wconf 75' lang='lat' dir='ltr'>bomo</span> <span class='ocrx_word' id='word_1_107' title='bbox 259 1517 296 1576; x_wconf 83' lang='lat' dir='ltr'>in</span> <span class='ocrx_word' id='word_1_108' title='bbox 317 1524 431 1578; x_wconf 89' lang='lat' dir='ltr'>tanturn</span> <span class='ocrx_word' id='word_1_109' title='bbox 452 1517 587 1596; x_wconf 82' lang='lat' dir='ltr'>probarit</span> <span class='ocrx_word' id='word_1_110' title='bbox 607 1518 731 1587; x_wconf 83' lang='lat' dir='ltr'>lactum,</span> <span class='ocrx_word' id='word_1_111' title='bbox 753 1523 786 1576; x_wconf 94' lang='lat' dir='ltr'>ut</span> <span class='ocrx_word' id='word_1_112' title='bbox 807 1514 862 1576; x_wconf 59' lang='lat' dir='ltr'>mi</span> <span class='ocrx_word' id='word_1_113' title='bbox 883 1502 1077 1583; x_wconf 81' lang='lat' dir='ltr'>irasceretur,</span> <span class='ocrx_word' id='word_1_114' title='bbox 1106 1516 1156 1592; x_wconf 90' lang='lat' dir='ltr'>qui</span> <span class='ocrx_word' id='word_1_115' title='bbox 1180 1512 1277 1590; x_wconf 81' lang='lat' dir='ltr'>simile</span> <span class='ocrx_word' id='word_1_116' title='bbox 1304 1513 1356 1576; x_wconf 91' lang='lat' dir='ltr'>ali·</span> 
     </span>
     <span class='ocr_line' id='line_1_12' title="bbox 83 1611 1422 1696; baseline 0 -20"><span class='ocrx_word' id='word_1_117' title='bbox 83 1616 191 1694; x_wconf 90' lang='lat' dir='ltr'>quando</span> <span class='ocrx_word' id='word_1_118' title='bbox 214 1617 371 1680; x_wconf 89' lang='lat' dir='ltr'>consilium</span> <span class='ocrx_word' id='word_1_119' title='bbox 392 1618 429 1680; x_wconf 92' lang='lat' dir='ltr'>ad</span> <span class='ocrx_word' id='word_1_120' title='bbox 451 1625 588 1680; x_wconf 78' lang='lat' dir='ltr'>eventum</span> <span class='ocrx_word' id='word_1_121' title='bbox 610 1627 669 1679; x_wconf 89' lang='lat' dir='ltr'>non</span> <span class='ocrx_word' id='word_1_122' title='bbox 692 1619 892 1696; x_wconf 66' lang='lat' dir='ltr'>perduxissem</span> <span class='ocrx_word' id='word_1_123' title='bbox 915 1618 965 1695; x_wconf 92' lang='lat' dir='ltr'>qui</span> <span class='ocrx_word' id='word_1_124' title='bbox 988 1618 1026 1678; x_wconf 92' lang='lat' dir='ltr'>ita</span> <span class='ocrx_word' id='word_1_125' title='bbox 1048 1616 1161 1694; x_wconf 90' lang='lat' dir='ltr'>perdite</span> <span class='ocrx_word' id='word_1_126' title='bbox 1182 1611 1422 1686; x_wconf 79' lang='lat' dir='ltr'>libidinosust.ta</span> 
     </span>
     <span class='ocr_line' id='line_1_13' title="bbox 82 1717 1356 1800; baseline 0.002 -22"><span class='ocrx_word' id='word_1_127' title='bbox 82 1717 142 1788; x_wconf 89' lang='lat' dir='ltr'>luit,</span> <span class='ocrx_word' id='word_1_128' title='bbox 177 1726 210 1780; x_wconf 90' lang='lat' dir='ltr'>ut</span> <span class='ocrx_word' id='word_1_129' title='bbox 238 1738 308 1783; x_wconf 90' lang='lat' dir='ltr'>cum</span> <span class='ocrx_word' id='word_1_130' title='bbox 336 1721 465 1799; x_wconf 80' lang='lat' dir='ltr'>equitem</span> <span class='ocrx_word' id='word_1_131' title='bbox 485 1719 682 1790; x_wconf 88' lang='lat' dir='ltr'>Germanum,</span> <span class='ocrx_word' id='word_1_132' title='bbox 715 1721 784 1800; x_wconf 89' lang='lat' dir='ltr'>quia</span> <span class='ocrx_word' id='word_1_133' title='bbox 811 1737 904 1779; x_wconf 84' lang='lat' dir='ltr'>uxore</span> <span class='ocrx_word' id='word_1_134' title='bbox 931 1717 1023 1795; x_wconf 91' lang='lat' dir='ltr'>ipsius</span> <span class='ocrx_word' id='word_1_135' title='bbox 1044 1719 1103 1780; x_wconf 90' lang='lat' dir='ltr'>lrui</span> <span class='ocrx_word' id='word_1_136' title='bbox 1129 1734 1184 1795; x_wconf 91' lang='lat' dir='ltr'>par</span> <span class='ocrx_word' id='word_1_137' title='bbox 1207 1735 1274 1780; x_wconf 89' lang='lat' dir='ltr'>eum</span> <span class='ocrx_word' id='word_1_138' title='bbox 1296 1737 1356 1780; x_wconf 88' lang='lat' dir='ltr'>non</span> 
     </span>
     <span class='ocr_line' id='line_1_14' title="bbox 82 1819 1356 1900; baseline 0.002 -21"><span class='ocrx_word' id='word_1_139' title='bbox 82 1829 187 1898; x_wconf 89' lang='lat' dir='ltr'>posset,</span> <span class='ocrx_word' id='word_1_140' title='bbox 209 1821 422 1891; x_wconf 83' lang='lat' dir='ltr'>interemisset,</span> <span class='ocrx_word' id='word_1_141' title='bbox 445 1840 505 1882; x_wconf 93' lang='lat' dir='ltr'>non</span> <span class='ocrx_word' id='word_1_142' title='bbox 528 1821 622 1885; x_wconf 93' lang='lat' dir='ltr'>solum</span> <span class='ocrx_word' id='word_1_143' title='bbox 644 1823 708 1900; x_wconf 89' lang='lat' dir='ltr'>ipsa</span> <span class='ocrx_word' id='word_1_144' title='bbox 730 1839 789 1884; x_wconf 91' lang='lat' dir='ltr'>non</span> <span class='ocrx_word' id='word_1_145' title='bbox 811 1819 965 1888; x_wconf 90' lang='lat' dir='ltr'>abstinuit,</span> <span class='ocrx_word' id='word_1_146' title='bbox 994 1820 1046 1881; x_wconf 88' lang='lat' dir='ltr'>sed</span> <span class='ocrx_word' id='word_1_147' title='bbox 1068 1821 1160 1882; x_wconf 88' lang='lat' dir='ltr'>eiecta</span> <span class='ocrx_word' id='word_1_148' title='bbox 1183 1821 1270 1880; x_wconf 91' lang='lat' dir='ltr'>etiam</span> <span class='ocrx_word' id='word_1_149' title='bbox 1291 1819 1356 1882; x_wconf 88' lang='lat' dir='ltr'>illu-</span> 
     </span>
     <span class='ocr_line' id='line_1_15' title="bbox 81 1909 1357 2002; baseline 0.004 -22"><span class='ocrx_word' id='word_1_150' title='bbox 81 1909 226 1984; x_wconf 86' lang='lat' dir='ltr'>strissima</span> <span class='ocrx_word' id='word_1_151' title='bbox 245 1924 362 1984; x_wconf 85' lang='lat' dir='ltr'>loeurina</span> <span class='ocrx_word' id='word_1_152' title='bbox 390 1924 521 2002; x_wconf 90' lang='lat' dir='ltr'>principe</span> <span class='ocrx_word' id='word_1_153' title='bbox 548 1923 680 1986; x_wconf 87' lang='lat' dir='ltr'>muliere</span> <span class='ocrx_word' id='word_1_154' title='bbox 702 1941 753 1986; x_wconf 86' lang='lat' dir='ltr'>sua</span> <span class='ocrx_word' id='word_1_155' title='bbox 782 1940 875 1984; x_wconf 81' lang='lat' dir='ltr'>urere</span> <span class='ocrx_word' id='word_1_156' title='bbox 902 1919 981 1982; x_wconf 86' lang='lat' dir='ltr'>illam</span> <span class='ocrx_word' id='word_1_157' title='bbox 1009 1923 1164 1983; x_wconf 87' lang='lat' dir='ltr'>retinuerit</span> <span class='ocrx_word' id='word_1_158' title='bbox 1191 1923 1270 1982; x_wconf 93' lang='lat' dir='ltr'>domi</span> <span class='ocrx_word' id='word_1_159' title='bbox 1297 1939 1357 1985; x_wconf 81' lang='lat' dir='ltr'>suae</span> 
     </span>
     <span class='ocr_line' id='line_1_16' title="bbox 57 2023 1368 2104; baseline 0.002 -20"><span class='ocrx_word' id='word_1_160' title='bbox 57 2023 208 2098; x_wconf 65' lang='lat' dir='ltr'>*spellicem</span> <span class='ocrx_word' id='word_1_161' title='bbox 230 2025 399 2103; x_wconf 88' lang='lat' dir='ltr'>propalam,</span> <span class='ocrx_word' id='word_1_162' title='bbox 421 2027 534 2088; x_wconf 83' lang='lat' dir='ltr'>serente</span> <span class='ocrx_word' id='word_1_163' title='bbox 555 2027 725 2104; x_wconf 86' lang='lat' dir='ltr'>turpissimo</span> <span class='ocrx_word' id='word_1_164' title='bbox 747 2024 867 2086; x_wconf 89' lang='lat' dir='ltr'>homine</span> <span class='ocrx_word' id='word_1_165' title='bbox 888 2023 992 2101; x_wconf 90' lang='lat' dir='ltr'>suique</span> <span class='ocrx_word' id='word_1_166' title='bbox 1014 2023 1178 2094; x_wconf 90' lang='lat' dir='ltr'>simillimo,</span> <span class='ocrx_word' id='word_1_167' title='bbox 1207 2023 1284 2084; x_wconf 90' lang='lat' dir='ltr'>illius</span> <span class='ocrx_word' id='word_1_168' title='bbox 1305 2041 1368 2104; x_wconf 88' lang='lat' dir='ltr'>pa·.</span> 
     </span>
     <span class='ocr_line' id='line_1_17' title="bbox 81 2124 1358 2207; baseline 0.002 -24"><span class='ocrx_word' id='word_1_169' title='bbox 81 2132 133 2194; x_wconf 89' lang='lat' dir='ltr'>tre;</span> <span class='ocrx_word' id='word_1_170' title='bbox 156 2127 207 2205; x_wconf 91' lang='lat' dir='ltr'>qul</span> <span class='ocrx_word' id='word_1_171' title='bbox 228 2144 270 2190; x_wconf 90' lang='lat' dir='ltr'>ne</span> <span class='ocrx_word' id='word_1_172' title='bbox 290 2134 360 2188; x_wconf 86' lang='lat' dir='ltr'>tuuc</span> <span class='ocrx_word' id='word_1_173' title='bbox 382 2128 516 2207; x_wconf 89' lang='lat' dir='ltr'>quidem,</span> <span class='ocrx_word' id='word_1_174' title='bbox 540 2145 606 2188; x_wconf 90' lang='lat' dir='ltr'>cum</span> <span class='ocrx_word' id='word_1_175' title='bbox 622 2128 779 2188; x_wconf 89' lang='lat' dir='ltr'>adventare</span> <span class='ocrx_word' id='word_1_176' title='bbox 793 2139 848 2186; x_wconf 92' lang='lat' dir='ltr'>nos</span> <span class='ocrx_word' id='word_1_177' title='bbox 870 2141 938 2186; x_wconf 93' lang='lat' dir='ltr'>eum</span> <span class='ocrx_word' id='word_1_178' title='bbox 961 2127 1090 2186; x_wconf 83' lang='lat' dir='ltr'>exercitu</span> <span class='ocrx_word' id='word_1_179' title='bbox 1118 2124 1307 2188; x_wconf 81' lang='lat' dir='ltr'>intellexisset</span> <span class='ocrx_word' id='word_1_180' title='bbox 1329 2135 1358 2188; x_wconf 89' lang='lat' dir='ltr'>et</span> 
     </span>
     <span class='ocr_line' id='line_1_18' title="bbox 81 2226 1357 2308; baseline 0.004 -24"><span class='ocrx_word' id='word_1_181' title='bbox 81 2227 130 2286; x_wconf 89' lang='lat' dir='ltr'>iam</span> <span class='ocrx_word' id='word_1_182' title='bbox 151 2228 253 2306; x_wconf 84' lang='lat' dir='ltr'>lugam</span> <span class='ocrx_word' id='word_1_183' title='bbox 268 2229 332 2308; x_wconf 90' lang='lat' dir='ltr'>ipse</span> <span class='ocrx_word' id='word_1_184' title='bbox 346 2229 520 2299; x_wconf 89' lang='lat' dir='ltr'>adornaret,</span> <span class='ocrx_word' id='word_1_185' title='bbox 543 2229 676 2292; x_wconf 86' lang='lat' dir='ltr'>lascivire</span> <span class='ocrx_word' id='word_1_186' title='bbox 692 2227 815 2297; x_wconf 89' lang='lat' dir='ltr'>destitit,</span> <span class='ocrx_word' id='word_1_187' title='bbox 839 2245 939 2290; x_wconf 86' lang='lat' dir='ltr'>rerum</span> <span class='ocrx_word' id='word_1_188' title='bbox 955 2227 1072 2288; x_wconf 89' lang='lat' dir='ltr'>indocto</span> <span class='ocrx_word' id='word_1_189' title='bbox 1088 2226 1201 2288; x_wconf 86' lang='lat' dir='ltr'>solenni</span> <span class='ocrx_word' id='word_1_190' title='bbox 1216 2227 1357 2306; x_wconf 85' lang='lat' dir='ltr'>Tubiugae</span> 
     </span>
     <span class='ocr_line' id='line_1_19' title="bbox 81 2327 1357 2410; baseline 0.002 -22"><span class='ocrx_word' id='word_1_191' title='bbox 81 2347 157 2388; x_wconf 89' lang='lat' dir='ltr'>sacro</span> <span class='ocrx_word' id='word_1_192' title='bbox 178 2329 260 2391; x_wconf 90' lang='lat' dir='ltr'>illam</span> <span class='ocrx_word' id='word_1_193' title='bbox 283 2331 478 2394; x_wconf 88' lang='lat' dir='ltr'>concubinam</span> <span class='ocrx_word' id='word_1_194' title='bbox 500 2349 584 2392; x_wconf 91' lang='lat' dir='ltr'>suam</span> <span class='ocrx_word' id='word_1_195' title='bbox 605 2348 693 2410; x_wconf 89' lang='lat' dir='ltr'>supra</span> <span class='ocrx_word' id='word_1_196' title='bbox 717 2348 805 2409; x_wconf 89' lang='lat' dir='ltr'>quam</span> <span class='ocrx_word' id='word_1_197' title='bbox 826 2329 959 2390; x_wconf 76' lang='lat' dir='ltr'>honestae</span> <span class='ocrx_word' id='word_1_198' title='bbox 980 2327 1075 2390; x_wconf 90' lang='lat' dir='ltr'>solent</span> <span class='ocrx_word' id='word_1_199' title='bbox 1096 2328 1204 2404; x_wconf 76' lang='lat' dir='ltr'>cultam</span> <span class='ocrx_word' id='word_1_200' title='bbox 1231 2331 1261 2390; x_wconf 95' lang='lat' dir='ltr'>in</span> <span class='ocrx_word' id='word_1_201' title='bbox 1283 2336 1357 2390; x_wconf 90' lang='lat' dir='ltr'>tem·</span> 
     </span>
     <span class='ocr_line' id='line_1_20' title="bbox 80 2429 1357 2518; baseline 0.003 -30"><span class='ocrx_word' id='word_1_202' title='bbox 80 2429 153 2506; x_wconf 89' lang='lat' dir='ltr'>plum</span> <span class='ocrx_word' id='word_1_203' title='bbox 174 2432 294 2510; x_wconf 84' lang='lat' dir='ltr'>ingredi</span> <span class='ocrx_word' id='word_1_204' title='bbox 316 2439 347 2518; x_wconf 63' lang='lat' dir='ltr'>q</span> <span class='ocrx_word' id='word_1_205' title='bbox 366 2451 466 2494; x_wconf 91' lang='lat' dir='ltr'>coram</span> <span class='ocrx_word' id='word_1_206' title='bbox 488 2451 522 2494; x_wconf 89' lang='lat' dir='ltr'>se</span> <span class='ocrx_word' id='word_1_207' title='bbox 544 2435 703 2502; x_wconf 85' lang='lat' dir='ltr'>consistere</span> <span class='ocrx_word' id='word_1_208' title='bbox 724 2433 820 2501; x_wconf 75' lang='lat' dir='ltr'>iussit:</span> <span class='ocrx_word' id='word_1_209' title='bbox 844 2432 894 2510; x_wconf 90' lang='lat' dir='ltr'>qui</span> <span class='ocrx_word' id='word_1_210' title='bbox 918 2431 1114 2509; x_wconf 86' lang='lat' dir='ltr'>turpissimam</span> <span class='ocrx_word' id='word_1_211' title='bbox 1130 2431 1274 2492; x_wconf 79' lang='lat' dir='ltr'>moenam</span> <span class='ocrx_word' id='word_1_212' title='bbox 1289 2449 1357 2492; x_wconf 90' lang='lat' dir='ltr'>cum</span> 
     </span>
     <span class='ocr_line' id='line_1_21' title="bbox 54 2531 1357 2614; baseline 0.003 -24"><span class='ocrx_word' id='word_1_213' title='bbox 54 2545 173 2594; x_wconf 80' lang='lat' dir='ltr'>uamore</span> <span class='ocrx_word' id='word_1_214' title='bbox 195 2542 426 2614; x_wconf 88' lang='lat' dir='ltr'>prosequeretur</span> <span class='ocrx_word' id='word_1_215' title='bbox 448 2541 478 2596; x_wconf 92' lang='lat' dir='ltr'>et</span> <span class='ocrx_word' id='word_1_216' title='bbox 498 2535 664 2614; x_wconf 82' lang='lat' dir='ltr'>dignatione</span> <span class='ocrx_word' id='word_1_217' title='bbox 686 2533 847 2613; x_wconf 89' lang='lat' dir='ltr'>coniugali,</span> <span class='ocrx_word' id='word_1_218' title='bbox 875 2533 905 2592; x_wconf 90' lang='lat' dir='ltr'>in</span> <span class='ocrx_word' id='word_1_219' title='bbox 927 2550 1009 2592; x_wconf 92' lang='lat' dir='ltr'>suam</span> <span class='ocrx_word' id='word_1_220' title='bbox 1033 2551 1172 2604; x_wconf 85' lang='lat' dir='ltr'>uxorem,</span> <span class='ocrx_word' id='word_1_221' title='bbox 1205 2531 1276 2594; x_wconf 89' lang='lat' dir='ltr'>illud</span> <span class='ocrx_word' id='word_1_222' title='bbox 1298 2535 1357 2594; x_wconf 89' lang='lat' dir='ltr'>sin·</span> 
     </span>
     <span class='ocr_line' id='line_1_22' title="bbox 80 2633 1356 2717; baseline 0.003 -25"><span class='ocrx_word' id='word_1_223' title='bbox 80 2633 173 2710; x_wconf 88' lang='lat' dir='ltr'>gulare</span> <span class='ocrx_word' id='word_1_224' title='bbox 195 2636 344 2713; x_wconf 70' lang='lat' dir='ltr'>pudicitiae</span> <span class='ocrx_word' id='word_1_225' title='bbox 366 2639 529 2717; x_wconf 89' lang='lat' dir='ltr'>specimen,</span> <span class='ocrx_word' id='word_1_226' title='bbox 560 2655 649 2698; x_wconf 91' lang='lat' dir='ltr'>canes</span> <span class='ocrx_word' id='word_1_227' title='bbox 671 2639 757 2700; x_wconf 90' lang='lat' dir='ltr'>etiam</span> <span class='ocrx_word' id='word_1_228' title='bbox 779 2653 849 2696; x_wconf 92' lang='lat' dir='ltr'>suos</span> <span class='ocrx_word' id='word_1_229' title='bbox 869 2635 1011 2702; x_wconf 83' lang='lat' dir='ltr'>incitarit;</span> <span class='ocrx_word' id='word_1_230' title='bbox 1041 2635 1091 2712; x_wconf 89' lang='lat' dir='ltr'>qui</span> <span class='ocrx_word' id='word_1_231' title='bbox 1118 2634 1197 2696; x_wconf 90' lang='lat' dir='ltr'>illam</span> <span class='ocrx_word' id='word_1_232' title='bbox 1227 2654 1286 2714; x_wconf 88' lang='lat' dir='ltr'>quo</span> <span class='ocrx_word' id='word_1_233' title='bbox 1309 2654 1356 2696; x_wconf 91' lang='lat' dir='ltr'>ar·</span> 
     </span>
     <span class='ocr_line' id='line_1_23' title="bbox 79 2735 1426 2818; baseline 0.004 -25"><span class='ocrx_word' id='word_1_234' title='bbox 79 2735 188 2799; x_wconf 92' lang='lat' dir='ltr'>dentius</span> <span class='ocrx_word' id='word_1_235' title='bbox 208 2737 328 2808; x_wconf 84' lang='lat' dir='ltr'>dilexit,</span> <span class='ocrx_word' id='word_1_236' title='bbox 357 2757 392 2800; x_wconf 93' lang='lat' dir='ltr'>eo</span> <span class='ocrx_word' id='word_1_237' title='bbox 413 2739 490 2800; x_wconf 89' lang='lat' dir='ltr'>banc</span> <span class='ocrx_word' id='word_1_238' title='bbox 512 2739 749 2802; x_wconf 86' lang='lat' dir='ltr'>contumeliosius</span> <span class='ocrx_word' id='word_1_239' title='bbox 771 2737 875 2797; x_wconf 89' lang='lat' dir='ltr'>babuit</span> <span class='ocrx_word' id='word_1_240' title='bbox 898 2745 925 2797; x_wconf 91' lang='lat' dir='ltr'>et</span> <span class='ocrx_word' id='word_1_241' title='bbox 955 2737 1098 2798; x_wconf 85' lang='lat' dir='ltr'>turentius</span> <span class='ocrx_word' id='word_1_242' title='bbox 1124 2739 1273 2798; x_wconf 83' lang='lat' dir='ltr'>tractauit:</span> <span class='ocrx_word' id='word_1_243' title='bbox 1304 2739 1426 2818; x_wconf 70' lang='lat' dir='ltr'>quiere.</span> 
     </span>
     <span class='ocr_line' id='line_1_24' title="bbox 79 2837 1357 2920; baseline 0.005 -24"><span class='ocrx_word' id='word_1_244' title='bbox 79 2837 161 2898; x_wconf 90' lang='lat' dir='ltr'>multa</span> <span class='ocrx_word' id='word_1_245' title='bbox 184 2857 240 2917; x_wconf 88' lang='lat' dir='ltr'>per</span> <span class='ocrx_word' id='word_1_246' title='bbox 261 2839 408 2920; x_wconf 67' lang='lat' dir='ltr'>luguriam</span> <span class='ocrx_word' id='word_1_247' title='bbox 430 2841 632 2920; x_wconf 79' lang='lat' dir='ltr'>profusissime</span> <span class='ocrx_word' id='word_1_248' title='bbox 654 2840 705 2902; x_wconf 92' lang='lat' dir='ltr'>ubi</span> <span class='ocrx_word' id='word_1_249' title='bbox 726 2839 931 2918; x_wconf 86' lang='lat' dir='ltr'>dilapidasset,</span> <span class='ocrx_word' id='word_1_250' title='bbox 960 2839 1049 2900; x_wconf 83' lang='lat' dir='ltr'>rrrrrlta</span> <span class='ocrx_word' id='word_1_251' title='bbox 1072 2857 1158 2902; x_wconf 85' lang='lat' dir='ltr'>avare</span> <span class='ocrx_word' id='word_1_252' title='bbox 1180 2849 1211 2902; x_wconf 86' lang='lat' dir='ltr'>et</span> <span class='ocrx_word' id='word_1_253' title='bbox 1232 2840 1357 2903; x_wconf 88' lang='lat' dir='ltr'>crudeli·</span> 
     </span>
     <span class='ocr_line' id='line_1_25' title="bbox 80 2941 1357 3024; baseline 0.005 -26"><span class='ocrx_word' id='word_1_254' title='bbox 80 2944 118 2999; x_wconf 92' lang='lat' dir='ltr'>ter</span> <span class='ocrx_word' id='word_1_255' title='bbox 138 2959 155 3001; x_wconf 92' lang='lat' dir='ltr'>a</span> <span class='ocrx_word' id='word_1_256' title='bbox 176 2943 239 3004; x_wconf 89' lang='lat' dir='ltr'>suis</span> <span class='ocrx_word' id='word_1_257' title='bbox 261 2944 377 3022; x_wconf 92' lang='lat' dir='ltr'>rapuit;</span> <span class='ocrx_word' id='word_1_258' title='bbox 406 2946 456 3024; x_wconf 88' lang='lat' dir='ltr'>qui</span> <span class='ocrx_word' id='word_1_259' title='bbox 483 2945 596 3022; x_wconf 90' lang='lat' dir='ltr'>primus</span> <span class='ocrx_word' id='word_1_260' title='bbox 624 2944 754 3004; x_wconf 88' lang='lat' dir='ltr'>omnium</span> <span class='ocrx_word' id='word_1_261' title='bbox 784 2944 814 3014; x_wconf 85' lang='lat' dir='ltr'>in</span> <span class='ocrx_word' id='word_1_262' title='bbox 837 2941 992 3006; x_wconf 88' lang='lat' dir='ltr'>Germania</span> <span class='ocrx_word' id='word_1_263' title='bbox 1022 2944 1186 3020; x_wconf 89' lang='lat' dir='ltr'>principum</span> <span class='ocrx_word' id='word_1_264' title='bbox 1210 2942 1357 3006; x_wconf 87' lang='lat' dir='ltr'>delatores</span> 
     </span>
     <span class='ocr_line' id='line_1_26' title="bbox 52 3040 1358 3132; baseline 0.007 -33"><span class='ocrx_word' id='word_1_265' title='bbox 52 3053 73 3092; x_wconf 76' lang='grc' dir='ltr'>ιι</span> <span class='ocrx_word' id='word_1_266' title='bbox 81 3040 143 3102; x_wconf 93' lang='lat' dir='ltr'>aluit</span> <span class='ocrx_word' id='word_1_267' title='bbox 164 3050 194 3106; x_wconf 90' lang='lat' dir='ltr'>ct</span> <span class='ocrx_word' id='word_1_268' title='bbox 213 3051 404 3106; x_wconf 87' lang='lat' dir='ltr'>accusatores</span> <span class='ocrx_word' id='word_1_269' title='bbox 426 3046 589 3132; x_wconf 87' lang='lat' dir='ltr'>constituit;</span> <span class='ocrx_word' id='word_1_270' title='bbox 613 3045 662 3123; x_wconf 90' lang='lat' dir='ltr'>qui</span> <span class='ocrx_word' id='word_1_271' title='bbox 685 3062 744 3104; x_wconf 93' lang='lat' dir='ltr'>non</span> <span class='ocrx_word' id='word_1_272' title='bbox 767 3044 852 3104; x_wconf 78' lang='lat' dir='ltr'>lamae</span> <span class='ocrx_word' id='word_1_273' title='bbox 873 3050 985 3108; x_wconf 84' lang='lat' dir='ltr'>tautrun</span> <span class='ocrx_word' id='word_1_274' title='bbox 1008 3052 1037 3106; x_wconf 92' lang='lat' dir='ltr'>et</span> <span class='ocrx_word' id='word_1_275' title='bbox 1057 3045 1227 3107; x_wconf 88' lang='lat' dir='ltr'>rumoribus</span> <span class='ocrx_word' id='word_1_276' title='bbox 1248 3047 1299 3123; x_wconf 89' lang='lat' dir='ltr'>qul</span> <span class='ocrx_word' id='word_1_277' title='bbox 1321 3046 1358 3108; x_wconf 88' lang='lat' dir='ltr'>dc</span> 
     </span>
     <span class='ocr_line' id='line_1_27' title="bbox 79 3144 1356 3226; baseline 0.003 -22"><span class='ocrx_word' id='word_1_278' title='bbox 79 3162 106 3204; x_wconf 85' lang='lat' dir='ltr'>se</span> <span class='ocrx_word' id='word_1_279' title='bbox 125 3144 377 3225; x_wconf 77' lang='lat' dir='ltr'>pervulgabantur</span> <span class='ocrx_word' id='word_1_280' title='bbox 398 3147 611 3226; x_wconf 88' lang='lat' dir='ltr'>cognoscendis</span> <span class='ocrx_word' id='word_1_281' title='bbox 633 3164 752 3225; x_wconf 87' lang='lat' dir='ltr'>operam</span> <span class='ocrx_word' id='word_1_282' title='bbox 775 3145 871 3215; x_wconf 90' lang='lat' dir='ltr'>dedit,</span> <span class='ocrx_word' id='word_1_283' title='bbox 893 3146 944 3206; x_wconf 88' lang='lat' dir='ltr'>sad</span> <span class='ocrx_word' id='word_1_284' title='bbox 967 3146 1119 3207; x_wconf 88' lang='lat' dir='ltr'>hominum</span> <span class='ocrx_word' id='word_1_285' title='bbox 1142 3149 1229 3207; x_wconf 89' lang='lat' dir='ltr'>etiam</span> <span class='ocrx_word' id='word_1_286' title='bbox 1244 3149 1356 3225; x_wconf 87' lang='lat' dir='ltr'>opinio·</span> 
     </span>
     <span class='ocr_line' id='line_1_28' title="bbox 78 3221 1425 3328; baseline 0.007 -24"><span class='ocrx_word' id='word_1_287' title='bbox 78 3261 125 3306; x_wconf 88' lang='lat' dir='ltr'>nes</span> <span class='ocrx_word' id='word_1_288' title='bbox 144 3253 234 3326; x_wconf 87' lang='lat' dir='ltr'>atque</span> <span class='ocrx_word' id='word_1_289' title='bbox 256 3247 331 3310; x_wconf 89' lang='lat' dir='ltr'>adeo</span> <span class='ocrx_word' id='word_1_290' title='bbox 353 3221 534 3327; x_wconf 72' lang='lat' dir='ltr'>suspicione⁸s</span> <span class='ocrx_word' id='word_1_291' title='bbox 555 3251 689 3310; x_wconf 89' lang='lat' dir='ltr'>accusari</span> <span class='ocrx_word' id='word_1_292' title='bbox 711 3248 790 3327; x_wconf 90' lang='lat' dir='ltr'>apud</span> <span class='ocrx_word' id='word_1_293' title='bbox 812 3265 844 3308; x_wconf 90' lang='lat' dir='ltr'>se</span> <span class='ocrx_word' id='word_1_294' title='bbox 866 3263 970 3328; x_wconf 81' lang='lat' dir='ltr'>passus</span> <span class='ocrx_word' id='word_1_295' title='bbox 992 3255 1050 3316; x_wconf 89' lang='lat' dir='ltr'>est;</span> <span class='ocrx_word' id='word_1_296' title='bbox 1080 3250 1129 3327; x_wconf 84' lang='lat' dir='ltr'>qui</span> <span class='ocrx_word' id='word_1_297' title='bbox 1158 3249 1215 3308; x_wconf 91' lang='lat' dir='ltr'>hoo</span> <span class='ocrx_word' id='word_1_298' title='bbox 1243 3250 1355 3314; x_wconf 87' lang='lat' dir='ltr'>studuit</span> <span class='ocrx_word' id='word_1_299' title='bbox 1364 3266 1382 3316; x_wconf 79' lang='lat' dir='ltr'>l.</span> <span class='ocrx_word' id='word_1_300' title='bbox 1390 3269 1425 3313; x_wconf 82' lang='lat' dir='ltr'>rs.</span> 
     </span>
     <span class='ocr_line' id='line_1_29' title="bbox 80 3349 1357 3431; baseline 0.006 -25"><span class='ocrx_word' id='word_1_301' title='bbox 80 3355 107 3406; x_wconf 90' lang='lat' dir='ltr'>ut</span> <span class='ocrx_word' id='word_1_302' title='bbox 125 3349 169 3408; x_wconf 91' lang='lat' dir='ltr'>ius</span> <span class='ocrx_word' id='word_1_303' title='bbox 190 3355 220 3411; x_wconf 92' lang='lat' dir='ltr'>et</span> <span class='ocrx_word' id='word_1_304' title='bbox 241 3351 288 3412; x_wconf 85' lang='lat' dir='ltr'>ias</span> <span class='ocrx_word' id='word_1_305' title='bbox 309 3369 396 3412; x_wconf 89' lang='lat' dir='ltr'>omne</span> <span class='ocrx_word' id='word_1_306' title='bbox 418 3350 545 3420; x_wconf 90' lang='lat' dir='ltr'>deleret,</span> <span class='ocrx_word' id='word_1_307' title='bbox 573 3352 652 3431; x_wconf 88' lang='lat' dir='ltr'>ipsas</span> <span class='ocrx_word' id='word_1_308' title='bbox 673 3350 800 3411; x_wconf 88' lang='lat' dir='ltr'>ludibrio</span> <span class='ocrx_word' id='word_1_309' title='bbox 822 3349 902 3428; x_wconf 85' lang='lat' dir='ltr'>leges</span> <span class='ocrx_word' id='word_1_310' title='bbox 925 3349 1061 3419; x_wconf 90' lang='lat' dir='ltr'>baberet,</span> <span class='ocrx_word' id='word_1_311' title='bbox 1091 3367 1126 3411; x_wconf 81' lang='lat' dir='ltr'>er</span> <span class='ocrx_word' id='word_1_312' title='bbox 1154 3369 1207 3412; x_wconf 91' lang='lat' dir='ltr'>sua</span> <span class='ocrx_word' id='word_1_313' title='bbox 1236 3349 1357 3414; x_wconf 86' lang='lat' dir='ltr'>libidine</span> 
     </span>
     <span class='ocr_line' id='line_1_30' title="bbox 79 3451 1357 3535; baseline 0.005 -27"><span class='ocrx_word' id='word_1_314' title='bbox 79 3452 167 3511; x_wconf 89' lang='lat' dir='ltr'>omnia</span> <span class='ocrx_word' id='word_1_315' title='bbox 189 3451 387 3530; x_wconf 60' lang='lat' dir='ltr'>gubernarem</span> <span class='ocrx_word' id='word_1_316' title='bbox 417 3455 464 3516; x_wconf 90' lang='lat' dir='ltr'>cui</span> <span class='ocrx_word' id='word_1_317' title='bbox 485 3453 558 3516; x_wconf 87' lang='lat' dir='ltr'>fides</span> <span class='ocrx_word' id='word_1_318' title='bbox 580 3459 679 3514; x_wconf 85' lang='lat' dir='ltr'>sancta</span> <span class='ocrx_word' id='word_1_319' title='bbox 701 3471 761 3514; x_wconf 90' lang='lat' dir='ltr'>non</span> <span class='ocrx_word' id='word_1_320' title='bbox 784 3453 853 3522; x_wconf 88' lang='lat' dir='ltr'>luit,</span> <span class='ocrx_word' id='word_1_321' title='bbox 883 3453 1086 3535; x_wconf 82' lang='lat' dir='ltr'>iusiurandum</span> <span class='ocrx_word' id='word_1_322' title='bbox 1116 3453 1166 3531; x_wconf 89' lang='lat' dir='ltr'>qui</span> <span class='ocrx_word' id='word_1_323' title='bbox 1187 3459 1357 3514; x_wconf 88' lang='lat' dir='ltr'>contemne·</span> 
     </span>
     <span class='ocr_line' id='line_1_31' title="bbox 54 3549 1357 3634; baseline 0.007 -27"><span class='ocrx_word' id='word_1_324' title='bbox 54 3549 136 3621; x_wconf 77' lang='lat' dir='ltr'>ebat,</span> <span class='ocrx_word' id='word_1_325' title='bbox 158 3555 210 3634; x_wconf 92' lang='lat' dir='ltr'>qui</span> <span class='ocrx_word' id='word_1_326' title='bbox 232 3572 292 3616; x_wconf 88' lang='lat' dir='ltr'>uon</span> <span class='ocrx_word' id='word_1_327' title='bbox 316 3555 410 3616; x_wconf 89' lang='lat' dir='ltr'>solum</span> <span class='ocrx_word' id='word_1_328' title='bbox 434 3574 499 3634; x_wconf 83' lang='lat' dir='ltr'>quae</span> <span class='ocrx_word' id='word_1_329' title='bbox 521 3558 698 3634; x_wconf 91' lang='lat' dir='ltr'>promiserat</span> <span class='ocrx_word' id='word_1_330' title='bbox 717 3573 777 3616; x_wconf 87' lang='lat' dir='ltr'>uon</span> <span class='ocrx_word' id='word_1_331' title='bbox 800 3557 945 3633; x_wconf 79' lang='lat' dir='ltr'>praestitit,</span> <span class='ocrx_word' id='word_1_332' title='bbox 961 3554 1165 3631; x_wconf 77' lang='lat' dir='ltr'>¹verumetiam</span> <span class='ocrx_word' id='word_1_333' title='bbox 1192 3570 1257 3631; x_wconf 77' lang='lat' dir='ltr'>que</span> <span class='ocrx_word' id='word_1_334' title='bbox 1278 3556 1357 3616; x_wconf 82' lang='lat' dir='ltr'>iura-</span> 
     </span>
     <span class='ocr_line' id='line_1_32' title="bbox 79 3655 1356 3736; baseline 0.007 -26"><span class='ocrx_word' id='word_1_335' title='bbox 79 3662 152 3715; x_wconf 87' lang='lat' dir='ltr'>rerat</span> <span class='ocrx_word' id='word_1_336' title='bbox 173 3663 203 3717; x_wconf 91' lang='lat' dir='ltr'>et</span> <span class='ocrx_word' id='word_1_337' title='bbox 225 3655 334 3734; x_wconf 90' lang='lat' dir='ltr'>quibus</span> <span class='ocrx_word' id='word_1_338' title='bbox 345 3657 383 3720; x_wconf 90' lang='lat' dir='ltr'>de</span> <span class='ocrx_word' id='word_1_339' title='bbox 404 3658 502 3736; x_wconf 88' lang='lat' dir='ltr'>signa,</span> <span class='ocrx_word' id='word_1_340' title='bbox 534 3657 634 3720; x_wconf 88' lang='lat' dir='ltr'>literas</span> <span class='ocrx_word' id='word_1_341' title='bbox 656 3675 692 3718; x_wconf 91' lang='lat' dir='ltr'>ac</span> <span class='ocrx_word' id='word_1_342' title='bbox 713 3663 803 3722; x_wconf 89' lang='lat' dir='ltr'>testes</span> <span class='ocrx_word' id='word_1_343' title='bbox 824 3659 1057 3736; x_wconf 84' lang='lat' dir='ltr'>interposuerat,</span> <span class='ocrx_word' id='word_1_344' title='bbox 1080 3674 1203 3735; x_wconf 79' lang='lat' dir='ltr'>quaeque</span> <span class='ocrx_word' id='word_1_345' title='bbox 1226 3663 1289 3718; x_wconf 90' lang='lat' dir='ltr'>rata</span> <span class='ocrx_word' id='word_1_346' title='bbox 1305 3657 1356 3721; x_wconf 90' lang='lat' dir='ltr'>ba·</span> 
     </span>
     <span class='ocr_line' id='line_1_33' title="bbox 79 3752 1357 3838; baseline 0.004 -24"><span class='ocrx_word' id='word_1_347' title='bbox 79 3753 201 3818; x_wconf 89' lang='lat' dir='ltr'>bitumm</span> <span class='ocrx_word' id='word_1_348' title='bbox 223 3776 256 3820; x_wconf 91' lang='lat' dir='ltr'>se</span> <span class='ocrx_word' id='word_1_349' title='bbox 279 3760 373 3822; x_wconf 91' lang='lat' dir='ltr'>modis</span> <span class='ocrx_word' id='word_1_350' title='bbox 395 3759 532 3836; x_wconf 81' lang='lat' dir='ltr'>omnibus</span> <span class='ocrx_word' id='word_1_351' title='bbox 553 3761 640 3822; x_wconf 85' lang='lat' dir='ltr'>iidem</span> <span class='ocrx_word' id='word_1_352' title='bbox 663 3759 798 3830; x_wconf 88' lang='lat' dir='ltr'>dederat,</span> <span class='ocrx_word' id='word_1_353' title='bbox 821 3758 972 3821; x_wconf 90' lang='lat' dir='ltr'>illudendo</span> <span class='ocrx_word' id='word_1_354' title='bbox 994 3759 1081 3822; x_wconf 88' lang='lat' dir='ltr'>etiarn</span> <span class='ocrx_word' id='word_1_355' title='bbox 1101 3752 1283 3836; x_wconf 76' lang='lat' dir='ltr'>retractavit;</span> <span class='ocrx_word' id='word_1_356' title='bbox 1307 3760 1357 3838; x_wconf 89' lang='lat' dir='ltr'>qui</span> 
     </span>
     <span class='ocr_line' id='line_1_34' title="bbox 79 3859 1356 3941; baseline 0.004 -24"><span class='ocrx_word' id='word_1_357' title='bbox 79 3873 152 3920; x_wconf 89' lang='lat' dir='ltr'>sacra</span> <span class='ocrx_word' id='word_1_358' title='bbox 175 3859 390 3941; x_wconf 86' lang='lat' dir='ltr'>prophanaque</span> <span class='ocrx_word' id='word_1_359' title='bbox 411 3863 534 3941; x_wconf 88' lang='lat' dir='ltr'>perinde</span> <span class='ocrx_word' id='word_1_360' title='bbox 555 3863 671 3933; x_wconf 90' lang='lat' dir='ltr'>babuit,</span> <span class='ocrx_word' id='word_1_361' title='bbox 695 3865 744 3941; x_wconf 88' lang='lat' dir='ltr'>qui</span> <span class='ocrx_word' id='word_1_362' title='bbox 766 3881 783 3924; x_wconf 94' lang='lat' dir='ltr'>a</span> <span class='ocrx_word' id='word_1_363' title='bbox 805 3862 940 3924; x_wconf 86' lang='lat' dir='ltr'>divorum</span> <span class='ocrx_word' id='word_1_364' title='bbox 961 3860 1093 3940; x_wconf 89' lang='lat' dir='ltr'>templis,</span> <span class='ocrx_word' id='word_1_365' title='bbox 1122 3878 1139 3920; x_wconf 91' lang='lat' dir='ltr'>a</span> <span class='ocrx_word' id='word_1_366' title='bbox 1159 3859 1316 3939; x_wconf 87' lang='lat' dir='ltr'>religione,</span> <span class='ocrx_word' id='word_1_367' title='bbox 1339 3879 1356 3922; x_wconf 91' lang='lat' dir='ltr'>a</span> 
     </span>
     <span class='ocr_line' id='line_1_35' title="bbox 80 3962 1424 4044; baseline 0.005 -26"><span class='ocrx_word' id='word_1_368' title='bbox 80 3962 259 4024; x_wconf 86' lang='lat' dir='ltr'>sacerdotum</span> <span class='ocrx_word' id='word_1_369' title='bbox 292 3965 475 4026; x_wconf 90' lang='lat' dir='ltr'>immunitate</span> <span class='ocrx_word' id='word_1_370' title='bbox 502 3963 659 4044; x_wconf 87' lang='lat' dir='ltr'>sacrilegas</span> <span class='ocrx_word' id='word_1_371' title='bbox 688 3983 792 4026; x_wconf 91' lang='lat' dir='ltr'>manus</span> <span class='ocrx_word' id='word_1_372' title='bbox 820 3982 881 4026; x_wconf 92' lang='lat' dir='ltr'>non</span> <span class='ocrx_word' id='word_1_373' title='bbox 907 3964 1060 4032; x_wconf 84' lang='lat' dir='ltr'>abstinuit;</span> <span class='ocrx_word' id='word_1_374' title='bbox 1090 3965 1194 4043; x_wconf 90' lang='lat' dir='ltr'>quiin</span> <span class='ocrx_word' id='word_1_375' title='bbox 1221 3964 1424 4030; x_wconf 63' lang='lat' dir='ltr'>ioeminasraa.</span> 
     </span>
     <span class='ocr_line' id='line_1_36' title="bbox 55 4065 1357 4146; baseline 0.005 -24"><span class='ocrx_word' id='word_1_376' title='bbox 55 4065 196 4142; x_wconf 76' lang='lat' dir='ltr'>esupris,</span> <span class='ocrx_word' id='word_1_377' title='bbox 220 4066 250 4125; x_wconf 92' lang='lat' dir='ltr'>in</span> <span class='ocrx_word' id='word_1_378' title='bbox 274 4066 352 4126; x_wconf 81' lang='lat' dir='ltr'>siros</span> <span class='ocrx_word' id='word_1_379' title='bbox 375 4066 453 4129; x_wconf 78' lang='lat' dir='ltr'>caede</span> <span class='ocrx_word' id='word_1_380' title='bbox 476 4073 626 4144; x_wconf 86' lang='lat' dir='ltr'>grassatus</span> <span class='ocrx_word' id='word_1_381' title='bbox 647 4075 706 4137; x_wconf 90' lang='lat' dir='ltr'>est;</span> <span class='ocrx_word' id='word_1_382' title='bbox 729 4069 779 4146; x_wconf 91' lang='lat' dir='ltr'>qui</span> <span class='ocrx_word' id='word_1_383' title='bbox 802 4067 935 4144; x_wconf 89' lang='lat' dir='ltr'>coniugia</span> <span class='ocrx_word' id='word_1_384' title='bbox 957 4065 1077 4128; x_wconf 91' lang='lat' dir='ltr'>libidine</span> <span class='ocrx_word' id='word_1_385' title='bbox 1100 4065 1227 4136; x_wconf 86' lang='lat' dir='ltr'>violavit,</span> <span class='ocrx_word' id='word_1_386' title='bbox 1256 4068 1357 4128; x_wconf 90' lang='lat' dir='ltr'>amici·</span> 
     </span>
     <span class='ocr_line' id='line_1_37' title="bbox 80 4163 1410 4248; baseline 0.008 -26"><span class='ocrx_word' id='word_1_387' title='bbox 80 4163 127 4222; x_wconf 83' lang='lat' dir='ltr'>ties</span> <span class='ocrx_word' id='word_1_388' title='bbox 147 4165 321 4228; x_wconf 82' lang='lat' dir='ltr'>crudelitate</span> <span class='ocrx_word' id='word_1_389' title='bbox 344 4168 487 4238; x_wconf 84' lang='lat' dir='ltr'>dissolrit;</span> <span class='ocrx_word' id='word_1_390' title='bbox 517 4187 605 4248; x_wconf 89' lang='lat' dir='ltr'>quem</span> <span class='ocrx_word' id='word_1_391' title='bbox 627 4167 706 4233; x_wconf 90' lang='lat' dir='ltr'>nulla</span> <span class='ocrx_word' id='word_1_392' title='bbox 729 4169 908 4230; x_wconf 89' lang='lat' dir='ltr'>dedecorum</span> <span class='ocrx_word' id='word_1_393' title='bbox 932 4175 960 4230; x_wconf 90' lang='lat' dir='ltr'>et</span> <span class='ocrx_word' id='word_1_394' title='bbox 987 4171 1183 4246; x_wconf 88' lang='lat' dir='ltr'>pessimorum</span> <span class='ocrx_word' id='word_1_395' title='bbox 1210 4169 1357 4232; x_wconf 90' lang='lat' dir='ltr'>scelerum</span> <span class='ocrx_word' id='word_1_396' title='bbox 1400 4187 1410 4202; x_wconf 89' lang='lat'><strong>·</strong></span> 
     </span>
    </p>
   </div>
   <div class='ocr_carea' id='block_1_3' title="bbox 80 4261 1357 4364">
    <p class='ocr_par' dir='ltr' id='par_1_3' title="bbox 80 4261 1357 4364">
     <span class='ocr_line' id='line_1_38' title="bbox 80 4261 1357 4364; baseline 0.008 -40"><span class='ocrx_word' id='word_1_397' title='bbox 80 4261 147 4328; x_wconf 76' lang='lat' dir='ltr'>laam</span> <span class='ocrx_word' id='word_1_398' title='bbox 168 4271 330 4348; x_wconf 82' lang='lat' dir='ltr'>permovit,</span> <span class='ocrx_word' id='word_1_399' title='bbox 355 4272 406 4344; x_wconf 84' lang='lat' dir='ltr'>sed</span> <span class='ocrx_word' id='word_1_400' title='bbox 427 4288 499 4334; x_wconf 86' lang='lat' dir='ltr'>usus</span> <span class='ocrx_word' id='word_1_401' title='bbox 521 4272 699 4334; x_wconf 87' lang='lat' dir='ltr'>iucunditate</span> <span class='ocrx_word' id='word_1_402' title='bbox 721 4271 844 4341; x_wconf 87' lang='lat' dir='ltr'>adlecit;</span> <span class='ocrx_word' id='word_1_403' title='bbox 867 4273 918 4364; x_wconf 87' lang='lat' dir='ltr'>qui</span> <span class='ocrx_word' id='word_1_404' title='bbox 939 4290 1007 4334; x_wconf 88' lang='lat' dir='ltr'>cum</span> <span class='ocrx_word' id='word_1_405' title='bbox 1021 4271 1130 4334; x_wconf 84' lang='lat' dir='ltr'>aculeis</span> <span class='ocrx_word' id='word_1_406' title='bbox 1145 4273 1291 4336; x_wconf 88' lang='lat' dir='ltr'>dictorum</span> <span class='ocrx_word' id='word_1_407' title='bbox 1305 4289 1357 4354; x_wconf 90' lang='lat' dir='ltr'>pa-</span> 
     </span>
    </p>
   </div>
   <div class='ocr_carea' id='block_1_4' title="bbox 80 4501 1388 4834">
    <p class='ocr_par' dir='ltr' id='par_1_4' title="bbox 80 4501 1388 4834">
     <span class='ocr_line' id='line_1_39' title="bbox 137 4501 1388 4578; baseline 0.003 -20"><span class='ocrx_word' id='word_1_408' title='bbox 137 4505 258 4576; x_wconf 88' lang='lat' dir='ltr'>¹oduc.]</span> <span class='ocrx_word' id='word_1_409' title='bbox 279 4509 315 4560; x_wconf 83' lang='lat' dir='ltr'>cs.</span> <span class='ocrx_word' id='word_1_410' title='bbox 329 4509 383 4560; x_wconf 83' lang='lat' dir='ltr'>vol.</span> <span class='ocrx_word' id='word_1_411' title='bbox 395 4509 418 4561; x_wconf 90' lang='lat'>1.</span> <span class='ocrx_word' id='word_1_412' title='bbox 430 4527 458 4577; x_wconf 90' lang='lat' dir='ltr'>p.</span> <span class='ocrx_word' id='word_1_413' title='bbox 471 4509 531 4562; x_wconf 79' lang='lat'>244.</span> <span class='ocrx_word' id='word_1_414' title='bbox 544 4527 569 4562; x_wconf 87' lang='lat' dir='ltr'>v.</span> <span class='ocrx_word' id='word_1_415' title='bbox 582 4509 624 4562; x_wconf 79' lang='lat'>3³.</span> <span class='ocrx_word' id='word_1_416' title='bbox 688 4509 798 4577; x_wconf 68' lang='lat' dir='ltr'>‘paulo</span> <span class='ocrx_word' id='word_1_417' title='bbox 818 4507 895 4578; x_wconf 83' lang='lat' dir='ltr'>ante]</span> <span class='ocrx_word' id='word_1_418' title='bbox 920 4511 999 4574; x_wconf 66' lang='lat'>§.32</span> <span class='ocrx_word' id='word_1_419' title='bbox 1063 4511 1085 4546; x_wconf 91' lang='lat'>¹⁰</span> <span class='ocrx_word' id='word_1_420' title='bbox 1103 4512 1158 4564; x_wconf 87' lang='lat' dir='ltr'>sibi</span> <span class='ocrx_word' id='word_1_421' title='bbox 1176 4515 1307 4564; x_wconf 76' lang='lat' dir='ltr'>addidisse</span> <span class='ocrx_word' id='word_1_422' title='bbox 1325 4517 1355 4564; x_wconf 74' lang='grc' dir='ltr'>Β.</span> <span class='ocrx_word' id='word_1_423' title='bbox 1382 4501 1388 4514; x_wconf 79' lang='grc'><em>“</em></span> 
     </span>
     <span class='ocr_line' id='line_1_40' title="bbox 80 4590 1355 4658; baseline 0.009 -20"><span class='ocrx_word' id='word_1_424' title='bbox 80 4590 158 4641; x_wconf 76' lang='lat' dir='ltr'>uuam.</span> <span class='ocrx_word' id='word_1_425' title='bbox 172 4597 196 4642; x_wconf 86' lang='grc'>2.</span> <span class='ocrx_word' id='word_1_426' title='bbox 213 4609 410 4658; x_wconf 70' lang='lat' dir='ltr'>per-,errorem</span> <span class='ocrx_word' id='word_1_427' title='bbox 427 4602 502 4648; x_wconf 67' lang='lat' dir='ltr'>cetat</span> <span class='ocrx_word' id='word_1_428' title='bbox 519 4596 661 4648; x_wconf 79' lang='lat' dir='ltr'>vocobulum</span> <span class='ocrx_word' id='word_1_429' title='bbox 679 4602 705 4648; x_wconf 83' lang='lat' dir='ltr'>iu</span> <span class='ocrx_word' id='word_1_430' title='bbox 724 4599 749 4646; x_wconf 91' lang='lat'>1.</span> <span class='ocrx_word' id='word_1_431' title='bbox 786 4596 806 4630; x_wconf 73' lang='lat'>¹¹</span> <span class='ocrx_word' id='word_1_432' title='bbox 823 4597 925 4648; x_wconf 78' lang='lat' dir='ltr'>desinit</span> <span class='ocrx_word' id='word_1_433' title='bbox 935 4601 958 4648; x_wconf 85' lang='grc'>1.</span> <span class='ocrx_word' id='word_1_434' title='bbox 978 4598 1087 4650; x_wconf 84' lang='lat' dir='ltr'>destitit</span> <span class='ocrx_word' id='word_1_435' title='bbox 1098 4615 1167 4650; x_wconf 64' lang='lat' dir='ltr'>corr.</span> <span class='ocrx_word' id='word_1_436' title='bbox 1181 4599 1218 4649; x_wconf 88' lang='lat' dir='ltr'>H.</span> <span class='ocrx_word' id='word_1_437' title='bbox 1258 4597 1283 4631; x_wconf 48' lang='grc' dir='ltr'>’ἢ</span> <span class='ocrx_word' id='word_1_438' title='bbox 1295 4615 1355 4650; x_wconf 85' lang='lat' dir='ltr'>acc.</span> 
     </span>
     <span class='ocr_line' id='line_1_41' title="bbox 80 4679 1357 4749; baseline 0.007 -25"><span class='ocrx_word' id='word_1_439' title='bbox 80 4681 169 4738; x_wconf 76' lang='lat' dir='ltr'>comt]</span> <span class='ocrx_word' id='word_1_440' title='bbox 188 4679 309 4730; x_wconf 85' lang='lat' dir='ltr'>Primum</span> <span class='ocrx_word' id='word_1_441' title='bbox 327 4680 357 4729; x_wconf 88' lang='lat' dir='ltr'>in</span> <span class='ocrx_word' id='word_1_442' title='bbox 376 4681 525 4732; x_wconf 85' lang='lat' dir='ltr'>Germania</span> <span class='ocrx_word' id='word_1_443' title='bbox 542 4681 698 4732; x_wconf 78' lang='lat' dir='ltr'>maiestatis</span> <span class='ocrx_word' id='word_1_444' title='bbox 720 4683 853 4732; x_wconf 89' lang='lat' dir='ltr'>iudicium</span> <span class='ocrx_word' id='word_1_445' title='bbox 874 4682 904 4732; x_wconf 89' lang='lat' dir='ltr'>io</span> <span class='ocrx_word' id='word_1_446' title='bbox 921 4683 1091 4749; x_wconf 79' lang='lat' dir='ltr'>Breuniugos</span> <span class='ocrx_word' id='word_1_447' title='bbox 1109 4685 1282 4749; x_wconf 78' lang='lat' dir='ltr'>ventumque</span> <span class='ocrx_word' id='word_1_448' title='bbox 1300 4685 1357 4734; x_wconf 61' lang='lat' dir='ltr'>adia</span> 
     </span>
     <span class='ocr_line' id='line_1_42' title="bbox 80 4757 1354 4834; baseline 0.009 -26"><span class='ocrx_word' id='word_1_449' title='bbox 80 4757 146 4811; x_wconf 77' lang='lat' dir='ltr'>disse</span> <span class='ocrx_word' id='word_1_450' title='bbox 163 4763 426 4831; x_wconf 86' lang='lat' dir='ltr'>Virtenpergensem</span> <span class='ocrx_word' id='word_1_451' title='bbox 444 4781 519 4833; x_wconf 84' lang='lat' dir='ltr'>saepe</span> <span class='ocrx_word' id='word_1_452' title='bbox 537 4767 711 4818; x_wconf 85' lang='lat' dir='ltr'>observatum</span> <span class='ocrx_word' id='word_1_453' title='bbox 731 4772 780 4818; x_wconf 88' lang='lat' dir='ltr'>est.</span> <span class='ocrx_word' id='word_1_454' title='bbox 801 4768 843 4818; x_wconf 84' lang='lat' dir='ltr'>Cf.</span> <span class='ocrx_word' id='word_1_455' title='bbox 859 4769 938 4834; x_wconf 74' lang='lat' dir='ltr'>Hepd</span> <span class='ocrx_word' id='word_1_456' title='bbox 949 4770 971 4819; x_wconf 92' lang='lat'>1.</span> <span class='ocrx_word' id='word_1_457' title='bbox 985 4785 1012 4834; x_wconf 88' lang='lat' dir='ltr'>p.</span> <span class='ocrx_word' id='word_1_458' title='bbox 1024 4765 1083 4823; x_wconf 55' lang='grc' dir='ltr'>ΨΟ.</span> <span class='ocrx_word' id='word_1_459' title='bbox 1097 4782 1139 4834; x_wconf 87' lang='lat' dir='ltr'>sq.</span> <span class='ocrx_word' id='word_1_460' title='bbox 1173 4767 1198 4800; x_wconf 70' lang='lat'>⁸³</span> <span class='ocrx_word' id='word_1_461' title='bbox 1213 4769 1354 4833; x_wconf 55' lang='lat' dir='ltr'>prodendi</span> 
     </span>
    </p>
   </div>
   <div class='ocr_carea' id='block_1_5' title="bbox 0 0 1710 5524">
    <p class='ocr_par' dir='ltr' id='par_1_5' title="bbox 0 0 1710 5524">
     <span class='ocr_line' id='line_1_43' title="bbox 0 0 1710 5524; baseline 0 0"><span class='ocrx_word' id='word_1_462' title='bbox 0 0 1710 5524; x_wconf 95' lang='lat' dir='ltr'> </span> 
     </span>
    </p>
   </div>
  </div>
 </body>
</html>
