3382 5516
189 415 210 451 l.
223 414 565 458 rnuevtnntrtnrntrtttr
577 415 730 452 sunnone}
744 415 881 451 DAIMM‘AE
894 415 1003 451 CONTRA
1016 416 1142 453 TRVBGA!
1155 417 1266 456 ontrtot
1298 387 1371 460 209

1440 497 1456 534 θ

294 572 341 629 Gul
365 575 495 646 quaesisse
518 573 584 629 satis
606 591 660 630 non
683 583 725 630 est
747 581 790 630 tot
813 592 907 648 regna,
932 582 974 630 tot
996 573 1087 638 urbes.
1181 647 1184 653 Ι

246 675 258 715 t
365 658 487 713 Imminet
510 657 643 714 horrenda
666 658 767 733 (tygris
788 669 818 715 ut
840 659 907 726 atra)
932 661 1004 724 iaoo;

294 741 405 816 colligit
427 743 554 816 ingentes
576 745 696 816 spaciosa
719 761 772 817 per.
791 745 888 818 oppida
911 745 990 807 vires.

361 827 476 901 lmperio
499 827 603 901 subigit
627 829 754 902 quicquid
777 829 803 884 in
827 829 893 885 orbe
915 837 999 903 patet.

296 912 323 970 ld
345 911 414 968 lleus
436 919 553 974 avertat,
576 911 695 968 coelestia
719 914 826 968 numina
848 915 938 988 poscit

245 1013 259 1053 a
362 995 537 1060 Parthenius,
559 997 622 1056 vitae
643 1005 737 1054 nostra
758 996 859 1072 pericla
881 999 996 1062 docens;

294 1081 351 1138 Huc
372 1089 400 1138 et
420 1081 501 1138 Pierii
524 1079 618 1138 latices
641 1081 668 1138 in
691 1081 808 1139 carmine
830 1083 917 1158 sparsi

361 1163 394 1222 Et
414 1173 541 1222 contorta
563 1181 643 1222 manu
666 1165 719 1223 tela
742 1165 852 1224 trisulca
874 1167 975 1241 rigent.

294 1251 353 1308 llon
375 1250 490 1308 bumana
511 1261 592 1326 putes
613 1259 751 1308 moturum
773 1260 884 1327 pectora
908 1261 1019 1316 tantum,

231 1351 257 1392 aa
361 1335 464 1410 Cogere
486 1336 533 1392 sod
555 1350 688 1394 summum
711 1335 761 1394 sub
783 1354 832 1393 sua
853 1345 914 1394 vota
936 1337 1033 1394 lovem.

295 1519 518 1584 ttfflottttttcvs
540 1521 645 1579 SPE'l'l'
666 1521 868 1580 raneosmvs
890 1523 1176 1602 stvcttattbttttsts

296 1657 410 1714 Horrida
433 1657 597 1715 Thurcarum
621 1657 827 1732 minitantiaque
848 1658 954 1732 agmina
976 1660 1076 1716 sanctis

364 1741 548 1806 Christicolis.
572 1759 671 1816 magno
693 1744 735 1799 vix
757 1743 928 1800 memoranda
951 1753 1034 1807 metu.

301 1826 476 1900 Tranquillus
498 1826 630 1890 breviter.
653 1827 721 1884 mira
742 1827 887 1902 descripsit
909 1838 937 1884 ct
960 1837 1026 1891 arte,

364 1909 398 1967 ua
419 1928 486 1968 nova
508 1911 614 1968 bleonii
637 1927 750 1986 surgere
772 1912 874 1986 plectra
897 1921 985 1987 putes:

297 1996 339 2052 Ab
359 1995 453 2070 quales
476 1994 626 2071 lachrymas
648 1997 750 2060 fundit,
774 2015 833 2072 quaa
855 2005 917 2054 vota
940 1997 1070 2054 Tonanti!

364 2079 498 2138 Flecteret
519 2081 562 2138 bis
583 2081 711 2156 precibus
733 2081 858 2145 domina.
876 2097 957 2146 sara.
981 2083 1061 2139 seras.

309 2449 536 2522 rntnovtttvs
557 2451 764 2524 Panrttttttvs
785 2451 989 2510 suadeamus
1010 2453 1167 2511 amdam
1237 2523 1240 2530 Ι

456 2571 650 2614 onsnrssnao
665 2571 706 2614 aa
721 2557 931 2614 nonrtrsnnao
947 2569 1024 2614 arno

389 2661 607 2713 nannonrno
624 2662 674 2712 nn
694 2661 852 2714 cananae
869 2662 906 2714 tn
917 2641 1093 2714 'narraru-

540 2761 699 2804 vrtttvsqu
717 2761 793 2796 ml!
811 2759 933 2796 noonotu

705 2851 730 2893 S·
746 2851 779 2894 D·

104 2949 111 2964 '
182 2951 249 3014 Etsi,
271 2951 312 3008 vir
333 2951 538 3016 humanissime,
561 2953 704 3010 nonsatis
726 2953 844 3028 propriae
865 2952 1031 3014 calamitates
1054 2955 1118 3012 mibi
1141 2953 1294 3030 deploratae
1309 2949 1383 3017 sunt.

97 3045 186 3093 umen
215 3053 299 3111 quum
327 3037 429 3094 rideam
457 3036 648 3112 rempublicam
670 3038 848 3094 Christianam
877 3037 1131 3097 immanissimorum
1154 3041 1320 3098 'lburcarum
1342 3056 1384 3096 ra·

66 3121 141 3180 rabie
164 3121 340 3178 vehementer
361 3121 561 3186 labefactatam,
584 3121 767 3196 maioremque
790 3121 876 3180 indies
898 3123 1047 3180 subituram
1070 3142 1130 3182 esse
1153 3125 1292 3188 iacturam,
1314 3124 1384 3180 ala·

96 3206 218 3280 cbryrnis
241 3213 391 3280 temperare
414 3223 468 3262 non
487 3208 573 3282 potui.
617 3207 812 3264 Feracissimus
834 3207 941 3282 quidem
965 3227 995 3280 ap
1018 3208 1216 3286 infensissimus
1239 3209 1327 3266 bostis
1342 3209 1390 3264 in·-

97 3299 152 3346 stat
175 3291 281 3346 nostris
302 3291 465 3354 cervicibus.
488 3299 571 3366 atque
593 3301 631 3354 ut,
646 3293 739 3350 eodem
763 3300 886 3366 tempore
900 3291 989 3354 ,litora
1013 3310 1162 3368 omnesque
1184 3309 1246 3350 oras
1262 3292 1383 3355 infestet,

97 3377 227 3449 ingentes
250 3382 278 3432 et
300 3383 445 3442 terrestres
468 3385 495 3433 et
517 3376 624 3434 nauales
647 3377 790 3434 exercitus·
803 3377 924 3450 undique
952 3377 1036 3450 cogit.
1081 3375 1274 3452 Superioribus
1296 3375 1383 3438 annis.

97 3477 183 3538 quum
205 3459 292 3516 adbuc
314 3469 388 3518 esset
410 3461 555 3525 infirmior,
578 3460 702 3524 Venetis.
731 3459 800 3518 olim'
818 3461 1010 3535 potentissimo
1033 3470 1106 3518 terra
1128 3461 1249 3534 marique
1271 3461 1383 3536 populo.

67 3541 165 3602 ootunc'
188 3531 272 3601 etiam
294 3543 431 3602 Gallorum
453 3543 686 3622 Hispanorumque
709 3564 739 3604 ac
761 3545 821 3602 aliis
843 3545 1016 3602 attxiliaribus
1038 3546 1124 3622 copiis
1147 3545 1304 3620 potentiori.
1328 3562 1386 3602 mu·

98 3629 250 3685 citissimas
271 3629 299 3685 in
321 3629 434 3694 Euboea.
458 3630 570 3694 Graecia,
589 3628 710 3694 debeis,
739 3631 855 3693 lstbmo,
878 3629 1081 3704 Peloponneso,
1110 3629 1193 3705 Epiro
1216 3630 1338 3697 civitates
1360 3630 1385 3684 vi

98 3713 214 3776 ademit:
238 3713 393 3772 Dalmatiam
415 3715 643 3778 autdevastavit,
666 3724 713 3773 aut
736 3715 888 3790 occupavit,
911 3722 958 3771 ant
974 3715 1143 3772 tributariam
1159 3714 1291 3771 reddidit:
1314 3731 1385 3770 nnnc

90 3798 245 3854 'debellatis
266 3798 480 3856 bellicosissimis
507 3800 677 3864 nationibus,
706 3799 815 3857 subacta
838 3797 942 3862 Cilicia.
971 3799 1128 3862 Antiochia.
1158 3798 1250 3880 Syria
1278 3798 1386 3854 Phoeni·

98 3885 154 3946 cia.
180 3883 390 3958 Mesopotamia.
414 3884 514 3947 ledaea,
537 3883 694 3947 Palaestina,
718 3885 892 3959 immissoque
915 3885 942 3940 in
957 3881 1067 3958 Libyam
1090 3899 1140 3960 per
1154 3883 1318 3957 Canopicum
1333 3881 1384 3938 llili

68 3971 204 4026 aaoostium
227 3969 356 4044 imperio.
384 3967 482 4044 quibus
504 3969 716 4026 Christianorum
744 3969 846 4026 viribus
874 3967 1077 4043 prohibebitur,
1106 3969 1253 4042 quominus¹
1272 3965 1386 4042 popula·

100 4053 224 4110 tionibus
246 4063 274 4110 et
295 4053 427 4110 incendiis
448 4047 533 4110 totam
556 4053 689 4128 Europam
711 4053 862 4112 deformet?
885 4053 936 4109 nisi
960 4053 1031 4110 torte
1046 4053 1200 4134 Principum
1224 4051 1385 4110 discordiam

99 4156 131 4194 ac
153 4146 251 4196 nostra
273 4137 375 4196 scelera
397 4139 476 4198 nobis
498 4138 642 4213 prolatura
665 4153 813 4214 speramus.
857 4137 959 4196 Idcirco
973 4138 1056 4194 ileum
1078 4137 1210 4211 optimum
1233 4137 1385 4199 maximnm.

99 4233 131 4280 ut
152 4225 227 4280 vires
249 4229 331 4299 atque
353 4224 457 4280 animos
473 4215 647 4282 atrocissima
663 4224 752 4300 gentis
767 4218 911 4298 miringat.
934 4222 987 4280 boc
1008 4223 1126 4279 carmine
1141 4222 1301 4298 deprecatus
1316 4238 1385 4278 sum.

99 4307 179 4376 Quod
203 4307 252 4366 tibi
274 4307 482 4383 religiosissimo
503 4311 531 4365 et
553 4309 704 4366 communia
726 4323 833 4382 semper
854 4305 922 4364 mala
945 4308 1101 4370 miseranti.
1124 4307 1231 4382 meique
1244 4303 1385 4382 'imprimis

65 4393 287 4452 dementissimo
308 4393 439 4458 dedicavi,
461 4401 493 4450 nt
513 4393 564 4450 sub
586 4402 634 4449 tuo
656 4394 764 4449 nornine
785 4391 887 4450 nnllam
908 4393 1060 4467 graviorem
1081 4409 1224 4451 censuram
1247 4394 1384 4466 expaveat.
1407 4401 1410 4408 ’

100 4477 176 4535 Vale.
199 4477 237 4536 lla
257 4477 427 4554 lpgolstarlio
447 4475 531 4536 Nonis
551 4474 659 4537 Marciis
669 4473 680 4534 ’.
696 4477 873 4536 ll.ll.xviii..

171 4643 353 4713 ⁴aarbigstL
388 4642 410 4678 ¹⁵
427 4644 572 4698 Meoniiw.
607 4642 630 4677 ¹⁰
647 4642 769 4724 Philippi
780 4640 896 4693 Gomltls
907 4641 1029 4694 Palatini
1041 4641 1130 4694 tenent
1148 4658 1180 4692 aa
1193 4640 1320 4692 Bovario
1338 4635 1385 4688 dn·

100 4730 144 4778 eis
162 4728 330 4781 consiliario.
377 4727 398 4761 ⁸¹
418 4728 519 4780 Grecis
538 4731 562 4779 1.
608 4729 692 4780 latmo
711 4731 735 4778 t.
786 4723 809 4760 ⁸⁴
826 4727 912 4778 Indos
929 4725 1054 4778 Palestin
1072 4730 1095 4778 1.
1142 4725 1259 4789 Lyblarn
1278 4726 1300 4772 t.

165 4815 295 4865 birram
314 4813 383 4864 Ora.
403 4827 466 4864 von.
480 4813 512 4862 V.
1133 4811 1169 4870 14
