3464 5526
410 293 417 332 t

323 421 370 492 40
457 447 581 486 struunt
599 447 628 505 U}
648 447 741 484 DVCH
759 446 1038 485 wrnnzursuutnm
1057 445 1159 484 ΟΒΔΤΙΟ
1178 447 1209 482 11.
1233 444 1346 482 insvrtn.
1365 444 1390 480 A.
1411 413 1486 482 la'il'd.¹

252 619 311 670 esa.
322 603 410 678 Quod
430 619 480 666 ros
503 603 667 672 meminisse
689 601 787 672 decet,
813 603 916 672 Sueri,
938 603 982 664 sic
1002 601 1152 664 lacessitos
1171 620 1241 674 nos,
1264 607 1323 662 um
1346 599 1505 667 crudeliter
1527 601 1608 662 inra-

266 732 268 740 ’
320 725 368 770 sos
392 712 492 766 restrae
510 712 609 768 tamen
638 703 814 766 innocentiae
841 705 985 765 rationem
1011 703 1158 766 habuisse.
1200 703 1236 764 Et
1263 703 1328 783 quis
1346 703 1509 782 *putaverat
1534 703 1608 764 adeo

322 825 375 872 nos
397 807 542 876 contineri
564 807 710 883 potuisse,
733 813 846 870 utnon
870 807 968 867 omnia
990 807 1124 886 protinus
1147 806 1227 868 coede
1248 785 1455 876 misceremus,
1480 822 1608 885 praeser-

214 886 219 900 ⁸
323 913 374 972 tim
397 910 441 972 hae
464 928 531 974 cum
553 909 690 970 adessent
711 909 806 970 vires?
830 907 882 970 sed
909 925 968 968 non
995 906 1098 970 aberat
1118 909 1148 970 in
1175 906 1277 970 dolore
1300 925 1419 987 quoque
1440 907 1607 978 conulem,

322 1022 350 1074 et
372 1029 437 1077 eum
460 1012 614 1090 petivimus
637 1011 687 1090 qui
710 1010 831 1081 meruit,
860 1027 947 1089 quem
968 1016 1038 1071 tuuc
1059 1009 1158 1072 ulcisci
1181 1029 1236 1072 nos
1262 1011 1441 1090 putarimus,
1464 1025 1534 1072 cum
1556 1021 1629 1072 nri-⁵

321 1115 430 1176 minem
452 1120 596 1196 preterea
619 1113 872 1192 contingeremus;
902 1112 1012 1190 fuitque
1034 1112 1143 1176 trustra
1171 1113 1226 1174 iste
1255 1110 1475 1196 robisterror,
1504 1111 1609 1172 cotidie

322 1214 520 1278 metuentibus
542 1214 647 1285 urbes,
674 1231 776 1292 agros,
805 1214 910 1292 oppida
934 1233 968 1274 ac
993 1212 1072 1274 villas
1091 1213 1323 1294 depoprdatnros
1350 1231 1421 1290 nos,
1447 1222 1500 1275 aut
1520 1231 1610 1292 quem

313 1319 550 1398 ,arripuissemus
572 1317 602 1376 in
622 1301 737 1378 nincula
757 1315 945 1402 abducturos.
986 1324 1015 1377 et
1035 1319 1093 1381 iam
1116 1317 1216 1376 ridetis
1234 1333 1293 1377 non
1315 1315 1442 1380 voluisse
1465 1333 1520 1376 nos
1542 1333 1610 1396 epm

323 1403 351 1481 et
371 1437 525 1498 possemus
550 1425 578 1479 ct
597 1415 678 1480 nihil·
691 1436 751 1478 non
773 1417 863 1480 licere
889 1407 976 1480 nobis
997 1419 1107 1480 recenti
1129 1419 1186 1480 ianr
1206 1422 1267 1478 tuan
1292 1415 1393 1478 dolore
1417 1416 1547 1497 perfusis
1568 1417 1610 1477 ri·

254 1521 462 1586 clauderetur.
508 1517 578 1589 Ques
601 1539 668 1580 cum
690 1520 728 1582 ita
750 1522 808 1582 sint
828 1527 857 1582 et
880 1539 930 1604 ros
949 1519 1142 1582 calamitatem
1164 1525 1295 1580 nostram
1318 1517 1397 1580 velut
1418 1537 1606 1582 communem
1619 1533 1641 1574 ιι

324 1622 461 1692 doleatis,
484 1622 603 1686 tandem
626 1621 735 1702 aliquid
756 1623 860 1684 audete
883 1629 977 1684 vestra
999 1622 1119 1700 dignum
1142 1620 1356 1700 magnitudine!
1378 1621 1437 1682 Sed
1458 1623 1516 1684 ianr
1538 1628 1610 1682 nutu

325 1742 390 1803 quae
411 1729 525 1800 mentes
547 1725 621 1794 sint,
645 1724 803 1805 perdidici:
826 1725 909 1786 rideo
933 1730 1104 1801 corrugatis
1126 1724 1238 1785 irontes
1258 1729 1295 1783 et
1321 1722 1451 1796 districta
1474 1724 1507 1784 in
1529 1721 1612 1802 illum

325 1821 498 1907 supercilia,
521 1826 605 1888 video
629 1844 797 1905 compressa
819 1844 872 1887 ora
897 1833 925 1889 et
950 1824 1097 1905 obliquata
1121 1826 1150 1886 in
1170 1824 1368 1904 impropitiam
1391 1824 1613 1886 meditationem
1724 1883 1725 1912 3

326 1930 436 2006 capita,
462 1927 547 1989 video
569 1935 669 1989 truces
691 1935 840 2007 aspectus,
863 1946 922 1990 uon
945 1927 1060 1990 modica
1083 1934 1185 1994 vestre
1206 1926 1462 2006 equitatissiqna.
1507 1927 1613 2004 quodsi
1724 1913 1725 1978 l

327 2048 390 2110 quae
411 2047 466 2108 pro
485 2047 517 2092 se
539 2031 663 2108 quisque
683 2032 785 2100 sentit,
808 2049 842 2092 ea
870 2027 955 2114 simul
979 2047 1080 2090 omnes
1102 2030 1249 2100 laceretis,
1278 2045 1382 2106 neque,
1403 2047 1454 2090 ros
1481 2027 1533 2090 laic
1561 2047 1644 2091 auu
1724 1995 1725 2080 l

257 2131 440 2200 §.condiendo
457 2149 553 2211 neque
574 2149 628 2210 ego
650 2131 775 2194 dicendo
797 2139 958 2210 occupatus
981 2150 1098 2193 asserus
1129 2131 1187 2193 Sed
1203 2132 1287 2214 agitis
1305 2148 1367 2198 nou
1389 2123 1546 2208 indiguum
1566 2150 1614 2194 sc·

325 2240 384 2294 stra
401 2233 553 2312 prudentie
571 2231 734 2304 silentium,
755 2233 970 2313 expectabundi
986 2234 1056 2312 quid
1078 2252 1180 2298 omnes
1198 2236 1228 2295 in
1246 2251 1332 2299 causa
1351 2232 1494 2294 Germani
1510 2233 1614 2299 decer·

325 2342 410 2406 nant,
444 2341 475 2406 ut
502 2335 580 2413 qnod
610 2334 693 2397 robis
720 2336 896 2397 tutissimum
926 2337 981 2405 sil,
1015 2337 1044 2396 iu
1070 2335 1196 2398 aliorum
1228 2336 1402 2398 sententiam
1433 2335 1616 2406 concedatis,

326 2439 463 2498 nimirum
484 2437 591 2516 quibus
614 2439 692 2503 baud
715 2457 819 2519 parum
843 2444 939 2500 metus
960 2436 1150 2518 incussit-illa
1167 2437 1335 2516 superioris
1353 2439 1422 2498 anui
1445 2435 1615 2499 calamitas:
1723 2461 1725 2528 p

325 2542 433 2602 timetis
462 2541 539 2602 enim
559 2556 597 2602 ne
619 2541 714 2620 siquid
737 2525 799 2602 ansi
818 2541 945 2609 fueritis,
968 2557 1154 2605 corumunem
1174 2538 1327 2602 utilitatem
1347 2539 1461 2618 prirato
1477 2537 1647 2618 periculoso

327 2642 482 2720 tueamini:
506 2659 597 2718 quare
619 2641 756 2704 alind‘ad
778 2660 829 2701 ros
853 2642 924 2703 nibil
945 2644 975 2704 iu
1000 2641 1055 2702 bac
1078 2642 1211 2704 oratione
1234 2657 1370 2705 seorsum
1390 2643 1545 2720 pertinere
1571 2661 1617 2703 ar·

258 2752 325 2805 tuor.
337 2743 439 2804 bitror.
479 2743 551 2810 Vos,
576 2745 731 2814 Germani,
756 2742 896 2812 obsecro,
923 2750 956 2804 ut
982 2745 1013 2804 iu
1042 2761 1198 2806 commuue
1227 2741 1398 2806 consulatis:
1428 2761 1488 2804 nou
1515 2745 1617 2823 puniri

326 2846 413 2906 istum
436 2852 523 2924 turpe
543 2851 600 2914 est,
623 2842 821 2924 periculosum
844 2853 903 2914 est;
925 2835 963 2906 n'e
986 2846 1128 2924 admittite
1150 2847 1229 2924 quod
1253 2845 1361 2917 lactum
1376 2846 1550 2924 pudendum
1572 2849 1616 2916 sit,

327 2965 364 3008 ne
384 2945 550 3024 periculum
571 2945 707 3006 omnibus
730 2948 885 3010 accersite:
908 2965 969 3008 uon
991 2946 1087 3024 legum
1109 2948 1186 3009 enim
1209 2953 1337 3018 tautum,
1360 2947 1412 3008 sed
1433 2955 1539 3018 vestrm
1560 2950 1617 3010 iarn
1724 2951 1725 3002 l

328 3047 546 3110 existimationis
575 3049 684 3112 iactura
713 3049 847 3112 differtur
877 3050 933 3111 boc
954 3049 1103 3111 iudicium.
1146 3066 1237 3127 porro
1265 3067 1363 3128 neque
1384 3047 1440 3111 tale
1462 3056 1508 3112 est
1529 3052 1648 3112 istinsrs

327 3149 516 3218 maleficium,
540 3156 572 3212 ut
593 3149 671 3212 salvo
693 3147 792 3230 legum
811 3171 845 3216 ac
865 3152 979 3232 imperii
1005 3151 1090 3213 buius
1108 3158 1186 3212 statu
1208 3150 1371 3212 condonari
1387 3153 1494 3232 possit,
1518 3170 1617 3232 neque
1724 3163 1725 3222 t

328 3252 381 3313 iste
403 3251 483 3330 talis,
516 3257 548 3312 nt
573 3254 781 3314 emendaturus
803 3256 889 3315 vitam
911 3261 1061 3333 speretur,
1090 3259 1122 3314 ut
1147 3255 1200 3333 qui
1224 3254 1281 3314 iam
1310 3255 1393 3332 signa
1420 3253 1500 3316 dedit
1526 3273 1618 3334 quam
1665 3314 1667 3318 ,
1724 3269 1725 3304 ι

327 3354 434 3417 invicte
456 3353 550 3415 malus
572 3354 624 3445 sit,
647 3355 734 3418 buiris
756 3356 855 3418 iudicii
883 3361 1015 3435 tempore
1044 3373 1133 3429 ausus
1154 3373 1261 3416 norum
1288 3356 1318 3416 iu
1339 3353 1423 3416 aliam
1444 3357 1553 3418 iterum
1574 3360 1618 3420 in·

258 3467 325 3519 §.roa
334 3457 497 3517 nocentiam
519 3455 624 3518 scelus.
660 3455 753 3527 Quam
776 3475 836 3520 nou
859 3457 947 3519 debet
965 3467 1063 3520 autem
1087 3460 1227 3538 consequi
1247 3457 1361 3520 neniam
1383 3459 1434 3538 qui
1454 3460 1480 3518 si
1494 3457 1545 3519 illa
1566 3479 1619 3522 ue-
1724 3447 1725 3468 ³

272 3555 274 3560 ’
327 3565 428 3635 gutur,
448 3567 549 3637 parata
569 3559 659 3622 babet
672 3561 822 3640 praesidia,
847 3559 925 3620 unde
943 3561 968 3619 ri
986 3577 1017 3621 so
1037 3561 1157 3639 eripiat?
1179 3562 1276 3638 itaque
1299 3562 1355 3622 nisi
1376 3567 1516 3622 strennue
1539 3562 1649 3624 iudi-so

328 3667 425 3722 catum
448 3662 590 3722 adversus
610 3661 697 3723 telem
721 3662 885 3731 bominem,
911 3660 997 3724 talem
1017 3671 1129 3740 pestem
1151 3662 1253 3731 luerit,
1284 3679 1342 3723 non
1365 3661 1530 3744 deponetur
1556 3665 1618 3724 eius

327 3763 463 3832 audacia,
486 3763 537 3824 sed
556 3763 793 3826 confirmabitur:
814 3782 958 3826 summam
981 3766 1085 3842 igitur,
1110 3764 1264 3836 Germani,
1287 3762 1431 3826 declinate
1451 3763 1615 3834 infamiam,
1724 3761 1725 3788 ³

328 3863 407 3942 quod
428 3862 527 3944 elapso
547 3867 602 3928 isto
622 3866 720 3928 dicem
742 3867 835 3928 exteri
858 3864 936 3930 nulla
966 3884 1030 3928 esse
1053 3867 1086 3938 ,in
1115 3867 1270 3930 Germania
1295 3866 1450 3928 adversum
1479 3874 1617 3946 potentes

328 3965 449 4034 iudicia;
471 3965 544 4026 illud
567 3986 636 4028 vero
658 3969 832 4048 prospicite,
854 3987 892 4030 ne
913 3987 982 4038 cum
1002 3970 1083 4032 istius
1102 3969 1274 4048 impunitate
1293 3967 1405 4029 licitmn
1422 3967 1481 4046 boc
1500 3971 1617 4031 crimen

329 4066 491 4140 vitiabitur,
515 4069 551 4130 ad
574 4068 680 4131 multos
704 4076 833 4134 transeat
855 4070 1020 4150 exemplum
1047 4077 1076 4133 et
1105 4073 1134 4132 in
1158 4077 1250 4131 totum
1274 4088 1365 4134 novos
1393 4088 1428 4131 ac
1450 4069 1648 4147 degenerasse

262 4168 400 4232 §.reabse
421 4172 500 4232 natio
521 4189 620 4234 mores
639 4171 750 4234 induat.
791 4173 849 4235 Sed
872 4175 1012 4252 proposui
1039 4175 1097 4239 iam
1121 4171 1193 4233 mibi
1214 4173 1323 4248 frustra
1346 4172 1409 4234 baec
1431 4173 1539 4242 metui,
1565 4191 1616 4234 ne·

331 4289 388 4349 que
411 4272 542 4334 luterum
565 4283 597 4336 ut
615 4282 644 4336 te
663 4275 805 4354 praeside,
830 4273 926 4376 tlaesar
946 4261 1154 4346 dissimilium,
1185 4277 1305 4359 aequitas
1330 4274 1538 4355 desydereturc
1562 4277 1615 4338 ita·
1724 4295 1725 4308 ¹

330 4423 531 4437 unu-*—

396 4507 547 4574 ⁶quotidie
565 4513 590 4562 2.
634 4509 656 4542 ²¹
675 4512 746 4576 qnod
763 4511 898 4578 reliquum
916 4519 978 4570 est..
983 4519 1044 4579 post
1062 4513 1178 4564 arbitror
1196 4514 1285 4564 addid.
1297 4519 1327 4563 n.
1383 4511 1405 4544 ¹³
1423 4511 1571 4566 edruibcre
1590 4517 1614 4572 2,

328 4593 351 4640 {¹⁷
368 4595 533 4648 Eversiones
547 4595 651 4646 arcium
662 4596 861 4648 Hellensteinii
874 4599 981 4648 comitis
993 4599 1182 4664 Dietericique
1195 4599 1311 4664 Spaetbii
1329 4597 1358 4647 iu
1371 4613 1406 4648 m.
1418 4599 1487 4648 Non.
1501 4612 1527 4647 a.
1539 4597 1613 4648 1516.

329 4679 468 4742 incidunt,
488 4679 553 4732 item
573 4685 668 4732 contre
687 4682 859 4746 Breuniugos
878 4683 1065 4734 crudelitates.
1118 4683 1140 4715 ³⁸
1159 4685 1214 4734 ium
1233 4691 1296 4734 ante
1309 4689 1338 4734 li.
1384 4681 1406 4714 ³²
1423 4681 1613 4745 Maximillam

329 4767 466 4818 retemire
792 4769 793 4772 ’
