3464 5526
700 1365 916 1444 VLRIOHI
952 1369 1023 1444 DE
1062 1369 1279 1446 HVTTEN

738 1562 741 1568 ,
823 1507 969 1570 EQVlTlS
992 1505 1160 1560 GERMANI

658 1608 697 1670 ΙΝ
719 1609 916 1672 ,νιῐὶΙοΗνΜ
931 1607 1320 1675 WIRTENPERGENSEM

638 1735 641 1742 ·
765 1757 776 1776 2
841 1727 977 1780 oanrro
996 1725 1141 1779 ranam.

290 1903 353 1966 §.rs
435 1897 528 1968 Quam
548 1916 607 1958 non
630 1917 695 1960 mea
715 1917 762 1960 me
782 1897 888 1960 lelellit
910 1900 1025 1978 opinio,
1047 1899 1200 1970 Germani,
1223 1900 1265 1960 sio
1287 1915 1388 1978 nuper·
1402 1905 1583 1968 monentem,
1604 1899 1642 1956 sis

349 1998 465 2080 longius
485 2001 543 2062 boo
565 2001 716 2064 dilleratur
730 1992 893 2072 indicium,
929 2001 992 2062 lore
1013 2009 1046 2065 ut
1066 2003 1119 2064 iste
1148 2021 1183 2066 ex
1205 2001 1332 2062 demisso
1361 1999 1474 2070 alacer,
1510 2019 1546 2060 ex
1565 2017 1624 2078 per·

349 2101 430 2164 culeo
452 2103 550 2175 lerox',
575 2121 611 2164 ex
630 2104 794 2182 desperato
806 2103 934 2165 insoleus
954 2110 1069 2166 nostras
1084 2103 1250 2184 lachrymas
1267 2109 1460 2182 nostrumque
1474 2101 1625 2182 planetum,

348 2204 455 2266 horum
475 2205 614 2286 Equitum
633 2206 863 2284 indignationem
878 2225 913 2267 ac
931 2206 1095 2277 fremitum,
1118 2213 1260 2277 vestram,
1283 2206 1446 2286 principes,
1463 2205 1626 2265 commotio·

279 2386 287 2398 .
349 2325 433 2376 nem,
455 2313 546 2368 totam
569 2306 694 2388 denique
720 2309 906 2370 Germaniam
928 2309 1069 2387 puniendi
1088 2309 1184 2375 studio
1205 2307 1430 2371 tumultuantem
1450 2325 1511 2368 uon
1532 2307 1626 2386 exqui-

281 2433 287 2442 ·
349 2411 402 2470 sita
425 2407 547 2472 alicuius
567 2409 752 2482 delcusione,
774 2411 826 2472 sed
850 2410 1003 2490 profligata
1026 2429 1078 2472 sua
1105 2411 1278 2476 confidentia
1306 2417 1471 2489 oppugnet,
1488 2474 1491 2482 ,
1506 2422 1652 2488 cumqueu

295 2507 515 2592 snoudunam
537 2513 816 2593 causapraesidinm
837 2514 979 2585 iuveniat,
1008 2513 1146 2575 fiduciam
1170 2515 1200 2574 in
1225 2510 1336 2573 uiribus
1358 2509 1490 2572 collocet.
1535 2510 1629 2588 ltaque

351 2611 440 2693 lunge
463 2613 517 2675 alia
539 2616 653 2676 ratione
681 2598 780 2694 quam*
796 2632 892 2695 nuper
905 2615 959 2676 aad
979 2615 1136 2678 dicendum
1163 2615 1262 2676 venio:
1290 2615 1375 2693 priua
1397 2615 1474 2678 enim
1501 2613 1628 2708 ¹repausati

350 2733 434 2776 reum
458 2718 560 2794 quise
582 2706 659 2779 dieta
685 2736 772 2779 causa
795 2723 825 2807 et
846 2718 909 2778 iure
929 2719 1025 2798 siquid
1048 2724 1147 2796 posset
1166 2707 1342 2780 defensurus
1360 2713 1534 2795 putabatur,
1559 2731 1630 2775 nnnc

351 2817 517 2879 conandum
539 2819 678 2880 adversus
702 2801 836 2880 oumest
857 2821 906 2899 qui
929 2826 958 2880 et
981 2820 1117 2884 delictum
1142 2819 1263 2889 latetur,
1293 2825 1321 2879 et
1348 2817 1384 2878 ad
1406 2819 1498 2878 veniae
1522 2817 1629 2896 petitio·

350 2937 419 2982 nem
440 2937 500 2980 uon
520 2927 565 2982 est
586 2919 745 2992 demissus,
765 2927 794 2982 et
809 2922 949 2985 iudicium
967 2924 1142 2992 contemnit,
1165 2927 1195 2983 et
1209 2937 1290 2982 arma
1300 2922 1396 2998 gerit,
1420 2938 1476 2981 nec
1495 2937 1547 2982 sua
1564 2935 1627 2979 cou-
1639 2935 1657 2973 n

350 3023 469 3084 scientia
491 3040 547 3084 neo
568 3024 719 3084 hominum
742 3007 879 3102 opinione
901 3023 979 3104 quod
1001 3024 1058 3084 vim
1080 3004 1146 3102 quae
1167 3043 1184 3084 a
1206 3023 1291 3084 nobis
1312 3020 1392 3083 nulla
1415 3023 1557 3088 intentata
1582 3027 1629 3086 est,

349 3123 574 3204 propulsatnrns
599 3127 653 3197 sit,
680 3143 782 3186 verum
808 3132 840 3186 ut
865 3125 1008 3188 maleficia
1036 3144 1088 3188 sua
1116 3125 1245 3188 cumulet
1275 3144 1309 3186 ao
1332 3122 1443 3194 scelera
1471 3125 1630 3184 confirmer.

293 3224 448 3296 §.uouere
470 3228 555 3288 etiarn
581 3245 675 3290 causae
696 3229 787 3310 ipsius
810 3227 937 3291 conditio
959 3235 1067 3290 mutata
1092 3235 1135 3288 est
1156 3229 1207 3298 ita,
1237 3235 1269 3288 ut
1291 3245 1355 3305 qnce
1376 3228 1459 3305 prins
1481 3231 1581 3284 nostra
1601 3241 1632 3282 ac

349 3330 460 3408 privata
489 3329 585 3391 habita
621 3337 678 3398 est,
711 3349 745 3397 ea
771 3349 851 3392 nunc
873 3331 1088 3394 Germanorum
1115 3330 1245 3392 omnium
1275 3347 1309 3389 ac
1337 3326 1454 3406 publica
1478 3325 1631 3388 efficiatur:

349 3450 515 3513 quanquam
539 3434 615 3494 enim
636 3433 719 3511 prius
740 3451 800 3494 non
823 3433 983 3493 obscurum
1012 3439 1088 3494 esset
1115 3438 1207 3493 totam
1229 3432 1305 3492 hanc
1333 3432 1414 3492 istius
1435 3429 1561 3489 amentia
1584 3443 1660 3505 pa-cc
1721 3509 1722 3518 ἵ

348 3537 434 3596 triam
455 3534 638 3606 infamatam,
662 3541 773 3596 tautum
795 3543 894 3596 tamen
909 3533 1094 3614 negligentiae
1114 3535 1380 3611 suspicatusnemo
1398 3539 1443 3593 est
1459 3532 1533 3608 quin
1552 3530 1632 3591 unius
1721 3565 1722 3620 q

293 3637 468 3700 §.ttandem
488 3636 631 3716 supplicio
653 3656 809 3700 commune
833 3637 966 3700 lueretur
989 3635 1192 3716 opprobrium.
1233 3635 1327 3715 quod,
1343 3635 1410 3714 quia
1444 3631 1566 3692 dilatum
1594 3635 1634 3690 est
1721 3633 1722 3640 ’

349 3738 473 3802 ulterius
494 3759 582 3821 quam
603 3739 719 3811 debuit,
750 3747 782 3802 et
809 3741 864 3800 iste
886 3759 918 3799 se
943 3737 1059 3816 collegit
1087 3757 1228 3817 spemque
1251 3737 1432 3798 coussrmavit
1452 3752 1555 3804 suam,
1585 3749 1634 3792 nos

349 3843 467 3922 quidem
489 3840 633 3913 ludibrio,
659 3860 761 3904 omnes
782 3847 880 3903 autern
895 3840 981 3902 simul
997 3841 1136 3902 Germani
1156 3841 1282 3901 iulamiae
1297 3857 1331 3898 ac
1348 3837 1487 3898 dedecori
1506 3835 1634 3898 obstricti
1721 3815 1722 3890 l

312 3957 325 3980 ‘
350 3947 434 4006 estis:
458 3963 526 4005 narn
550 3944 629 4023 quod
651 3945 687 4005 ad
709 3945 924 4004 cunctationem
945 3943 1086 4022 pertinet,
1109 3945 1151 4004 sio
1174 3941 1295 4002 credent
1314 3939 1456 4010 libmines,
1484 3957 1543 3998 non
1568 3936 1663 3997 inrisas

350 4045 530 4108 dubitatione
550 4047 602 4108 sed
624 4047 760 4126 potentiae
782 4040 866 4106 istius
888 4045 967 4105 metu
988 4043 1132 4106 tardiores
1153 4043 1190 4104 ad
1207 4043 1394 4107 iudicandum
1409 4042 1579 4107 accessisse,
1600 4037 1634 4097 ob
1721 4053 1722 4132 q

294 4153 313 4208 t.
322 4161 342 4204 a.
351 4147 440 4226 idque
460 4165 518 4208 uon
542 4148 616 4209 vires
638 4147 733 4219 vobis,
764 4146 813 4208 sed
843 4165 894 4206 vos
916 4145 1026 4207 viribus
1053 4145 1195 4213 doluisse;
1229 4145 1407 4223 quadrare
1432 4143 1557 4221 eripitur
1586 4143 1635 4201 iste
1721 4193 1722 4210 ,

283 4238 287 4248 '
350 4247 509 4328 supplicio,
534 4250 700 4311 huiusmodi
723 4248 865 4327 estquod
887 4249 944 4308 iam
967 4247 1171 4326 pervulgatur,
1192 4253 1342 4326 potentem
1361 4247 1390 4306 in
1408 4245 1564 4306 Germania
1586 4242 1636 4302 bo·
1721 4241 1722 4314 j

352 4351 475 4422 minem,
499 4357 758 4430 quantumcunque
782 4349 972 4420 sceleratum,
997 4350 1129 4410 damnari
1151 4367 1238 4430 posse
1261 4350 1424 4416 neminem;
1453 4345 1533 4426 qnod
1556 4341 1637 4406 iutel-
1721 4427 1722 4438 ἵ

654 4537 695 4587 cf.
714 4553 797 4603 supra
815 4554 841 4603 p.
855 4536 895 4588 23.
917 4537 951 4586 ad
971 4539 1123 4587 orationem
1142 4537 1178 4606 ll.
1192 4535 1334 4586 adnotata.

559 4606 895 4619 ψ

419 4689 440 4731 ¹⁰
463 4690 616 4755 .Cuuq31.
687 4688 707 4722 ¹⁸
726 4691 766 4740 ita
789 4707 835 4740 om.
857 4693 879 4740 1.
899 4693 1002 4740 addid.
1072 4687 1094 4720 ²²
1113 4689 1222 4738 tandem
1242 4688 1443 4738 amandun.
1519 4683 1637 4751 ”posse

350 4779 428 4828 delen.
442 4779 472 4824 H.
