3410 5524
338 439 411 510 1118
431 472 552 508 urrrnru
566 471 602 507 au
615 471 761 506 narremus
773 471 899 508 uremur
909 470 1021 509 annover
1034 473 1134 510 arnoia
1148 473 1288 514 iurentur
1299 453 1608 530 exnonrarorrr.('tsta.]
1645 477 1646 482 ¹

336 645 416 686 muru
440 645 455 687 e
477 626 593 705 Scythia
615 623 801 705 pertransitis
823 628 934 708 Caspiis
955 630 1048 708 portis
1070 631 1181 692 lrustra
1202 631 1317 692 obnixis
1333 631 1479 694 hvaribus
1500 635 1530 694 in
1551 635 1608 696 Asis

336 729 443 792 minori
469 727 578 788 malum
606 728 662 789 boo
691 730 837 799 consedit;
867 729 918 792 ubi
945 747 1050 810 parum
1079 732 1244 811 proiectum
1273 741 1409 813 putantes
1438 737 1463 796 si
1490 735 1608 798 melioris

338 830 399 890 rarii
422 817 571 907 regionem
590 833 673 891 nacti
695 849 819 910 regnum
842 831 896 893 sibi
919 835 1150 904 communirent,
1172 833 1294 896 finitima
1317 837 1443 913 primum
1459 837 1608 898 latrociniis

336 933 524 1001 infestarunt,
549 932 670 1006 deinde,
694 941 726 994 ut
747 951 779 995 se
799 936 915 996 occasio
938 936 1017 996 dedit
1031 943 1080 995 aut
1095 933 1183 996 libido
1199 941 1304 1006 suasit,
1327 935 1438 999 belham
1454 949 1606 1016 gmsemut

267 1033 443 1113 §.tt-quibus
464 1034 577 1096 artibus
599 1053 657 1095 non
680 1035 718 1095 ita
741 1034 848 1096 multos
869 1037 945 1096 intra
973 1054 1065 1096 anuos
1093 1037 1310 1115 opulentissima
1338 1038 1412 1100 hsiae
1438 1058 1530 1118 regna
1556 1053 1625 1101 suat

335 1137 452 1197 ditionis
484 1137 632 1207 lecerunt,
666 1139 776 1216 quippe
809 1138 950 1208 Pontum,
984 1139 1211 1217 Cappadociam,
1252 1139 1409 1210 Galatiam,
1444 1142 1607 1222 Bithyniam,

335 1238 541 1317 Pamphiliam,
570 1239 720 1309 Pisidiam,
750 1240 1103 1320 utramque'Phrygiam,
1137 1225 1279 1312 Ciliciam,
1308 1241 1413 1313 Cares,
1442 1243 1559 1324 Lydiam
1583 1251 1631 1324 et¹

232 1376 245 1390 ,
335 1357 401 1420 qum
421 1342 498 1401 circa
527 1341 657 1402 suntad
686 1358 753 1402 oras
776 1359 874 1421 usque.
890 1343 962 1403 lonii
984 1342 1073 1403 maris
1094 1321 1282 1418 subegerulr.
1326 1343 1448 1405 iuterim
1466 1363 1541 1405 -cum
1563 1345 1607 1406 Sa·

335 1444 448 1504 racenis
463 1442 619 1504 conflictati
635 1461 737 1503 eorum
754 1445 839 1504 etiarn
856 1443 1027 1522 religionem
1049 1443 1244 1514 imbiberunt;
1268 1465 1302 1506 ao
1319 1446 1427 1513 nobilis
1442 1446 1518 1509 illius
1532 1448 1607 1510 Chri·

334 1545 497 1635 stianurum
519 1547 549 1604 in
572 1545 735 1606 Saracenos
758 1546 949 1622 expeditionis
971 1545 1099 1625 procella
1123 1549 1169 1608 icti
1186 1545 1362 1626 aliquamdiu
1378 1544 1633 1630 hierosolymita-¹⁰

337 1662 443 1706 norum
465 1663 569 1726 regum
592 1655 670 1708 metu
693 1649 766 1708 intra
789 1665 840 1708 sua
864 1665 895 1708 se
917 1649 1257 1718 continuerunt,⁴doneo
1273 1649 1460 1710 Othomanno
1474 1654 1607 1730 principe,

268 1751 420 1828 §.aequasi
443 1767 531 1828 quam
552 1756 596 1810 tot
618 1767 710 1810 annos
732 1748 976 1820 dissimulassem,
1000 1751 1084 1811 solito
1100 1752 1192 1811 maior
1208 1753 1304 1829 erupit
1319 1751 1448 1814 lerooia:
1471 1753 1542 1814 nihil
1556 1771 1607 1814 nou

335 1857 475 1912 strennue
504 1853 533 1910 in
563 1852 643 1912 hune
670 1868 763 1928 usque
792 1851 868 1911 diem
891 1849 984 1912 ex'ea
1006 1852 1114 1913 familia
1137 1853 1321 1933 principibus
1341 1853 1506 1916 Turcarum
1537 1872 1607 1915 arma

336 1951 542 2015 exercentibus
563 1960 678 2014 actum:
701 1953 768 2012 victi
789 1960 860 2014 tunc
882 1951 1012 2014 Thraces
1035 1943 1172 2016 omnibus
1193 1956 1223 2014 iu
1244 1949 1414 2021 servitutem
1444 1957 1608 2026 civitatibus,

334 2057 441 2134 prater
464 2053 743 2134 Constantinopolim
767 2063 795 2116 et
817 2055 937 2124 Ponam,
967 2057 1101 2125 deiectis:
1133 2057 1200 2118 inde
1228 2056 1429 2120 Macedoniam
1458 2077 1526 2119 cum
1550 2061 1636 2120 uui-¹⁵

335 2175 447 2218 versam
470 2157 689 2236 subiugassont,
719 2156 839 2217 Graeoiae
869 2159 1045 2220 invadendae
1066 2159 1218 2220 eonsilium
1249 2166 1418 2240 coeperunt,
1447 2163 1532 2223 cuius
1557 2177 1609 2220 non

334 2277 440 2339 magno
463 2260 620 2322 admodum
644 2253 760 2337 negotib
782 2259 912 2320 subactis
933 2260 1098 2330 Thessalia,
1121 2260 1265 2333 Phocide,
1288 2261 1398 2323 Boeotia
1414 2281 1449 2324 ac
1472 2269 1505 2323 ut
1527 2262 1609 2342 pluri-

335 2381 414 2424 mum
431 2363 539 2430 Attica,
562 2363 681 2442 Mysiam
705 2361 874 2422 interiorem
898 2369 1061 2432 vastarunt,
1083 2361 1231 2443 illyricum
1254 2363 1451 2426 acTriballos
1472 2367 1610 2426 incursio·

266 2465 421 2528 §.sonibus
444 2473 598 2534 vexarunt,
622 2465 726 2542 ingens
747 2462 870 2524 Rhodiis
892 2464 1055 2542 periculum
1078 2467 1272 2534 intentarunt;
1302 2465 1410 2544 quibus
1431 2467 1611 2528 successibus

334 2565 401 2627 elati
423 2577 527 2644 magna
551 2565 708 2627 Orientalis
737 2567 852 2646 imperii
879 2567 1013 2644 potiundi
1042 2585 1094 2645 spe
1116 2567 1397 2651 Constantinopolim
1428 2569 1637 2637 obsederunttt

334 2675 421 2748 atque
443 2669 512 2728 inde
533 2685 637 2730 rursus
659 2668 834 2748 Scytharum
857 2667 1033 2730 l'amerlane
1060 2670 1195 2748 principe
1224 2672 1314 2731 armis
1341 2669 1438 2750 pulsi,
1469 2679 1554 2750 capto
1581 2687 1609 2729 ac

232 2792 237 2810 ¹
335 2779 487 2849 postquam
517 2769 609 2830 multo
638 2768 767 2830 ludibrio
798 2769 948 2832 diversatus
976 2779 1069 2841 esset,
1105 2773 1192 2833 ctiam
1227 2766 1324 2832 occiso
1352 2771 1455 2832 'eorum
1484 2774 1610 2850 principa

334 2872 464 2938 Peizete.
495 2873 602 2932 iterum
625 2871 679 2932 sub
702 2871 866 2934 blahumete
889 2872 997 2933 tributa
1021 2874 1119 2953 Mysiis
1141 2875 1335 2953 imperarunt.
1368 2863 1451 2936 'lude
1473 2873 1611 2936 Amuratis

335 2973 424 3034 ductu
446 2971 683 3033 Thessalonicam
706 2955 890 3035 debellarunt
918 2993 952 3035 ao
980 2975 1179 3053 diripuerunt,
1198 2975 1332 3054 AEpirum
1360 2983 1448 3054 atque
1478 2975 1610 3037 Aetoliam

267 3081 527 3154 §.temperarunt
561 3073 707 3154 illyricum
737 3075 917 3146 aillixerunt,
952 3058 1074 3137 et'cum
1101 3077 1269 3138 Pannonias
1299 3095 1415 3156 quoquo
1444 3083 1637 3144 renuente

263 3199 275 3222 κ
334 3193 430 3256 pugna
458 3175 605 3255 prolligati
633 3169 808 3240 decennales
836 3197 904 3239 cum
932 3177 1093 3238 maioribus
1121 3182 1229 3240 nostris
1263 3179 1395 3240 inducias
1422 3180 1609 3241 admiserunt

333 3296 406 3356 quas
428 3293 496 3338 cum
519 3278 662 3340 scelerato
685 3279 808 3358 hugonii
829 3281 976 3359 pontilicis
998 3281 1116 3341 hortatu
1138 3282 1232 3342 nostri
1246 3279 1418 3352 violassent,
1442 3283 1547 3362 ingens
1562 3280 1611 3342 sibi

332 3379 457 3450 malum,
485 3398 555 3442 reor
585 3381 701 3442 Christo
729 3383 881 3460 perfidiam
910 3397 1032 3443 suorum
1059 3384 1214 3460 puniente,
1242 3381 1452 3452 conciliarunt,
1470 3383 1610 3446 ¹luctuoso

333 3483 411 3562 apud
434 3481 559 3544 Varnam
581 3483 683 3562 praelio
707 3486 788 3546 caesis
810 3487 853 3561 (ut
875 3484 982 3564 lerunt)
1007 3483 1161 3546 Christiani
1183 3485 1333 3562 sanguinis
1355 3493 1472 3546 centum
1488 3485 1610 3553 milibus,
1690 3527 1691 3554 ,

264 3594 324 3644 eat.
335 3587 473 3664 interque
494 3605 544 3646 eos
566 3583 712 3650 Vladislao
734 3585 915 3648 Polouorum
936 3603 1016 3664 rege.
1054 3587 1148 3666 Atque
1176 3587 1240 3648 haec
1260 3585 1355 3648 obiter
1383 3605 1477 3665 pauca
1500 3607 1517 3649 e
1539 3585 1637 3647 nul-³·

330 3689 369 3748 tis
387 3705 456 3766 ¹qua
471 3687 576 3748 Tureae
596 3685 750 3767 gesserunt
772 3689 809 3750 ad
833 3696 965 3769 tempora
989 3705 1083 3766 usque
1098 3687 1286 3758 blahumetis,
1310 3690 1374 3750 eius
1394 3691 1445 3768 qui
1466 3708 1482 3750 a
1504 3689 1611 3766 magni·
1690 3689 1691 3754 ἶ

332 3789 432 3850 tudine
454 3807 555 3850 rerum
577 3809 594 3850 a
616 3809 648 3852 se
670 3799 818 3870 gestarum
834 3791 931 3867 Magni
953 3798 1179 3870 cognomentum
1194 3791 1315 3860 meruit,
1339 3791 1525 3870 deprompsi:
1549 3807 1610 3850 nam
1626 3783 1629 3792 ’
1690 3777 1691 3868 l

332 3889 454 3966 llaguus
485 3893 615 3952 omnium
642 3893 828 3971 superiorum
856 3891 980 3970 gloriam
1009 3891 1113 3955 bollioa
1137 3894 1244 3953 virtuto
1266 3892 1354 3971 longe
1376 3895 1541 3972 superavit:
1567 3891 1611 3952 bie
1690 3875 1691 3902 ¹

399 4107 411 4142 ³
428 4109 492 4161 coeli
512 4115 534 4163 1.
545 4116 570 4162 4.
590 4118 616 4162 et
632 4114 669 4163 sic
686 4113 753 4179 rabip.
767 4129 792 4163 oe
845 4111 856 4145 ⁸
873 4110 1003 4178 dilutae]
1020 4113 1070 4164 sub
1089 4113 1230 4166 Osmanno
1246 4114 1269 4164 1.
1289 4113 1400 4178 eiusque
1420 4111 1477 4164 lilio
1491 4111 1609 4162 Orhauo.

331 4194 472 4259 ⁷l'psidia'r
490 4199 514 4247 1.
532 4197 662 4262 Pysidam
680 4201 704 4247 2.
724 4199 772 4249 sed
788 4201 804 4248 ι’.
816 4198 838 4260 l.
858 4214 928 4250 corr.
940 4198 1082 4261 Pysidiam
1145 4196 1165 4230 ¹¹
1184 4197 1339 4249 Osmannus
1357 4199 1381 4248 la
1398 4213 1424 4248 a.
1440 4194 1610 4248 loconuaco

333 4277 354 4311 ¹⁷
371 4281 487 4345 negocio
507 4285 531 4332 1.
586 4282 686 4333 Boetia
704 4285 728 4333 1.
792 4281 813 4314 ¹³
831 4281 958 4356 Tribolos
975 4297 1068 4334 oroneo.
1100 4285 1103 4292 '
1132 4275 1610 4346 ²⁰1obseaeraettataubssnie-
1690 4345 1691 4348 Ἴ

332 4365 412 4414 zetbo
430 4367 451 4416 Ι.
472 4371 567 4416 oontm
584 4365 740 4418 Manuelem
758 4368 953 4433 Polaeologum.
1005 4367 1026 4400 ¹¹
1045 4367 1224 4418 Tamorlanes
1243 4384 1263 4418 s.
1277 4365 1448 4428 Timurlenk,
1466 4363 1609 4415 natissa
1690 4411 1691 4446 ;

334 4447 440 4511 †1405.
476 4453 559 4501 ermis
571 4447 655 4518 pulsi]
672 4467 697 4502 a.
713 4450 786 4502 1402.
826 4451 849 4485 ²³
867 4452 1018 4516 Bajazetho
1036 4453 1057 4503 1.
1077 4449 1183 4514 'siloa
1218 4452 1375 4503 Mahumoto
1389 4453 1424 4502 11.
1444 4449 1609 4502 145¹...148t
1690 4471 1691 4480 2

335 4535 503 4600 imperarent
516 4540 541 4588 4.
572 4536 755 4587 intudem.
791 4533 995 4588 Amaratbisdl.
1014 4537 1180 4590 Mehometis
1192 4537 1228 4587 ΙΙ.
1247 4537 1381 4602 parentio,
1400 4533 1610 4587 a.1421;..llbl.
1690 4597 1691 4612 χ

331 4617 354 4652 ²²
371 4618 500 4685 Eugeuii]
518 4622 549 4672 P.
563 4621 593 4670 P.
606 4621 653 4671 IV·.
672 4621 883 4674 a.1431...1447.
902 4624 1019 4674 iuratam
1043 4622 1078 4672 ob
1098 4623 1157 4688 ipso
1181 4637 1241 4672 oum
1258 4621 1358 4672 'loreis
1380 4635 1478 4688 pacem
1496 4622 1571 4686 rupit
1587 4635 1611 4671 a.
1690 4671 1691 4680 ,

334 4705 408 4757 1442.
464 4703 487 4737 ²³
504 4701 664 4771 punientem
682 4709 708 4757 4.
765 4707 788 4740 ²⁰
808 4723 851 4772 ap.
864 4705 959 4773 Verm]
980 4708 1005 4756 d.
1020 4705 1060 4757 10.
1072 4709 1141 4758 Nor.
1160 4723 1185 4758 a.
1200 4707 1274 4758 1444.
1292 4706 1388 4773 proelio
1408 4709 1430 4756 l.
1490 4705 1611 4756 millibus

332 4793 390 4842 M.
437 4789 461 4823 ⁸⁰
477 4789 619 4842 Vladisleo
637 4791 684 4842 VI.
697 4792 847 4857 lugollonis
866 4791 921 4842 tilio
939 4808 1005 4858 rege
1019 4792 1141 4844 Peloriiae
1161 4793 1195 4844 ab
1215 4789 1426 4843 e.11l34...1444.
1465 4786 1489 4824 ⁸¹
1510 4791 1538 4842 ei
1555 4791 1609 4840 Μ.
