3434 5512
129 441 256 490 alemonam
269 439 442 499 nll'ltlolallss
456 439 559 474 ΟΒΔΤΙΟ
572 441 607 474 Μ
621 439 809 478 ΕΧΡΕΜΤΙΟΗ
823 438 931 478 coatnu
945 437 1050 476 ”8018
1064 439 1257 478 BVEOIPIHDA·
1294 407 1368 484 259

98 613 244 672 queremur.
268 615 327 672 qum
348 605 436 672 possut
460 597 563 660 oratio,
585 606 616 654 ut
639 595 793 666 Tullianum
816 597 882 656 illud
904 599 1034 660 referam.
1048 615 1112 678 ,par
1133 597 1247 658 inueniri
1271 606 1318 656 tuu
1336 599 1369 658 ¹in

98 683 206 756 negociis
227 681 327 745 labori,
351 682 504 741 fortitudini
527 683 554 740 in
578 681 718 757 perieulis.
741 681 882 744 industriae
905 682 931 740 in
954 684 1085 758 agendo„
1101 681 1232 740 celeritati
1255 684 1282 739 in
1304 701 1370 740 con·

97 767 214 830 lelando.
236 765 350 824 consiliu
374 768 401 824 iu
424 767 608 841 providendo?
637 786 697 843 qnae
719 769 808 826 omnia
837 785 892 824 unu
921 769 948 826 in
977 776 1002 826 te
1030 766 1091 841 solo
1119 776 1219 842 quanta
1247 769 1274 824 in
1304 767 1367 826 reli·
1446 799 1450 805 ·

96 851 150 924 quis
164 851 378 926 imperatoribus,
402 870 471 926 qnos
494 851 607 909 vidimus
627 862 675 910 ant
696 852 858 916 audivimus,
881 869 937 910 uon
959 853 1078 910 fuerunt.
1108 851 1219 920 Quantae
1234 855 1435 930 praeteream.

72 936 259 994 taulboritatis
281 937 352 1012 apud
375 944 481 994 exteras
504 937 626 994 nationes
649 937 701 1008 sis,
724 935 790 995 illud
813 954 863 1012 pru
886 946 1026 1012 comperto
1042 937 1171 1000 babetur.
1194 944 1224 994 ut
1239 938 1297 994 siue
1313 939 1369 995 tuis

96 1020 212 1094 auspiciis
234 1020 391 1096 reipublicae
413 1021 570 1078 Christianae
592 1020 744 1079 libertatern
766 1022 934 1096 angleriam
957 1023 1028 1080 tueri
1050 1039 1132 1096 posse
1147 1021 1217 1081 baud
1233 1039 1369 1098 quaquam
1465 1064 1466 1068 ,

96 1105 253 1164 arbitrentur
266 1113 404 1180 ¹tantaque
427 1107 545 1164 nominis
567 1107 751 1184 magnitudine
773 1107 844 1182 apud
866 1106 1007 1182 Scythicus
1022 1105 1147 1181 populus
1175 1115 1202 1164 et
1224 1108 1303 1164 Ponti
1325 1125 1369 1164 ac·

95 1188 160 1246 culos
179 1188 294 1254 coleris.
317 1199 348 1247 nt
371 1199 419 1247 tuo
441 1199 509 1248 nntn
531 1190 573 1248 nel
595 1208 687 1266 pacem
709 1191 840 1266 accipiant
861 1191 902 1248 rel
925 1191 1025 1250 bellmn
1053 1192 1253 1266 aggrediantur.
1296 1193 1369 1251 Basi-

97 1274 163 1332 lsum
188 1275 265 1332 illum
292 1275 482 1333 llbunanornm
511 1277 661 1351 principem
692 1293 722 1333 ac
749 1276 949 1350 Sigismnudum
978 1277 1157 1334 fortissimum
1185 1276 1368 1334 Sarmatarum

72 1358 342 1434 toregemintelligm
364 1377 418 1417 nun
442 1378 570 1418 recenseo
591 1361 757 1420 Pannoniam
779 1379 809 1418 ac
830 1359 980 1426 Bnemiam.
1002 1379 1057 1418 uon
1079 1362 1244 1418 Lusitaniam
1266 1379 1297 1420 ac
1319 1362 1368 1418 lla·

96 1445 166 1507 ciam.
195 1463 262 1518 quas
292 1445 340 1500 tibi
368 1462 398 1502 an
421 1447 539 1520 posteris
562 1445 745 1504 indissolubili
766 1446 980 1521 propinquitatis
1008 1463 1078 1504 nexu
1099 1447 1278 1511 coniunxisti;
1312 1464 1367 1503 non

97 1527 264 1592 Germaniam.
288 1538 361 1588 tuam
383 1531 503 1590 omnium
524 1530 724 1606 provinciarum
748 1530 833 1587 tutius
855 1529 930 1588 urbis
953 1528 1044 1606 (modo
1067 1549 1131 1588 suas
1152 1540 1314 1606 agnosceret
1330 1532 1366 1588 vi-

97 1629 134 1668 res
153 1621 178 1669 et
199 1613 371 1694 concordiam
401 1613 513 1690 coleret]
543 1615 773 1691 potentissimam
801 1632 855 1672 nun
885 1614 1120 1691 opulentissimum
1152 1634 1182 1674 ac
1203 1616 1365 1674 ditissimum
1376 1621 1436 1670 §.to

96 1697 227 1755 Britanniae
242 1716 350 1772 rogem,
374 1700 420 1774 qui
443 1709 524 1758 tantae
547 1700 726 1774 expeditionis
749 1699 820 1758 lasne
841 1717 873 1756 ac
891 1717 974 1758 unere
988 1698 1184 1774 gloriabundus
1200 1710 1226 1758 te
1242 1710 1368 1776 tanquam

73 1793 177 1838 nurerum
199 1783 275 1842 urbis
298 1791 432 1842 terrarum
454 1785 604 1860 principem
626 1784 692 1842 colit
714 1803 745 1842 ac
766 1793 923 1850 verteretur;
952 1802 1020 1848 nun,
1050 1785 1173 1860 iuquam,
1197 1785 1369 1844 Christianis-

96 1866 197 1924 umiae
219 1867 346 1926 catholici
374 1886 469 1944 regum
497 1872 674 1928 maximorum
702 1887 742 1928 aa·
759 1870 1010 1946 potentissimorum
1038 1869 1222 1933 incredibilem
1249 1889 1314 1946 erga
1343 1879 1369 1928 te

96 1969 201 2010 amoram
224 1961 252 2011 et
276 1953 471 2012 observantiam
494 1955 676 2014 recitaverim:
699 1954 769 2012 alter
791 1955 861 2012 enirn
883 1954 1057 2014 faelicissimo
1080 1957 1231 2014 concordiae
1254 1974 1285 2014 ac
1305 1973 1369 2032 pro·
1426 1951 1428 1958 ’

97 2035 271 2110 pinguissimae
294 2037 434 2096 affinitatis
456 2037 563 2097 uioenrlo
584 2039 725 2115 alligatus,
757 2039 827 2096 alter
855 2039 985 2114 sanguine
1014 2041 1175 2098 coniunctus
1204 2040 1232 2096 in
1260 2050 1287 2098 te
1311 2049 1368 2100 tan-

97 2137 165 2193 quam
187 2122 213 2179 in
235 2121 323 2180 solem
353 2125 462 2184 unicum
489 2125 573 2182 aniana
599 2132 776 2188 convertunt.
805 2134 831 2180 te
860 2124 1020 2188 observant,
1051 2124 1100 2181 tibi
1128 2124 1309 2188 obsecuntur,
1338 2142 1369 2182 ac

71 2205 168 2263 tolidem
189 2207 379 2265 moestissimae
401 2209 548 2268 maiestatis
577 2219 631 2268 tuna
659 2208 706 2266 dlii
734 2217 762 2266 et
789 2211 937 2284 nuncupari
967 2217 994 2265 et
1016 2207 1108 2266 baberi
1136 2208 1239 2267 volunt.
1282 2208 1369 2284 lgitur

96 2298 210 2363 quantam
231 2292 274 2348 rei
295 2292 420 2350 militaris
442 2295 625 2369 cognitionem
647 2293 760 2357 babeas.
789 2311 869 2368 quam
896 2293 967 2350 clara
995 2293 1021 2351 in
1043 2303 1071 2351 te
1089 2293 1291 2368 'exercitataque
1312 2293 1367 2351 nir·

97 2381 134 2430 tus
154 2383 180 2434 et
201 2394 282 2452 quam
303 2379 423 2437 maximae
444 2379 515 2454 apud
543 2396 637 2438 umnas
664 2377 838 2436 authoritatis
861 2387 889 2434 et
915 2379 1032 2436 numinis
1054 2379 1251 2442 sis„dinimns.
1295 2379 1366 2437 Nihil
1377 2385 1438 2438 §.tn

96 2461 141 2514 enit
160 2459 226 2536 ergo
250 2463 324 2536 quud
345 2471 393 2523 ant
414 2464 613 2540 sapientissima
635 2472 715 2522 aetate
738 2471 783 2520 tna
806 2473 852 2520 aut
873 2462 989 2520 consilio
1018 2471 1064 2520 aut
1092 2464 1192 2520 virtute
1213 2471 1261 2522 aut
1283 2466 1370 2522 nurni-

97 2543 132 2600 nis
151 2546 333 2621 magnitudine
357 2549 468 2622 aggredi
490 2559 519 2606 et
539 2547 671 2606 conficere
693 2567 754 2606 eum
776 2547 854 2606 lande
876 2565 931 2605 non
953 2549 1052 2622 possis.
1098 2556 1199 2623 quantu
1228 2550 1314 2623 magis
1336 2549 1371 2606 iis
1420 2573 1426 2588 ·

71 2631 283 2702 opulentissimis
304 2633 416 2707 regibus
438 2634 586 2697 adiunctis,
609 2633 656 2708 qui
679 2635 710 2691 ad
733 2632 936 2709 amplitudinem
958 2632 1135 2692 Christianam
1162 2649 1301 2708 nunquam
1323 2635 1369 2692 dc·

97 2713 170 2771 loturi
193 2724 272 2780 suut,
295 2725 323 2774 et
346 2725 372 2774 te
394 2726 422 2776 et
444 2717 519 2794 ipsos
541 2735 631 2779 rernm
654 2727 792 2792 gestarum
813 2717 900 2792 gloria
924 2715 1085 2775 iudeorum
1108 2735 1249 2776 numerum
1265 2719 1369 2776 reterre

97 2801 206 2871 puteris?
230 2801 298 2866 Vus,
321 2810 424 2870 autern.
448 2821 464 2860 u
486 2802 629 2866 tortissimi
652 2803 797 2861 Christiani
819 2803 936 2860 nominis
958 2819 1052 2876 reges.
1081 2802 1158 2860 lubet
1179 2802 1317 2882 paulisper
1338 2811 1437 2862 aeeon.

98 2883 280 2948 sindeasctis.
302 2887 440 2945 vobiscum
463 2887 556 2964 loqui.
580 2897 655 2946 tantu
678 2886 818 2948 ardentius
840 2888 903 2946 huic
925 2887 1033 2962 inceptu
1050 2905 1097 2946 ros
1112 2889 1190 2946 decet
1204 2889 1369 2952 incumbere.

98 2977 188 3042 quantu
209 2969 406 3028 illustrioribus
429 2972 562 3030 institutis
584 2983 612 3030 ot
634 2990 780 3048 regnorum
802 2973 923 3049 potentia
946 2981 974 3030 ct
996 2973 1095 3030 virtute
1124 2972 1231 3030 caeteris
1260 2973 1370 3048 regibus

73 3051 166 3112 oiaeile
186 3055 363 3112 antecellitis:
385 3057 518 3132 siquidem
540 3059 656 3116 maiores
679 3059 774 3122 vestri.
798 3068 942 3132 postquam
964 3057 991 3113 in
1012 3049 1119 3114 excelso
1142 3058 1312 3116 fortunarum
1328 3076 1371 3116 aa·

60 3196 63 3207 ,
98 3146 202 3198 suarum
223 3139 287 3213 lpeo
308 3139 458 3198 collocatos
481 3160 510 3200 se
531 3143 666 3206 viderant.
690 3143 817 3217 quicquid
840 3143 914 3218 opis.
938 3142 1065 3217 qnninqnid
1087 3143 1184 3202 virium
1206 3143 1240 3199 nb
1262 3142 1371 3218 amplis·

98 3221 163 3280 simis
183 3224 276 3300 regnis
298 3226 474 3302 suppetebat,
496 3237 544 3285 ant
564 3235 660 3286 contra
681 3227 808 3284 barbaras
831 3227 954 3284 nationes
976 3236 1023 3283 ant
1044 3244 1095 3301 pru
1117 3229 1301 3302 recuperando
1323 3228 1371 3285 du·

99 3307 176 3365 ninid
196 3311 323 3385 corporis
345 3311 490 3387 sepulchro
513 3311 725 3370 transtulerunt:
748 3319 885 3387 praetereu
907 3310 1027 3385 exempla
1049 3311 1148 3384 quibus
1163 3311 1273 3369 annales
1288 3313 1371 3368 vestri

98 3391 181 3450 reicrti
202 3402 282 3458 sunt,
309 3413 370 3456 enm
400 3395 441 3454 illi
470 3405 597 3473 tanquam
617 3397 689 3454 Decii
717 3395 795 3454 bellis
817 3395 964 3454 barbaricis
986 3395 1181 3454 confodiendus
1208 3413 1269 3454 sesa
1291 3396 1372 3454 deau-

74 3485 197 3542 ttuerent.
219 3497 316 3555 nempe
339 3481 385 3556 qui
408 3480 475 3538 nihil
497 3481 645 3557 gloriosius
667 3479 799 3556 putabant
822 3479 880 3538 sure
903 3481 1027 3556 quamsi
1050 3481 1077 3536 in
1101 3497 1134 3537 eo
1156 3477 1244 3545 bellu,
1267 3481 1294 3536 in
1316 3499 1370 3556 quo

99 3569 123 3614 at
140 3562 170 3620 de
191 3562 258 3627 fide.
281 3565 313 3622 de
335 3567 471 3624 cummuni
495 3564 635 3630 libertate,
658 3575 686 3624 et
707 3566 740 3624 de
763 3563 908 3624 immortali
931 3566 1037 3622 demum
1060 3563 1149 3639 gloria
1175 3564 1369 3628 decertaretur.

98 3645 255 3708 cecidissent.
292 3668 380 3725 neque
402 3651 488 3710 adbuc
510 3651 701 3710 florentissima
722 3649 778 3707 illis
799 3667 897 3724 regna,
927 3659 958 3706 ut
980 3651 1099 3724 posteris
1128 3648 1276 3724 reliquere,
1305 3663 1429 3713 con-§.au

99 3729 220 3802 ligoram:
242 3751 304 3794 nam
327 3737 350 3794 si
373 3735 607 3801 bellicosissimam
628 3753 659 3794 ac
680 3734 920 3812 populosissimam
942 3732 1067 3797 Calliam,
1097 3735 1120 3792 si
1149 3734 1244 3809 Belgas
1272 3753 1303 3792 ac
1330 3742 1372 3791 tot

99 3811 217 3876 latissima
231 3819 366 3894 Hispaniae
388 3839 486 3896 regna.
509 3822 531 3878 si
547 3839 607 3898 qum
622 3822 650 3878 iu
665 3821 796 3896 hphrica‚
820 3815 918 3893 si'quaa
934 3819 1004 3894 apud
1018 3817 1099 3876 lodus
1120 3827 1276 3894 comparata
1298 3827 1370 3882 sunt,

73 3899 119 3954 ausi
139 3901 298 3962 indomabile
318 3899 508 3963 Britannorum
530 3924 629 3981 genus.
652 3904 676 3963 si
697 3906 827 3964 Dacorum
841 3905 1052 3978 Pannunumquc
1074 3921 1104 3959 ac
1120 3903 1300 3962 Sarmatarum
1315 3904 1372 3960 ani·

100 3999 195 4048 murum
216 3989 365 4054 feritatem.
388 3992 411 4047 si
433 3991 590 4052 immensam
610 3991 727 4066 deniqne
749 3989 943 4048 Germanorum
964 3988 1114 4063 potentiam
1136 3987 1316 4064 virtutemque
1332 3988 1373 4044 in·

100 4068 186 4130 victam
212 4081 295 4148 atque
321 4073 530 4150 insuperabilem
558 4076 647 4134 animo
669 4074 812 4150 complecti
840 4065 978 4136 nolumus.
1002 4073 1146 4132 verendum
1170 4090 1204 4130 ne
1231 4081 1273 4130 est
1296 4072 1371 4128 urbis

101 4155 176 4211 tutius
197 4159 354 4233 imperium,
378 4159 590 4218 immortalitatis
613 4161 699 4218 modu·
715 4158 804 4235 gloria
827 4157 1015 4234 impellamini‚
1044 4175 1091 4216 vos
1119 4157 1228 4214 minime
1247 4158 1372 4215 nendica-

161 4337 280 4405 ¹possct
291 4344 316 4391 2.
336 4341 395 4392 Cic.
409 4341 428 4392 l.
443 4341 559 4406 c.ll‚ao.
595 4338 695 4409 ⁵nat.]
716 4347 813 4410 gentes
826 4343 851 4390 2.
887 4338 1018 4407 ‘quandg
1032 4343 1054 4392 1.
1096 4339 1127 4374 Μ
1144 4338 1316 4392 anatliema.
1335 4340 1373 4391 of.

101 4417 164 4478 hll.
196 4421 508 4478 tuelenoxolsnorum.
550 4425 568 4460 ¹¹
582 4427 659 4478 Felix
670 4426 790 4486 Aucta-ia,
803 4425 875 4477 nube.
889 4423 933 4478 Cf.
946 4425 1016 4488 §.ln
1031 4431 1060 4476 et
1071 4424 1227 4476 Barthulini
1243 4423 1372 4490 descript.

101 4503 161 4563 §.lb
195 4507 249 4543 ”¹¹⁸
266 4509 366 4564 Gallina
383 4511 582 4578 Hispaniaque
599 4525 703 4576 regum.
739 4507 761 4542 ¹⁶
777 4509 908 4560 incredib.
921 4525 968 4560 usa.
981 4513 1007 4561 2.
1055 4509 1076 4542 ¹⁷
1094 4509 1168 4562 felic.
1183 4513 1207 4560 2.
1255 4507 1276 4542 ¹⁹
1294 4509 1373 4560 obss·

102 4596 246 4654 emtore.
285 4593 306 4628 ²¹
326 4587 430 4660 quantu
443 4601 467 4648 1.
513 4593 535 4628 ²⁴
554 4593 770 4647 eumbconht.
809 4594 832 4626 ²⁸
849 4593 969 4661 incaepto
982 4598 1006 4646 2.
1054 4609 1103 4645 uos
1120 4610 1167 4644 um·
1181 4597 1207 4645 2.
1253 4591 1276 4624 ²⁸
1294 4597 1322 4644 at
1340 4589 1373 4658 r.]

103 4687 131 4722 nc
148 4681 204 4728 nt.
262 4676 282 4712 ³¹
300 4679 363 4730 locu
381 4696 427 4731 orn.
443 4683 466 4730 2.
525 4679 546 4712 ³⁴
565 4686 596 4730 nt
613 4679 717 4731 Decius
734 4679 803 4730 Mus.
822 4678 859 4728 cl.
875 4678 936 4730 Lir.
950 4679 982 4730 X.
995 4676 1037 4728 28.
1095 4676 1149 4711 ³⁴⁴³
1166 4678 1373 4730 daunnenunt2.

102 4755 190 4812 Ἣ.
209 4761 279 4814 Η.
314 4763 333 4796 “
354 4764 445 4830 deniq.
458 4765 530 4814 imm.
545 4767 569 4814 2.
911 4759 916 4770 '

1074 4847 1155 4934 un·
