3444 5518
923 1111 1045 1168 oborto

682 1211 684 1216 '
777 1225 827 1276 us
845 1225 1006 1278 vmrvns
1025 1225 1189 1276 cusvrvn

637 1327 686 1376 ur
704 1325 1021 1378 cononuusrorus
1039 1327 1162 1377 sunus
1179 1326 1323 1377 cuorus.

282 1507 327 1564 μ,
423 1482 551 1557 Legimus
573 1484 601 1540 in
623 1482 767 1556 Evangelio
789 1483 936 1542 secundum
952 1483 1099 1546 Mstbeum.
1123 1483 1296 1540 serenissime
1318 1500 1379 1546 res.
1401 1483 1542 1558 principes
1556 1479 1627 1537 Gbri·

339 1568 512 1635 inanissimi,
535 1567 672 1625 dominum
695 1576 723 1624 et
745 1577 910 1625 servatorem
933 1578 1058 1626 nostrum
1081 1567 1193 1626 sabbato
1216 1587 1242 1626 m
1259 1563 1409 1626 iudeorum
1432 1575 1568 1624 conventu
1581 1566 1651 1622 bos

339 1648 451 1715 minem.
480 1653 558 1710 cuius
587 1669 682 1710 monus
704 1653 814 1710 dextera
836 1662 958 1717 aruerat.
987 1671 1116 1711 curasse·
1145 1659 1172 1710 et
1193 1654 1296 1711 utinam
1319 1651 1552 1726 uostro'quoquc
1573 1667 1625 1708 ero

338 1739 475 1794 dexteram
497 1737 620 1812 pristinas
642 1737 801 1794 restitueret
823 1739 945 1796 sanitati!
976 1738 1055 1794 ‘Nulli
1078 1738 1190 1796 dubium
1217 1739 1268 1795 cst'
1296 1737 1375 1795 divus
1402 1737 1440 1794 eit
1467 1735 1625 1792 Ambrosius
1650 1765 1653 1774 ·

340 1823 485 1878 'dexteram
507 1821 548 1876 vei
565 1822 651 1878 totius
666 1823 792 1895 corporis
807 1822 1006 1897 preciosiorem
1021 1823 1175 1897 portionem
1191 1823 1245 1880 hoc
1260 1822 1343 1880 oiiicii
1359 1838 1464 1896 gerere.
1487 1829 1520 1876 ut
1534 1821 1624 1876 diurna

339 1906 474 1964 ‘alimento
503 1907 694 1990 suo·.corpori
724 1906 913 1964 subministret
939 1915 967 1964 et
993 1907 1163 1986 providentia
1192 1907 1305 1981 quadem
1327 1907 1361 1964 sd
1383 1906 1527 1962 fruendam
1549 1906 1624 1961 vium

282 1990 468 2054 §.ememor-a
489 1999 587 2049 cetera
608 2000 702 2066 puscet
722 2009 753 2048 ao
774 1991 896 2048 nutriet)
938 1991 1012 2050 Hauc
1033 1992 1118 2066 igitur
1138 1992 1275 2049 dexteram
1298 1992 1326 2048 iu
1347 1990 1452 2065 populo
1474 1990 1653 2047 Christianum

338 2077 487 2134 Romanum
509 2076 666 2154 pontificem
688 2083 715 2132 et
738 2075 930 2140 scholasticos,
955 2093 1024 2151 quos
1046 2077 1188 2134 nominent
1208 2077 1352 2140 doctores.
1375 2076 1533 2132 hominesve
1555 2075 1625 2130 iacti·

338 2161 382 2218 tiae
405 2160 562 2235 religionis,
586 2162 632 2236 qui
654 2162 738 2218 duces
761 2179 790 2218 se
812 2177 964 2224 coecorum.
994 2161 1084 2218 iumeu
1106 2178 1202 2218 eorum
1224 2163 1270 2235 qui
1294 2163 1321 2218 iu
1343 2159 1465 2217 tenebris
1487 2167 1625 2216 versantur

338 2253 366 2302 et
394 2247 567 2303 indoctorum
595 2246 723 2303 doctores
752 2262 813 2302 esse
839 2244 1009 2319 glorientur.
1038 2255 1112 2304 recte
1140 2246 1268 2310 dixerim
1297 2247 1343 2320 qui
1370 2243 1445 2301 velut
1472 2243 1625 2318 ptmeismor

338 2331 430 2406 portio
453 2331 479 2387 iu
502 2348 619 2404 corpore
640 2330 759 2402 iideiium
781 2349 796 2386 u
819 2331 941 2393 domino,
970 2338 1008 2388 ut'
1022 2331 1074 2405 ipsi
1098 2331 1188 2393 aiunt,
1217 2331 1361 2388 constituti
1383 2330 1531 2404 negligunt
1552 2337 1578 2384 et
1599 2327 1622 2382 iu

339 2423 435 2471 coetera
457 2415 577 2473 membru
598 2415 721 2471 voticiuiu
744 2415 955 2489 prophetorum.
978 2415 1158 2489 evangelicam
1180 2415 1346 2480 doctrinam,
1375 2414 1542 2489 scripturam
1563 2411 1649 2468 soii-tt

338 2499 413 2564 dom,
433 2499 544 2557 verbum
566 2499 698 2562 divinum,
728 2515 824 2574 ponem
847 2499 963 2576 denique
985 2499 1122 2558 coeicstem
1144 2498 1218 2558 velut
1239 2517 1328 2558 escam
1350 2500 1413 2558 vite
1433 2506 1546 2557 uterum
1566 2513 1623 2572 por·

338 2584 442 2658 rigere,
472 2592 553 2658 etque
576 2584 636 2640 ideo
658 2583 782 2640 doctrine
804 2601 898 2641 eorum
921 2586 992 2641 eruit
1020 2583 1178 2647 imbecillis,
1207 2587 1269 2659 quio
1300 2586 1404 2642 iontem
1431 2583 1562 2658 perennis
1587 2599 1623 2638 sn·

283 2685 326 2736 §.s
339 2669 449 2742 pieutire
478 2686 533 2726 non
563 2670 696 2743 quesivit.
739 2669 807 2727 Hinc
837 2671 937 2726 iactum
964 2677 1020 2732 est,
1056 2678 1088 2727 ut
1116 2670 1194 2744 quasi
1222 2677 1361 2727 contracte
1390 2668 1502 2726 dextera
1531 2667 1621 2724 clavem

337 2754 457 2811 scientie
481 2761 572 2810 tenere
587 2751 650 2810 ‘nou
671 2753 774 2828 possit.
797 2761 828 2810 ut
850 2753 1036 2811 sitdominus
1058 2753 1110 2813 'Vae
1132 2752 1223 2818 vobis,
1247 2754 1342 2813 scribo
1365 2762 1393 2810 ct
1407 2752 1545 2828 pherisei.
1567 2752 1621 2826 quir

318 2837 449 2894 “tulistis
470 2837 571 2896 clavem
594 2838 729 2900 scientiis,
758 2839 810 2913 ipsi
832 2855 888 2894 non
910 2837 1071 2902 introiistis,
1101 2846 1128 2894 et
1156 2840 1203 2912 qui
1231 2838 1397 2901 introibunt.
1425 2830 1647 2913 prohibuistis'tt

337 2921 424 2979 Cievis
440 2923 560 2979 scientim
575 2922 700 2978 Christus
722 2931 778 2986 est,
802 2939 857 2996 quo
879 2921 912 2980 sd
934 2921 1122 2980 eredulitatem
1144 2922 1205 2980 iidei
1227 2932 1370 2998 pectorum
1392 2939 1491 2980 areana
1506 2937 1621 2978 reseren-

339 3015 399 3067 tur:
427 3006 522 3070 clusis,
550 3023 637 3079 ognies
660 3007 707 3084 qui
730 3008 838 3064 occisus
861 3015 916 3070 est,
945 3009 1071 3081 operiens
1093 3007 1193 3064 librum
1215 3009 1365 3082 signatum.
1393 3023 1526 3064 amovens
1545 3005 1622 3062 obdu·

339 3101 412 3146 ctum
435 3090 569 3155 velamem
593 3092 674 3148 clavis
697 3092 836 3166 sapientius
858 3093 1032 3166 scientiaequc
1054 3091 1120 3148 tides
1142 3101 1198 3154 cst.
1221 3093 1255 3150 de
1270 3108 1325 3167 quo
1340 3093 1442 3149 dicitur
1455 3091 1539 3147 Petro
1562 3088 1620 3144 ‘Tibi

284 3174 419 3241 sedebo
441 3173 530 3232 cinves
552 3177 631 3249 regui
653 3176 807 3234 emiorum':
837 3175 947 3234 ‘obrem
975 3177 1061 3250 igitur
1081 3177 1154 3234 Petri
1182 3175 1261 3234 fidem
1282 3177 1357 3234 Petri
1386 3193 1447 3233 esse
1475 3176 1553 3239 dico,
1579 3189 1622 3248 per

340 3269 428 3336 'quum
451 3258 536 3317 coeios
558 3261 679 3334 aperuit,
702 3261 853 3335 penetravit
874 3259 978 3318 inierns
994 3278 1120 3325 securus,
1143 3262 1226 3318 morin
1240 3261 1351 3320 calcavit
1365 3260 1533 3335 intrepidus:
1556 3265 1646 3316 tuno

338 3345 418 3401 ‘euim
441 3345 600 3420 apostolice
623 3344 684 3402 iidei
707 3346 793 3402 virtus
815 3353 870 3409 est.
892 3354 925 3403 ut
946 3354 1045 3406 cuncte
1068 3345 1106 3402 illi
1129 3346 1261 3403 clemente
1282 3354 1411 3422 pareant,
1434 3344 1489 3402 hoc
1511 3351 1620 3400 estnon

338 3429 385 3486 ‘iili
408 3429 536 3504 angelice
565 3430 727 3488 clauduntur
754 3431 855 3494 ionum,
884 3447 939 3487 uou
966 3439 1055 3506 portm
1082 3430 1245 3506 praeveicent
1266 3431 1386 3494 Testari.
1414 3447 1471 3486 nou
1498 3443 1621 3504 aquantur

337 3513 447 3572 ‘fluente
470 3513 620 3572 subsidant.
664 3514 718 3572 isto
740 3522 830 3572 nutem
852 3515 911 3590 ipso
934 3515 1029 3579 clavis,
1052 3532 1131 3590 quom
1154 3515 1231 3572 fidem
1254 3533 1315 3572 esse
1336 3515 1466 3576 dicimus,
1495 3513 1620 3570 videamus

337 3595 446 3670 ‘iverbis
468 3598 604 3655 Ambrosii
625 3599 775 3674 loquimur)
798 3600 1021 3674 quemadmodum
1045 3599 1130 3658 solide
1153 3599 1198 3656 sit.
1242 3600 1369 3656 Arbitror
1390 3598 1465 3655 iiiam
1487 3597 1618 3654 duodecim

338 3681 479 3739 ‘artificum
502 3683 662 3756 operatione
684 3683 841 3742 condatum:
863 3684 1005 3742 duodecim
1021 3686 1092 3742 euim
1107 3684 1296 3759 apostolorum
1312 3683 1436 3760 symbolo
1452 3681 1522 3740 fides
1537 3687 1646 3738 sanem·

403 3898 415 3933 ⁴
432 3899 531 3952 Matth.
544 3901 607 3951 xtt.
622 3899 662 3951 10.
676 3915 716 3965 sq.
774 3899 785 3932 ⁷
802 3897 940 3966 Ambros]
958 3901 1123 3953 Hexnemer.
1137 3901 1184 3952 VI.
1197 3899 1238 3952 tt.
1253 3895 1504 3966 (ed.Benedict.1.
1518 3916 1545 3967 p.
1559 3897 1620 3959 1⁴⁰.)

337 3983 397 4034 Nou
415 3989 538 4051 sumptus
558 4001 590 4034 ox
609 3985 737 4036 Gratiani
755 3985 868 4037 decreto
885 3985 970 4037 loeus.
1024 3984 1045 4020 ¹⁰
1062 3987 1131 4036 Luc.
1145 3985 1249 4037 XLdt.
1302 3983 1324 4017 ¹³
1342 3981 1405 4050 quo]
1423 3988 1473 4035 rie.
1536 3977 1621 4045 Petro]

337 4069 436 4120 Mettb.
454 4069 583 4120 xvl.1o.
636 4067 658 4102 ²¹
676 4073 700 4132 ἕ.
714 4067 750 4136 4.]
769 4070 1030 4121 Pseudo-Ambrosii
1046 4069 1271 4122 serm.XXX111.
1295 4069 1338 4120 De
1362 4070 1477 4119 ieiuniis
1495 4067 1621 4135 qnsdng.

337 4152 424 4203 XVII.
437 4155 455 4204 i.
469 4154 489 4204 i.
509 4154 555 4219 qni
573 4153 638 4205 olim
650 4155 789 4205 Ambrosii
805 4169 895 4206 sermo
912 4154 946 4205 de
965 4155 1068 4206 ieiunio
1081 4155 1152 4205 Eliso
1165 4153 1370 4205 inscribebatur
1388 4151 1431 4218 (ut
1443 4155 1473 4204 in
1487 4153 1529 4204 ed.
1540 4152 1619 4204 Poris

338 4227 481 4288 tuotssfot.
500 4243 564 4288 tom.
579 4239 600 4288 1.
614 4255 640 4304 p.
653 4237 727 4302 ott.)
763 4238 817 4288 Sed
839 4240 899 4304 ipse
922 4239 1088 4292 Ambrosio
1111 4254 1202 4291 eusrr.
1220 4239 1323 4290 Psnlm.
1342 4237 1469 4288 xxxix.
1482 4237 1526 4289 37.
1543 4237 1619 4287 bibet

224 4331 228 4338 '
338 4320 426 4382 ‘Quod
437 4323 520 4371 Petro
539 4321 652 4380 dicitur.
672 4323 805 4388 apostolis
823 4323 940 4387 dicitur',
962 4329 990 4374 et
1008 4323 1043 4373 td
1055 4325 1176 4389 proxime
1195 4323 1315 4390 praeced.
1327 4321 1431 4374 Psalm.
1450 4320 1570 4388 explicot
1586 4319 1617 4368 lo·

338 4419 399 4454 eum
411 4403 512 4456 biseth.
525 4403 598 4457 XVI.
613 4403 653 4458 19.
672 4406 748 4457 Idem
768 4407 857 4458 ‘fldem
876 4423 930 4457 nou
949 4407 1049 4457 debere
1069 4407 1168 4471 scindi,
1188 4407 1236 4458 scd
1255 4407 1372 4457 solidum
1384 4409 1554 4472 pemnnere'
1570 4417 1616 4454 mo·

336 4494 384 4538 net
396 4489 496 4554 Expos.
511 4503 553 4539 ev.
567 4505 622 4542 sec.
635 4489 702 4540 Luc.
716 4490 749 4542 X.
760 4490 816 4540 120.
842 4483 846 4492 “
862 4489 885 4523 ²⁵
903 4491 964 4543 coei.
978 4507 1021 4558 np.
1035 4489 1100 4558 etc]
1115 4493 1151 4544 cf.
1165 4492 1225 4542 bct.
1239 4491 1335 4558 Apost.
1347 4487 1615 4542 &nitentium

337 4573 407 4624 xlv,
420 4572 462 4624 29.
524 4571 547 4605 ¹²
564 4579 652 4640 portes
669 4571 766 4642 prem]
785 4575 1025 4628 Matth.xvt.18.
1083 4575 1106 4608 ὓ
1123 4576 1243 4627 solidato
1262 4577 1306 4626 Pe.
1320 4574 1408 4626 Amor.
1473 4573 1522 4640 sit]
1538 4573 1567 4624 nt
1581 4572 1616 4621 ed.

337 4659 426 4709 Huius
445 4658 499 4708 ioci
517 4675 571 4708 non
590 4664 633 4708 est
650 4659 838 4710 demonstrare
855 4661 909 4710 ΧΠ
928 4659 1068 4727 apostolor
1086 4675 1140 4711 nou
1158 4675 1219 4712 esse
1238 4665 1365 4711 suctores
1384 4661 1420 4711 sb
1444 4661 1560 4725 ipsorum
1576 4671 1615 4706 no·

337 4744 408 4794 mine
429 4742 564 4809 adpetisti
581 4743 707 4808 symboli.
