3464 5526
357 350 403 421 74
487 377 610 420 narrant
628 377 657 414 ΙΙ
670 379 769 416 ›DVCEH
788 379 1065 422 ῊΒΤΕΕΡΠΘΙΜΙΙ
1083 347 1186 426 081Ὴρ
1205 379 1262 416 1111.
1285 380 1315 416 Ι.
1329 379 1392 418 ΗΟ.
1407 379 1432 415 Δ.
1448 373 1507 416 lbi?-

765 453 773 472 ι

355 535 428 596 dunt
450 534 584 604 uulnera,
606 553 623 596 a
645 542 729 614 tergo
751 535 893 606 invasisti,
915 535 1002 614 quod
1024 553 1128 597 omnes
1149 537 1292 607 scabunt,
1315 553 1375 596 non
1396 537 1559 608 monitum,
1580 555 1633 600 non

355 635 545 723 appeliatum:
569 640 721 714 egregium
742 644 771 699 te
793 638 887 716 igitur'
902 644 1110 719 pugnatorem,
1133 639 1351 718 magnanimum
1374 637 1537 710 Suevorum
1561 640 1634 718 priu-

355 741 450 819 cipem
472 740 529 802 dici
550 739 605 810 vis,
629 746 716 819 atque
738 757 774 802 ex
795 739 850 801 bac
865 739 956 819 gloria
973 747 1111 820 tanquam
1126 739 1235 818 aliquot
1249 739 1469 814 bostium-milia
1485 741 1633 811 occideris,

354 842 535 922 triumphum
567 840 620 903 tibi
653 840 729 903 lorte
761 841 881 904 decerni
913 841 1090 922 postulabis;
1124 845 1274 905 teterrime
1304 845 1434 922 omnium
1460 842 1633 910 mortalium,

354 945 462 1024 optime
483 945 521 1006 de
544 951 572 1006 te
593 946 767 1006 sentientem
789 962 857 1006 cum
879 945 1057 1024 peremeris,
1080 947 1144 1007 iure
1166 952 1352 1025 peremptum
1374 935 1475 1006 videri
1488 947 1549 1014 vis:
1571 959 1651 1008 cums

245 1087 250 1094 -
354 1047 381 1106 ei
404 1047 488 1107 vitam
511 1045 680 1118 abstuleris,
704 1031 754 1128 qui
770 1065 853 1108 suam
872 1047 929 1108 tibi
951 1065 1052 1125 opem,
1076 1065 1162 1108 suum
1185 1047 1359 1118 consiliiium
1375 1055 1404 1108 et
1418 1046 1575 1118 auxilium,
1596 1046 1633 1108 la-

354 1147 458 1210 berem
490 1155 519 1210 et
547 1149 718 1212 industriam
746 1151 894 1228 exposuit,
928 1151 978 1231 qui
1005 1167 1086 1211 suam
1116 1149 1205 1212 iidem
1232 1157 1399 1230 promptam
1428 1147 1547 1218 babuit,
1580 1165 1634 1212 non

355 1249 451 1315 solum
473 1249 601 1312 dedecus
622 1268 681 1312 nou
703 1250 852 1329 agnoscis,
875 1251 926 1313 sed
949 1253 1151 1331 impunitatem
1173 1252 1260 1313 etiam
1281 1251 1404 1331 adsequi
1419 1251 1587 1320 contendis,
1609 1256 1635 1312 el

287 1353 477 1420 §.malaudem
500 1353 628 1416 allectas.
671 1355 707 1420 At
728 1371 786 1414 uon
811 1371 843 1414 ea
867 1359 911 1414 est
932 1371 1016 1414 meus
1035 1358 1103 1424 tua,
1133 1360 1162 1414 et
1183 1355 1270 1414 istum
1292 1341 1380 1416 nobis'
1398 1355 1504 1420 iterum
1527 1353 1635 1414 fumum

336 1455 452 1526 odias,
481 1473 543 1535 quo
560 1461 643 1516 tuam
665 1456 889 1525 conscientiam,
916 1463 995 1516 tuam
1019 1455 1254 1534 desperationem
1275 1456 1352 1534 apud
1375 1473 1428 1516 nos
1456 1454 1662 1524 dissimulem

354 1563 383 1618 et
404 1556 442 1617 ob
465 1557 494 1636 id
516 1557 662 1637 quandam
684 1557 737 1618 tibi
757 1557 852 1618 laetam
874 1567 1031 1638 personam
1058 1555 1190 1629 induisti,
1221 1556 1347 1619 alacrem
1376 1557 1488 1619 vultum
1517 1559 1634 1638 praeiers

354 1667 383 1720 et
405 1659 502 1722 omnia
523 1660 623 1738 lingis,
652 1675 711 1738 quo
733 1677 770 1719 ne
793 1677 827 1722 ea
849 1677 915 1739 quae
936 1665 964 1720 te
986 1661 1066 1721 intus
1088 1661 1264 1730 conficiunt,
1294 1659 1401 1739 quibus
1427 1667 1533 1721 nomes
1553 1669 1635 1739 atque

354 1761 417 1822 dies
432 1761 634 1831 discruciatis,
657 1761 753 1840 palam
769 1761 855 1831 dant;
878 1779 1005 1842 cumque
1019 1763 1292 1827 innocentissimum
1313 1760 1476 1829 homiuem,
1503 1763 1634 1830 amicum,
1710 1782 1713 1790 ·

352 1865 504 1933 comitem,
527 1863 713 1932 familiarem,
737 1861 930 1925 domesticum
952 1865 1154 1934 interemeris,
1176 1860 1368 1934 malitiosum,
1391 1863 1518 1925 infidum
1540 1881 1575 1924 ao
1594 1865 1636 1924 iu·

351 1965 519 2028 sidiatorem
542 1967 671 2027 occisum
694 1963 751 2038 abs
770 1972 798 2026 te
819 1965 930 2036 relers;
960 1973 989 2026 et
1011 1985 1078 2027 cum
1100 1985 1135 2026 ex
1157 1965 1267 2026 insidiis
1289 1965 1388 2028 timide
1411 1983 1445 2028 ac
1466 1965 1665 2027 meneuoseu

353 2083 510 2148 aggressus
531 2067 584 2140 sis,
613 2067 688 2128 lorte
710 2085 745 2128 ac
767 2073 940 2130 strennuum
962 2069 1075 2130 lacinus
1097 2085 1325 2140 commemoras,
1349 2069 1431 2147 quasi
1453 2075 1506 2128 aut
1527 2067 1636 2130 occulta

286 2171 418 2236 arausint
439 2176 488 2230 tua
510 2170 598 2240 iacta,
621 2177 671 2232 aut
692 2184 796 2230 omnes
817 2187 882 2248 quea
904 2171 947 2231 sic
968 2175 1091 2240 norunt,
1115 2172 1157 2230 sio
1180 2169 1308 2230 oblivisci
1331 2171 1452 2247 possint.
1497 2169 1567 2231 Non
1587 2171 1637 2230 du·

351 2271 413 2332 bito
434 2273 524 2350 igitur
545 2273 617 2351 quin
639 2273 668 2331 in
691 2273 802 2332 intimis
823 2273 885 2332 tuis
904 2271 1037 2334 medullis
1060 2291 1123 2334 mea
1140 2273 1401 2341 versetur-oratio,
1424 2257 1545 2350 quoties
1562 2289 1636 2332 com-

351 2391 484 2435 memoro
513 2391 599 2453 quam
628 2379 660 2434 tu
688 2375 728 2434 sis
754 2373 888 2448 timidus,
917 2391 1005 2453 quam
1033 2372 1240 2439 formidolosus
1262 2373 1409 2434 carnifex:
1438 2373 1519 2452 quod
1542 2379 1636 2434 tantm

350 2477 388 2536 ita
411 2477 504 2556 accipi
525 2474 605 2546 volo,
629 2481 661 2535 ut
683 2474 844 2552 intelligant
865 2474 999 2537 homines
1020 2482 1049 2536 te
1071 2481 1133 2537 nort
1152 2473 1342 2536 abhorruisse
1364 2473 1401 2535 ab
1424 2465 1483 2536 ub
1507 2489 1666 2554 unquamne

352 2576 478 2648 scelere,
506 2576 558 2638 sed
586 2581 720 2638 metuere
741 2561 820 2656 saepe
841 2595 878 2638 ne
900 2596 968 2640 cum
989 2577 1121 2655 periculo
1143 2577 1312 2646 malassis,
1342 2577 1445 2657 quodsi
1467 2584 1586 2638 tantum
1606 2579 1638 2636 ti·

352 2679 381 2740 bi
404 2686 481 2741 esset
502 2679 608 2749 animi,
638 2684 779 2756 quantum
802 2679 879 2741 inest
900 2681 1081 2761 cupiditatis,
1111 2697 1199 2758 quem
1227 2679 1372 2760 reliquum
1395 2679 1495 2740 domui
1520 2687 1579 2740 tuae
1600 2681 1638 2740 le·

352 2783 458 2852 cisses,
487 2798 575 2858 quem
597 2797 657 2840 non
678 2779 855 2859 iugulasses,
884 2783 930 2843 cui
952 2801 1011 2844 non
1033 2783 1120 2843 istum
1143 2788 1297 2844 cruentum
1320 2782 1477 2859 pugionem
1501 2783 1638 2843 intentas-

284 2885 421 2951 §.uasesi
442 2883 521 2960 Ergo
544 2900 580 2943 ex
603 2901 638 2943 eo
660 2899 779 2961 quoque
801 2882 929 2946 dedecus
950 2885 1005 2947 tibi
1025 2883 1133 2948 ascribi
1156 2883 1252 2952 debet,
1275 2882 1353 2962 quod
1376 2883 1412 2944 ad
1434 2883 1551 2944 scelera
1574 2883 1638 2946 sub·

353 2985 445 3046 etruda
470 2984 539 3047 satis
561 2985 709 3045 animosus
730 3000 789 3044 uon
813 3002 854 3046 es.
899 2987 978 3063 atqui
1001 2987 1036 3047 ad
1059 2987 1135 3048 banc
1157 2983 1350 3066 improbitatis
1371 2991 1430 3046 tuae
1450 2993 1570 3064 partem
1593 2999 1667 3046 ern

351 3085 517 3166 plicandam
539 3103 612 3146 nova
636 3088 768 3146 oratione
791 3093 819 3147 et
842 3106 876 3148 ea
898 3106 1040 3166 perquam
1063 3087 1149 3166 longa
1172 3104 1247 3166 opus
1269 3093 1360 3156 esset,
1389 3105 1448 3165 quo
1471 3104 1579 3148 omnes
1600 3089 1639 3148 in·

352 3187 517 3264 toliigerent
540 3193 680 3266 quantum
703 3193 733 3248 tu
757 3190 787 3249 in
809 3187 996 3250 Germaniam
1018 3189 1147 3254 dedecus
1176 3190 1337 3258 inveneris:
1369 3204 1437 3250 uam
1463 3189 1488 3248 si
1511 3203 1640 3267 pugnam

351 3307 437 3353 uncas
459 3289 535 3351 banc
557 3289 667 3350 caedem
690 3297 785 3359 tuam,
816 3298 896 3351 certe
919 3291 998 3352 buno
1021 3293 1170 3370 pugnandi
1193 3309 1306 3352 morem
1329 3309 1424 3370 neque
1445 3289 1522 3351 Galli
1545 3307 1640 3368 neque

292 3431 295 3438 ,
350 3391 415 3454 itali
436 3391 481 3454 vel
503 3391 624 3470 Hispani
646 3391 767 3453 autulii
791 3411 915 3473 usquam
938 3394 1052 3454 finitimi
1072 3393 1111 3454 de
1133 3394 1251 3454 bomine
1273 3393 1420 3454 Germano
1442 3393 1640 3482 suspicantem,

283 3494 447 3558 §.tumulto
468 3496 565 3556 minus
587 3495 623 3556 de
645 3513 680 3555 eo
701 3495 832 3572 quivult
854 3513 918 3556 esse
946 3496 1092 3574 princeps.
1136 3503 1168 3557 tu
1190 3501 1287 3557 autem
1316 3513 1382 3556 cum
1410 3497 1453 3554 sic
1479 3493 1667 3556 adversumu

350 3599 472 3668 amicos,
500 3605 533 3657 ut
554 3575 674 3657 minime
694 3597 870 3683 pnettrendos
887 3615 1019 3675 pugnes,
1049 3597 1118 3676 quid
1140 3595 1294 3658 adversum
1316 3597 1415 3658 hostes
1437 3598 1543 3675 patriae
1566 3597 1640 3658 iace·

350 3717 416 3769 res,
449 3699 647 3762 timidissime?
679 3698 752 3760 nibil
775 3705 819 3760 est
841 3705 891 3759 tua
923 3699 1036 3777 ignaria
1071 3698 1226 3766 abiectius,
1260 3697 1332 3758 nibil
1363 3705 1413 3758 tua
1440 3698 1640 3761 formidolosi-

349 3805 409 3862 tate
438 3801 531 3878 magis
563 3798 696 3870 imbelle,
730 3806 760 3860 st
787 3807 888 3860 contra
921 3797 993 3888 nibil
1028 3807 1076 3862 tua
1104 3799 1225 3879 perfidia
1243 3800 1407 3886 audacius,
1437 3799 1510 3862 nihii
1539 3802 1641 3880 prodi·

350 3903 440 3964 tione-
457 3900 597 3964 callidius.
642 3902 710 3962 ilaec
738 3903 805 3963 vitia
835 3919 898 3962 esse
927 3903 956 3962 in
986 3909 1015 3964 te
1043 3903 1139 3964 omnia
1168 3919 1264 3981 neque
1292 3904 1355 3982 ipse
1383 3901 1503 3978 ignoras
1531 3921 1638 3982 neque.

352 4021 410 4082 qua
426 4021 457 4066 cs
472 4005 679 4084 perversitate,
703 4004 805 4065 abesse
821 4003 873 4064 abs
894 4010 923 4064 te
946 4003 1049 4066 velles:
1074 4009 1151 4063 totus
1167 4023 1198 4064 es
1220 4005 1299 4065 enim
1315 4009 1415 4064 coutra
1432 4021 1553 4066 omnem
1571 4006 1668 4064 citi-³¹»

285 4106 485 4182 camimum,
507 4123 624 4166 ornnem
647 4105 867 4174 humanitatem,
891 4108 983 4186 ipsam
1006 4106 1133 4184 denique
1156 4115 1300 4167 naturam.
1346 4103 1420 4176 uoto
1443 4103 1575 4165 obstabit
1589 4107 1640 4182 igi·

351 4216 415 4277 tur,
438 4227 496 4287 quo
518 4205 616 4269 minus
638 4208 769 4286 quisquis
783 4207 813 4268 in
827 4215 893 4268 tuas
907 4215 1029 4276 statuas,
1052 4205 1151 4268 titulos
1166 4227 1200 4269 nc
1213 4209 1357 4284 imagines
1371 4205 1516 4274 inciderit,
1541 4206 1641 4267 omnia

352 4307 543 4370 deturbatae
570 4307 768 4368 comminuat?
795 4309 884 4368 immo
911 4317 994 4370 tuum
1022 4327 1141 4388 quoque
1168 4327 1278 4371 nomeu
1306 4307 1408 4370 ubiubi
1429 4307 1576 4385 scripturn
1600 4310 1641 4368 iu-

352 4411 471 4487 rauerit
487 4409 587 4474 eradat
608 4416 696 4490 teque
718 4411 929 4489 sempiternum
952 4412 1068 4489 generis
1085 4413 1134 4472 tui
1155 4412 1298 4480 dedecus,
1322 4415 1536 4490 praeposterum
1561 4411 1641 4488 prin-

353 4545 554 4558 -n--n—-s—

420 4630 478 4681 ‘et
494 4637 524 4682 tt.
544 4644 577 4681 ac
596 4635 619 4680 1.
671 4629 736 4680 ⁹bt
753 4633 777 4682 1.
814 4632 976 4696 Quanquam
993 4637 1025 4680 Η.
1077 4604 1397 4698 *mathesuenta
1450 4623 1640 4696 ¹³.qust

355 4715 462 4782 .Quasi
480 4718 537 4768 1.2.
590 4715 613 4748 ⁸⁸
631 4729 664 4765 ee
682 4718 705 4767 l.
725 4719 753 4765 et
769 4719 798 4766 11.
848 4713 870 4748 ¹⁹
889 4715 990 4766 eredat·
1003 4728 1072 4766 corr.
1087 4717 1123 4766 H.
1141 4717 1234 4766 tradat
1254 4719 1277 4764 t.
1297 4714 1399 4766 eradat
1416 4717 1442 4764 2.
1460 4715 1573 4778 stupide.
