3382 5516
1144 89 1154 122 ,
1221 87 1225 98 .

1089 191 1095 220 l

336 405 409 477 178
445 430 628 474 ΙΙΔΞῙΙΓΗΑΙΙ
647 433 705 472 ΙΙΡ.
724 433 892 470 ΡΒΟΡΟΕΠῚΟ
911 435 946 468 Dll
965 435 1055 468 limat)
1073 433 1194 469 ’ΠΙΟΙΟΟ
1211 433 1248 468 AD
1262 433 1409 470 ruricurte
1421 433 1456 468 ΙΤ
1468 435 1493 468 c.
1511 433 1536 468 A.
1552 427 1601 469 lllS·

1479 501 1488 530 h

336 613 417 672 quam
436 593 659 656 deliberationem
674 593 708 648 de
724 593 819 666 copiis,
842 593 876 649 ilc
890 591 1093 654 commeatibus,
1115 583 1203 667 deqrie
1219 593 1299 650 modo
1315 590 1379 649 belli
1394 591 1507 665 gerendi
1522 599 1600 666 perte·

335 699 404 744 ιιιιι,
424 697 494 754 qnae,
517 678 590 736 domi
605 695 671 752 pace
685 677 844 739 constituta,
867 693 921 734 non
937 685 1029 751 potest
1044 675 1161 732 dilbeilis
1177 678 1253 736 vobis
1274 678 1366 740 videri,
1390 695 1435 751 qur
1452 678 1534 751 periti
1547 679 1602 734 estis

266 803 268 808 -
333 766 371 822 rei
394 763 519 821 militaris
541 771 569 819 et
591 762 689 836 quibus
711 762 851 820 Germania
875 763 940 818 satis
970 771 1034 818 nota
1061 771 1118 822 cst,
1146 762 1263 836 denique
1285 763 1331 838 qui
1353 779 1426 818 arma
1448 769 1477 818 et
1500 779 1562 836 opes
1581 770 1602 818 et

333 851 401 907 hane
423 849 530 924 lmpcrii
552 847 711 920 dignitatem
734 855 828 904 tenere
850 863 901 904 uos
923 847 1015 909 scitis,
1038 855 1068 902 ut
1090 847 1170 902 vitain
1192 855 1220 903 et
1243 863 1336 906 omnes
1358 847 1484 903 fortunas
1502 855 1602 902 nostru
1690 856 1691 863 ’

333 935 365 996 ad
384 934 572 1010 detonsionem
595 940 623 989 et
644 931 777 1008 publicam
799 933 914 988 salntem
936 931 1011 988 orbis
1034 940 1166 990 terrarum
1188 932 1367 990 conteramus.

291 1025 320 1070 tt.
418 1019 471 1075 Nec
498 1035 563 1074 vero
590 1034 741 1090 quenquam
771 1033 786 1073 e
814 1017 890 1074 vobis
912 1016 1031 1074 arbitror
1060 1035 1120 1076 esse
1149 1018 1194 1090 qui
1223 1017 1364 1074 turcicum
1391 1015 1492 1072 bellum
1519 1033 1603 1090 parma
1689 1009 1690 1024 ¹

332 1105 513 1164 necessarium
536 1093 686 1164 eastimet,¹
708 1109 755 1158 aot
777 1100 898 1176 postulet
921 1110 951 1158 nt
973 1100 1016 1158 alii
1040 1103 1132 1174 potius
1154 1101 1254 1174 ltcges,
1278 1101 1337 1158 aliar
1359 1102 1484 1158 nationes
1499 1100 1603 1156 sibilas
1689 1167 1690 1172 ἵ

331 1198 424 1266 partes
445 1195 566 1246 sumant.
589 1203 649 1242 uaru
671 1186 775 1242 etiamsi
800 1189 893 1244 rame
917 1186 1287 1243 suishnibusiarncouteuti
1302 1187 1604 1261 uonproierrentuma
1689 1207 1690 1328 q

331 1275 455 1348 longius,
478 1289 528 1330 nec
550 1271 629 1330 uobis
651 1271 800 1346 perieulum
821 1272 1029 1333 denunciarent,
1052 1289 1102 1326 uos
1125 1272 1248 1344 quidem,
1272 1272 1370 1344 quihus
1392 1271 1461 1328 lleus
1476 1271 1603 1345 precipue
1689 1285 1690 1288 ’

332 1359 531 1418 commendavit
555 1357 630 1414 orbis
652 1356 795 1414 Christiani
822 1356 1020 1418 defensionem,
1049 1354 1149 1412 bellum
1178 1357 1278 1414 inlerre
1309 1356 1363 1412 illis
1392 1356 1553 1450 oportebat,
1577 1361 1628 1410 uttt
1689 1317 1690 1414 l

333 1444 460 1500 Graeeiara
475 1451 503 1500 et
518 1442 617 1498 vicinas
639 1442 791 1516 prouincias
812 1441 914 1498 crudeli
936 1435 1066 1498 'scrutate
1089 1441 1272 1498 liberaremus.
1322 1459 1383 1498 narn
1406 1441 1428 1496 si
1452 1441 1514 1514 quis
1535 1447 1602 1515 putat
1653 1489 1655 1498 .

333 1529 407 1586 mitia
430 1535 477 1584 aut
498 1524 648 1582 tolerabilia
671 1545 730 1582 esse
755 1527 929 1583 'lurcorum
922 1527 1049 1600 numeria,
1074 1525 1096 1581 is
1120 1525 1202 1598 louge
1218 1525 1335 1589 fallitur:
1358 1543 1408 1582 nec
1422 1526 1504 1581 uobis
1518 1525 1570 1581 de'
1564 1541 1603 1582 ιιι-

332 1613 401 1688 perii
424 1611 504 1668 laude
523 1629 582 1668 cum
606 1610 660 1686 illis
681 1620 817 1668 certamen
840 1621 895 1673 cst,
924 1612 970 1666 sed
992 1611 1026 1666 de
1048 1610 1195 1683 religione,
1225 1611 1259 1666 de
1281 1609 1436 1684 disciplina,
1465 1610 1498 1666 de
1520 1610 1603 1666 eoniu-

334 1715 397 1772 gum
419 1705 447 1753 ct
468 1696 615 1753 liberorum
643 1697 778 1770 pudicitia.
823 1697 960 1770 precipuo
990 1703 1079 1752 autem
1109 1705 1269 1767 grassantur
1296 1696 1321 1753 iu
1349 1693 1534 1756 nobilitatem,
1561 1711 1603 1750 neo

333 1782 423 1840 solnm
450 1781 639 1856 possessiones
665 1790 748 1837 certa·
777 1781 854 1838 victis
881 1780 963 1838 trullae
991 1780 1197 1854 relinquuntur,
1226 1780 1272 1836 sed
1300 1780 1380 1836 etiam
1408 1779 1469 1836 liaae
1497 1786 1526 1836 et
1550 1789 1629 1852 gre-¹⁵

333 1868 402 1941 gerii
425 1865 525 1924 milites
547 1865 657 1940 rapiunt
679 1866 711 1921 ad
734 1876 828 1941 stupra
851 1865 1032 1932 nobilissimas
1054 1875 1136 1940 atque
1159 1865 1364 1922 honestissimas
1386 1873 1539 1924 matronas,
1560 1864 1603 1918 rir-

332 1953 424 2026 giues,
453 1969 568 2026 pueros;
598 1950 629 2006 ad
653 1950 711 2006 haee
733 1949 824 2008 multis
847 1951 934 2006 modis
956 1950 1117 2025 extinguunt
1139 1969 1170 2006 ac
1190 1949 1282 2006 delent
1303 1948 1482 2007 Christianam
1505 1947 1604 2022 religio

332 2053 402 2094 uem.
445 2038 486 2092 hu
508 2053 562 2092 uon
585 2035 626 2091 hae
648 2042 711 2091 sunt
733 2054 838 2108 linqua».
859 2043 887 2090 ot
909 2035 987 2090 iustae
1010 2053 1127 2095 caussae,
1150 2052 1210 2108 quau
1227 2034 1291 2090 viris
1306 2033 1424 2092 lortihus
1438 2034 1472 2090 ad
1489 2033 1603 2090 tuendam

332 2121 447 2196 gloriam
466 2121 513 2176 llci
535 2127 564 2176 ct
585 2120 699 2176 salutem
723 2121 841 2176 omnium
863 2121 983 2194 gentium
1006 2137 1079 2176 arma
1101 2119 1232 2176 induant?

301 2215 321 2260 t.
417 2205 505 2273 Quare
531 2205 633 2278 ingenti
654 2203 750 2260 dolore
770 2205 887 2267 afficior,
915 2222 976 2260 cunr
997 2205 1089 2278 cogito
1111 2205 1254 2266 Graeciam,
1283 2219 1343 2279 qnae
1373 2221 1428 2260 non
1451 2203 1541 2260 solum
1560 2203 1629 2258 dan

330 2291 478 2348 etriuarum
500 2307 598 2364 parens
620 2298 675 2350 est,
699 2290 745 2346 sod
768 2290 848 2346 etiam
872 2289 943 2346 omui
967 2289 1045 2346 laudo
1068 2290 1196 2346 virtutum
1216 2288 1345 2346 excelluit
1366 2297 1394 2345 et
1415 2289 1463 2344 diu
1479 2288 1605 2366 [lorpntis-

331 2376 398 2434 sima
425 2391 488 2451 pars
510 2374 630 2431 ecclcsiae
652 2375 811 2430 Christianae
834 2375 898 2436 luit,
922 2391 992 2430 nuuc
1016 2374 1062 2430 tali
1084 2376 1214 2430 servituto
1237 2391 1395 2448 oppressam
1418 2391 1488 2435 esse,
1512 2374 1537 2430 in
1559 2389 1604 2446 qua

330 2477 391 2518 enm
412 2468 510 2517 caetera
530 2459 604 2518 dictu
627 2460 696 2521 lonla
718 2467 800 2534 atque
822 2459 956 2516 horrenda
979 2459 1138 2534 perferenda
1160 2467 1238 2520 suut.
1264 2466 1319 2514 tum
1342 2459 1423 2516 etiam
1446 2458 1545 2532 religio
1564 2474 1604 2531 pe·

331 2546 404 2602 uitus
426 2544 565 2608 aboletur:
593 2553 621 2600 et
650 2553 730 2616 auget
758 2561 846 2600 rueum
874 2543 1011 2606 dolorem,
1040 2545 1113 2638 (qnod
1135 2562 1179 2600 res
1201 2551 1286 2616 gestae
1308 2545 1445 2618 praecipue
1468 2550 1603 2600 testantur.

331 2629 459 2686 Graciam
487 2645 542 2684 non
569 2638 666 2706 sponte
694 2636 740 2684 aut
762 2629 820 2686 sine
841 2629 987 2686 certamine
1009 2629 1144 2703 accepisse
1167 2630 1247 2685 hoc
1241 2645 1347 2702 rugium:
1375 2627 1423 2684 illa
1451 2646 1516 2685 vero
1543 2625 1604 2684 mul·
1611 2637 1630 2674 ιι

333 2723 376 2772 tos
398 2731 485 2773 anuos
507 2713 654 2770 fortissime
675 2713 805 2771 dimicans
828 2715 934 2772 tandem
956 2715 1087 2776 concidit,
1110 2731 1165 2771 uon
1188 2715 1288 2771 virtute
1309 2723 1452 2788 superata.
1482 2713 1528 2770 sed
1550 2711 1604 2786 qnia

330 2798 389 2856 sola
411 2806 513 2854 tautam
534 2799 653 2854 hostium
677 2775 876 2856 multitudinem
904 2807 932 2854 et
960 2807 1012 2856 taur
1041 2799 1154 2872 longum
1177 2799 1278 2856 ballum
1298 2799 1435 2856 sustinere
1457 2815 1514 2855 non
1535 2804 1604 2873 pote-

331 2890 381 2940 rat.
425 2871 512 2941 Audio
534 2883 680 2939 etiamnum
702 2893 802 2940 tautam
825 2902 886 2940 osso
908 2885 959 2940 viru
982 2885 1167 2958 ingeniorum,
1192 2892 1292 2940 tautam
1308 2885 1435 2940 virtutem
1451 2883 1604 2940 Graecam·
1689 2913 1690 2944 ι

330 2968 425 3030 tionis,
456 2974 486 3024 ut
513 2984 567 3023 non
596 2966 648 3022 alia
679 2987 745 3041 gens
775 2970 979 3043 praestantiores
1006 2970 1088 3026 doces
1111 2969 1205 3026 'l'urois
1227 2969 1384 3044 suppeditet
1406 2985 1487 3042 qnam
1510 2967 1602 3024 Graeca

331 3053 377 3127 qni
406 3049 446 3126 (ut
468 3049 558 3126 audio)
589 3069 740 3127 quanquam
764 3053 862 3110 ritibus
885 3054 978 3118 imbuti
1003 3054 1137 3116 Turcicis,
1167 3063 1256 3110 tamen
1278 3070 1413 3112 memores
1435 3061 1539 3110 nosue
1561 3060 1630 3108 now

330 3137 433 3194 hiscum
461 3136 667 3193 necessitudinis
698 3137 772 3194 inviti
802 3137 903 3198 bollum
930 3147 1029 3213 gerunt
1057 3139 1084 3194 in
1111 3139 1214 3195 uostris
1242 3139 1397 3212 provinciis.
1443 3137 1517 3196 llane
1538 3145 1604 3194 certe

330 3223 483 3284 nationem,
506 3239 566 3294 quas
589 3221 782 3296 pulcerrimum
805 3232 994 3280 ornamentum
1017 3223 1135 3282 nouriuis
1157 3224 1316 3288 Christiani,
1340 3239 1458 3296 quaeque
1481 3241 1541 3282 eum
1556 3239 1603 3278 ιιιι·

330 3305 435 3363 ioribus
457 3305 560 3363 uostris
582 3308 726 3380 sanguine,
756 3308 903 3366 loederibns
929 3317 957 3364 et
983 3307 1075 3365 inultis
1103 3307 1199 3365 othciis
1227 3308 1373 3364 coniuncta
1394 3309 1463 3370 luit,
1493 3325 1552 3364 cnm
1573 3303 1604 3362 ob
1688 3323 1689 3378 ι

329 3399 442 3448 ιιιιιιιιι
463 3407 572 3448 caussas
595 3392 719 3466 oportuit
740 3411 789 3448 uos
812 3391 841 3448 iu
861 3392 1013 3450 libertatem
1035 3390 1183 3456 vindicare,
1213 3392 1328 3454 tumaob
1357 3393 1416 3452 tac
1437 3393 1534 3452 merita
1556 3391 1604 3446 sia·
1688 3385 1689 3420 l

329 3475 447 3550 gularia,
479 3476 552 3550 quod
581 3476 685 3550 aliquot
713 3476 820 3534 saeculis
842 3478 983 3534 immanem
1011 3477 1084 3534 illam
1112 3478 1263 3536 barbariem
1279 3478 1440 3536 -lortissime
1468 3475 1629 3551 repressus

330 3570 358 3617 et
378 3579 394 3616 a
416 3562 519 3617 uostris
541 3561 691 3618 cervicibus
713 3560 832 3637 depulit:
861 3562 964 3620 nullum
993 3564 1064 3620 enim
1093 3563 1191 3620 iustius
1212 3570 1255 3620 est
1278 3561 1395 3620 officinm
1419 3579 1500 3636 quam
1523 3577 1604 3618 serra·

333 3646 437 3702 toribus
459 3646 609 3704 calamitate
632 3645 722 3721 aliqua
744 3645 838 3704 tractis
861 3665 957 3706 rursus
979 3665 1058 3722 opem
1081 3647 1151 3704 lurae
1174 3656 1201 3704 et
1223 3665 1315 3721 parem
1337 3647 1452 3720 qratiam
1475 3648 1585 3703 reterre.

230 3793 233 3800 ‚
289 3738 317 3783 rr.
415 3731 466 3788 Sed
489 3748 544 3805 qno
566 3749 608 3788 me
629 3731 709 3788 dolor
729 3731 858 3792 abducit?
887 3733 969 3789 Tanta
997 3741 1040 3789 est
1067 3737 1137 3789 enirn
1166 3751 1220 3789 uon
1243 3732 1331 3790 solum
1353 3732 1484 3806 regnandi
1506 3729 1604 3805 cupidi·

330 3823 383 3878 tas,
411 3816 458 3872 sed
485 3814 570 3872 multo
596 3817 684 3890 magis
706 3816 814 3872 humaui
837 3817 976 3890 sanguinis
998 3818 1073 3882 sitis,
1102 3824 1193 3874 tantus
1214 3819 1293 3874 furor
1314 3817 1341 3874 in
1364 3815 1473 3880 Turris,
1502 3821 1601 3882 utnon
1687 3847 1688 3896 ι

328 3899 489 3974 reliquerint
510 3899 588 3958 nobis
608 3899 829 3958 deliberatiohem
851 3902 884 3958 de
906 3902 1047 3960 inferendo
1068 3901 1141 3958 bello
1162 3903 1289 3965 liberam,
1313 3901 1359 3958 scd
1374 3902 1407 3958 de
1422 3899 1602 3976 propulsando
1610 3907 1630 3947 n
1687 3901 1688 3958 l

328 3983 417 4047 bello,
440 3985 474 4041 de
495 3984 653 4043 defensione
675 3983 816 4059 religionis
838 3987 1011 4049 Christianae,
1035 4005 1114 4062 quam
1136 3987 1237 4062 ubique
1259 3996 1394 4044 terrarum
1415 3985 1507 4043 delere
1528 4001 1602 4044 cona·

330 4078 374 4124 tur
397 4068 442 4124 illa
465 4069 617 4132 harbaries,
640 4070 782 4128 consilium
805 4071 963 4146 capiendum
986 4081 1042 4135 est,
1065 4072 1204 4130 retinenda
1226 4081 1269 4129 est
1291 4071 1372 4129 huius
1394 4071 1502 4146 lmperii
1525 4067 1602 4127 maie·

328 4162 399 4216 stas,
422 4153 528 4209 tuendae
550 4156 681 4230 coniuges
703 4164 730 4210 et
752 4154 830 4212 liberi
853 4157 949 4213 nostri.
995 4158 1046 4212 uisi
1069 4157 1139 4212 enim
1163 4157 1343 4220 occurrimus,
1373 4155 1454 4231 paulo
1477 4165 1539 4231 post
1558 4153 1602 4209 do

317 4239 402 4300 ,mitis
424 4237 526 4294 ricinis
545 4240 672 4312 gentibus
701 4241 728 4296 iu
756 4241 841 4297 media
867 4241 1010 4302 ¹Germania
1039 4241 1162 4298 videbitis
1190 4241 1294 4298 excindi
1322 4240 1419 4302 urbes,
1447 4237 1601 4296 inbarnmari

329 4321 442 4396 templa,
464 4322 522 4396 rapi
539 4324 571 4380 ad
592 4341 670 4382 omne
693 4323 788 4398 flagitii
810 4343 895 4398 genus
916 4327 1046 4400 coniuges
1068 4335 1096 4382 et
1115 4326 1228 4389 liberos,
1250 4325 1340 4382 divelli
1364 4324 1480 4382 intentos
1502 4333 1628 4380 acon-te

328 4405 409 4480 plexu
430 4414 572 4480 parentum
594 4417 676 4482 atque
699 4409 825 4472 interfici,
848 4411 949 4469 modias
970 4411 1055 4467 secari
1078 4412 1200 4485 gravidas
1215 4409 1345 4466 mulieres
1360 4409 1408 4467 illo
1423 4410 1531 4466 aei-nece
1546 4409 1600 4464 har·

328 4489 433 4548 barieo:
456 4491 577 4548 fanaticae
600 4492 760 4565 religiones.
784 4495 891 4588 quibus
904 4496 1006 4572 iucitati
1023 4506 1093 4558 sumt.
1118 4513 1150 4553 ne
1166 4496 1274 4569 quidem
1288 4495 1440 4552 concedunt
1453 4496 1493 4550 eis
1509 4495 1601 4552 ocium,

395 4759 417 4794 ¹⁸
434 4775 525 4838 cattam
538 4763 563 4812 2.
576 4770 602 4811 nt
614 4762 679 4828 ubip.
714 4761 733 4794 ¹¹
755 4763 880 4813 uirtutem
899 4767 924 4813 2.
960 4761 981 4795 ⁴⁶
1000 4753 1123 4829 ceynacc
1144 4766 1194 4814 1.2.
