3410 5524
329 419 340 492 1
352 419 399 492 56
419 413 520 488 anonis
533 451 996 503 merueranrnanrn.onaronrnm.
1004 445 1216 492 octavusomne
1228 453 1444 498 :mancum
1456 457 1595 496 ausonae.

324 611 395 671 saria
416 611 449 668 ad
471 609 572 670 beilum
595 620 622 670 et
644 612 676 670 ad
699 613 837 670 victoriam
860 621 964 678 esseut.
987 614 1045 672 lieri
1068 621 1197 690 oportere
1215 615 1346 674 diximus:
1368 617 1427 674 hnc
1441 616 1544 692 reliqua
1557 618 1597 676 ad·

323 696 442 755 iumenta
455 695 665 773 sundopunda.
689 716 750 773 quae
772 707 861 758 tamen
883 698 910 756 iu
932 699 1042 758 domino
1064 699 1223 761 confidimus
1244 700 1443 760 habundantius
1465 703 1545 760 etiam
1563 703 1597 760 ai·

323 783 423 840 lutura.
468 782 530 856 quis
553 781 625 840 enirn
645 784 699 840 erit
721 783 807 841 nobili
829 783 940 858 ingenio
962 792 1008 841 aut
1031 785 1120 844 mimo
1142 787 1196 848 vir.
1228 787 1274 862 qui
1303 803 1358 844 non
1379 803 1510 844 accensos
1531 789 1596 862 cupi·

323 867 407 924 ditate
429 883 499 924 sera
521 867 617 941 gloriae
639 868 671 926 ad
693 867 745 926 hoo
767 867 866 926 bellum
889 870 996 928 studeat
1017 872 1181 946 properare?
1204 871 1265 945 quis
1283 871 1397 947 cupidus
1412 889 1504 929 rerum
1519 872 1597 928 visen·

322 951 432 1020 dorum,
455 952 503 1026 qui
525 953 575 1010 hac
597 953 852 1012 occasioneobiata
877 956 933 1012 suis
956 956 1037 1012 armis
1060 957 1177 1032 arreptis
1191 973 1246 1014 nou
1262 957 1315 1014 iter
1328 957 1522 1031 aggrediatur?
1543 959 1624 1031 ques

322 1037 414 1096 studio
437 1037 592 1112 acquirendi
615 1039 760 1114 praeditus,
782 1040 829 1114 qni
851 1057 906 1098 non
929 1040 962 1097 ad
983 1048 1083 1098 tanum
1105 1042 1222 1116 praedam
1245 1040 1388 1100 convolet?
1410 1042 1473 1117 quis
1486 1042 1597 1117 denique
1693 1034 1700 1062 '¹

322 1121 416 1178 virtuti
438 1130 467 1179 et
489 1121 643 1181 fortitudini
666 1142 723 1182 suae
745 1123 844 1188 lidens,
873 1125 919 1199 qui
947 1143 1002 1184 non
1024 1143 1081 1184 eam
1104 1127 1131 1184 in
1153 1125 1206 1184 boc
1226 1107 1409 1202 pfileherrimo
1438 1135 1472 1190 et,
1493 1128 1598 1204 sanctis·

323 1208 392 1264 simo
416 1224 499 1284 opere
521 1215 548 1264 et
570 1208 621 1265 deo
643 1218 671 1266 et
692 1209 848 1266 hominihus
870 1209 935 1267 uelit
955 1209 1150 1286 comprobare?
1174 1229 1233 1268 nam
1256 1210 1302 1268 illa
1323 1229 1384 1286 quae
1404 1219 1469 1268 sunt
1483 1212 1597 1275 marina.
1697 1251 1700 1282 ·;

322 1293 412 1351 honor
439 1299 467 1348 et
489 1311 564 1350 amor
590 1294 647 1358 dci.
672 1293 745 1350 salus
760 1311 829 1352 verae
845 1294 920 1359 lidei.
943 1296 1062 1354 coelestis
1077 1297 1171 1371 patriae
1187 1295 1325 1372 potiundae
1340 1295 1489 1371 cupiditas.
1513 1314 1597 1353 omnes
1699 1301 1700 1306 ’

322 1379 425 1454 pariter
447 1395 615 1436 commouere
637 1378 787 1440 debebunt.
815 1379 968 1455 Principes.
998 1389 1027 1438 ut
1055 1399 1117 1438 suas
1140 1398 1206 1456 opes
1229 1389 1257 1438 et
1284 1381 1489 1444 auctoritatem,
1519 1381 1625 1438 fortesu

323 1463 410 1524 viros.
434 1471 464 1519 ut
485 1461 561 1520 stiam
583 1464 725 1529 virtutem.
748 1463 870 1540 reliquos
893 1483 971 1530 vero,
993 1473 1024 1523 ut
1046 1475 1149 1541 partem
1172 1483 1281 1523 suarum
1304 1465 1464 1524 facultatum
1485 1465 1513 1522 in
1533 1483 1598 1523 corn·
1698 1536 1699 1540 Ἰ

322 1563 430 1606 munem
452 1565 615 1606 consensum
638 1558 665 1608 et
687 1549 843 1625 preclaram
866 1549 935 1607 hanc
956 1551 1114 1610 societatem
1135 1551 1178 1608 dei
1200 1559 1227 1608 et
1249 1550 1387 1608 hominum
1409 1551 1551 1608 conterant
1570 1551 1598 1608 ad
1699 1571 1700 1620 3

323 1633 517 1707 acquirendum
539 1629 591 1690 sibi
608 1636 754 1709 praemium
776 1635 985 1712 sempiternum:
1015 1653 1075 1694 narn
1099 1651 1259 1711 quamquam
1281 1637 1370 1694 hostis
1391 1644 1420 1694 et
1441 1644 1540 1712 potens
1559 1653 1598 1691 ve·
1616 1655 1645 1712 ι·

322 1717 464 1774 trementer
486 1727 513 1775 ct
536 1717 612 1776 lorox
634 1719 684 1785 sit,
709 1727 797 1777 tamen
819 1717 958 1778 homiuum
982 1705 1080 1780 venite
1102 1729 1131 1778 et
1152 1719 1268 1779 miiitum
1289 1720 1389 1779 robore
1411 1736 1442 1778 ac
1463 1720 1598 1798 disciplina

322 1801 403 1877 longe
425 1801 503 1860 nobis
525 1803 640 1861 inferior
660 1813 716 1868 ost.
739 1822 802 1880 qun
824 1805 851 1862 in
873 1804 952 1864 bellis
974 1805 1064 1864 valent
1087 1806 1214 1870 marinae,
1244 1814 1289 1870 ut.
1318 1806 1384 1862 deus
1406 1805 1487 1863 modo
1511 1818 1627 1882 procesit
1699 1845 1700 1852 .

322 1893 432 1945 nostras
454 1887 580 1963 benignis
602 1889 713 1946 auribus
736 1891 874 1954 admittat,
897 1892 933 1947 sit
955 1892 1035 1948 nobis
1056 1891 1170 1949 uictoria
1191 1908 1243 1968 pro
1257 1900 1332 1950 oerto
1348 1880 1520 1966 expectanda.
1547 1889 1599 1946 h'on

323 1989 391 2049 ergo
413 1973 528 2032 dcerunt
549 1991 600 2030 nee
622 1991 703 2050 opum
725 1993 776 2033 nee
796 1971 916 2033 lirorum
931 1993 1026 2050 magna
1044 1975 1177 2041 subsidia,
1199 1975 1412 2035 clarissimorum
1427 1993 1523 2050 rogum
1543 1992 1600 2031 suo·

256 2065 279 2118 ir
294 2066 336 2119 ²⁰}
359 2075 418 2114 rum
434 2067 461 2115 et
483 2052 656 2139 princi-{pum
677 2061 803 2118 virtutem
827 2068 908 2137 atquc
930 2060 1081 2136 exemplum
1103 2077 1195 2119 omnes
1216 2061 1407 2124 imitabuntur.
1430 2061 1600 2136 quiquidem

322 2143 459 2219 principes
481 2161 535 2201 uon
558 2143 642 2220 longo
665 2145 773 2210 labore.
802 2163 851 2204 nec
872 2147 986 2204 marimo
1009 2156 1120 2223 sumptu
1143 2156 1170 2204 et
1191 2162 1267 2203 suam
1291 2147 1429 2220 augebunt
1451 2146 1501 2202 hac
1523 2145 1601 2202 ricto·

321 2227 361 2285 ria
382 2228 559 2315 dignitatem,
583 2239 610 2287 et
631 2229 710 2289 iidem
731 2233 774 2289 dei
797 2231 838 2289 sui
861 2231 1051 2310 illustrabunt.
1075 2241 1102 2289 et
1124 2231 1317 2308 patrimonium
1337 2230 1445 2291 Christi
1460 2228 1633 2306 numidica-ro¹

322 2313 405 2377 bunt.
434 2313 509 2390 digni
532 2315 579 2390 qui
601 2315 635 2372 ab
657 2316 718 2393 ipso
746 2317 797 2374 deo
827 2317 854 2372 in
882 2327 936 2373 tarn
964 2316 1098 2374 excelsum
1129 2316 1260 2386 honorem
1287 2315 1388 2391 regalis
1417 2315 1481 2373 solii
1507 2313 1602 2374 sublati

321 2398 446 2462 luerunt.
468 2416 528 2456 cum
552 2400 623 2476 grati
645 2400 696 2458 deo
719 2402 773 2458 sint
796 2401 898 2465 iuturi,
922 2403 968 2476 qui
991 2401 1043 2460 hoc
1066 2419 1163 2478 opere,
1185 2401 1238 2458 hoc
1260 2401 1431 2458 sanctissimo
1454 2399 1527 2458 bello
1542 2417 1602 2457 oon·

225 2523 229 2532 .
321 2491 483 2558 sequentur.
506 2493 537 2542 ut
558 2495 659 2561 praeter
680 2479 917 2562 amplificationem
941 2505 1023 2562 opum
1051 2503 1162 2544 suarum
1195 2485 1385 2562 sempiternom
1416 2485 1523 2543 laudem
1549 2501 1601 2542 sua

321 2569 430 2626 virtutis
453 2569 524 2628 inter
546 2571 669 2629 homines
692 2570 792 2635 lerant,
816 2589 911 2630 eorum
933 2581 1023 2630 autom
1045 2572 1153 2630 nomina
1175 2571 1203 2628 in
1225 2570 1300 2629 omlis
1322 2571 1486 2628 scribantur.

725 2655 819 2714 Priora
841 2657 1028 2715 transierunt.
1042 2655 1204 2714 tihxvttt.
1608 2668 1630 2708 as

405 2808 563 2886 (manarum
582 2837 633 2886 pro
656 2823 755 2888 epilogo
779 2824 838 2874 inde
855 2824 971 2874 acerbis
993 2823 1064 2877 Iiem
1086 2823 1111 2874 si
1133 2825 1235 2888 praeter
1258 2835 1320 2875 enm
1345 2821 1495 2875 exereitum
1517 2823 1603 2872 endan

320 2905 512 2968 „interiectis”
530 2907 619 2974 scribit
636 2907 793 2970 „nonnuliis
812 2906 846 2958 de
863 2923 912 2975 spe
930 2909 1068 2970 victoriae,
1088 2923 1149 2958 enm
1166 2908 1242 2959 Deua
1260 2919 1315 2957 non
1332 2905 1545 2968 andelahense,
1564 2911 1602 2954 at·

321 3004 373 3055 qua
391 2988 480 3041 hostis
500 2991 598 3043 animis
616 2995 643 3042 et
661 2992 796 3043 industria
814 2992 928 3043 militari
946 2994 983 3044 sil
1000 2993 1119 3045 inferior.
1134 2991 1243 3043 additur
1262 2989 1343 3058 [quod
1358 2993 1429 3057 apud
1445 2991 1566 3042 Bronten
1581 2995 1604 3040 et

322 3075 467 3126 dadastam
490 3079 564 3141 qenai
580 3082 681 3141 portem
705 3080 863 3142 superdomuit
892 3080 1058 3143 capitulorum
1082 3079 1198 3142 faceret,
1226 3077 1281 3130 aine
1307 3079 1502 3142 premonitione
1534 3076 1604 3126 addi·

320 3165 369 3212 luae
386 3155 477 3230 eat]:)
914 3155 917 3160 '
1612 3161 1634 3202 Ι)

757 3251 793 3308 lie
813 3251 957 3308 itineribus
979 3249 1166 3326 expeditionis.

405 3334 556 3408 Imperator
578 3353 628 3412 per
650 3335 718 3393 viam
740 3336 863 3411 Ungarim
885 3353 945 3394 cum
967 3337 1040 3410 ilcge
1062 3335 1182 3393 Poloniae
1210 3342 1238 3392 et
1265 3334 1434 3394 electoribus·
1458 3353 1521 3392 cum
1544 3352 1627 3410 gen.

322 3419 395 3476 tibus
418 3419 569 3483 Germanis.
591 3417 812 3484 Lantzlrneehtis,
834 3421 953 3498 boemis.
977 3420 1105 3495 Ungaris,
1132 3419 1261 3484 Polonis,
1289 3421 1380 3484 bacis.
1407 3419 1542 3478 militibus
1565 3437 1606 3476 or-

321 3505 393 3564 dinis
409 3505 630 3569 Teutonioorum.
646 3507 820 3582 septuaginta
834 3502 955 3563 millibus
970 3513 1145 3567 armatorum.
1161 3503 1266 3564 scilicet
1280 3505 1401 3580 equitnm
1417 3505 1512 3579 uiginti
1528 3504 1607 3562 milii·

320 3589 385 3654 bus.
407 3598 436 3646 ot
456 3590 577 3665 peditum
589 3591 797 3667 'quinquaginta
818 3590 938 3648 millibus
960 3592 988 3647 in
1009 3591 1160 3648 ordinantia
1175 3598 1204 3647 et
1218 3591 1287 3648 bona
1302 3591 1382 3665 copia
1397 3595 1635 3648 tormentorum.³⁵

403 3673 459 3733 lien
480 3675 599 3734 Francia
620 3677 760 3750 perviam
782 3676 845 3733 llori
867 3674 928 3732 iulii
950 3693 1010 3737 oum
1034 3674 1131 3740 Gallis.
1160 3673 1263 3740 Sociis,
1292 3675 1439 3740 Svizzeris,
1462 3674 1605 3732 bothariu·

320 3761 377 3834 gis‚
401 3759 641 3824 Sabandionsibus,
671 3746 795 3826 Venelli,
825 3759 1007 3825 Florentinis,
1037 3759 1215 3824 senensibus,
1242 3759 1521 3823 lucensibus..oum
1545 3777 1608 3834 qua·

387 3943 419 3978 ¹⁸¹
437 3942 547 4012 adium]
567 3944 698 3995 ediuncte
708 3947 734 3996 2.
743 3948 769 3995 3.
804 3941 933 3996 'abund
947 3945 1038 3996 1.2.3.
1048 3947 1072 3996 5.
1118 3938 1306 4010 'animosus
1322 3943 1380 4008 ing.
1393 3945 1419 3992 2.
1428 3945 1487 3994 M.
1531 3939 1607 3992 ¹ab·

319 4027 415 4080 istad.
462 4029 762 4095 ¹uirt.doniq.2.3.5.
809 4027 903 4092 ¹lide,
922 4032 948 4081 2.
981 4042 1034 4079 noe
1046 4025 1216 4094 pulcherimo
1229 4030 1255 4078 3.
1291 4025 1365 4077 ¹doi
1382 4041 1431 4078 ora.
1444 4029 1469 4078 1.
1510 4025 1534 4061 ¹⁰
1552 4027 1608 4091 qni·

228 4153 230 4158 .
305 4107 439 4177 'demut
451 4117 474 4166 1.
532 4111 551 4147 ¹¹
569 4117 799 4166 vorooaa.2.3.5.
836 4109 889 4148 ¹¹¹¹
907 4128 1091 4164 commeons.
1110 4115 1228 4184 otom.5.
1263 4107 1330 4144 ¹⁸¹⁰
1348 4109 1608 4177 adsoq....eempit

319 4202 403 4249 oriali¹
438 4196 460 4230 ¹¹
479 4197 644 4265 acquirendi
656 4202 682 4249 2.
716 4196 935 4267 nem].Non‚5.
971 4195 993 4231 ¹⁴
1009 4191 1154 4250 virtule'el
1168 4211 1215 4248 om.
1228 4199 1254 4246 2.
1289 4195 1547 4256 hominnmelvirt.
1561 4195 1608 4246 mi·

318 4281 397 4332 litum
410 4287 436 4334 3.
477 4281 498 4316 ¹¹
516 4283 593 4335 velet
606 4287 631 4334 ³.
652 4339 655 4343 ,
679 4282 699 4317 ¹¹
716 4288 747 4334 ui
763 4284 830 4336 vici.
846 4284 908 4336 nob.
919 4283 970 4347 sii,
989 4283 1067 4334 modo
1077 4281 1113 4334 l).
1126 4298 1152 4348 p.
1163 4297 1190 4332 n.
1201 4281 1228 4330 b.
1239 4280 1320 4346 edm..
1336 4295 1390 4348 pro
1404 4285 1427 4332 l.
1474 4279 1496 4314 ¹¹
1512 4296 1569 4332 nec

318 4365 497 4417 virorumom.
510 4373 535 4421 5.
572 4368 791 4419 charissimorum
805 4371 829 4420 5.
879 4366 932 4401 ¹⁷·¹¹
950 4372 1114 4419 snor.om.5.
1166 4365 1376 4418 ”nonnoso
1390 4401 1417 4415 ...
1431 4364 1536 4416 sublati
1550 4365 1608 4415 lne-

319 4455 471 4501 rnntomdt.
506 4449 529 4484 ²²
546 4452 720 4504 fuerint2.3.
761 4457 896 4522 cunilam
914 4468 953 4519 gr.
968 4455 992 4504 t.
1038 4452 1090 4504 hoe
1108 4452 1282 4504 sanctissimo
1301 4449 1472 4503 bellnam.
1521 4447 1608 4500 ¹⁸·Pr.

319 4531 460 4601 transies]
473 4523 620 4590 liethalera'm
637 4539 674 4588 ad
685 4539 762 4590 Pauli
770 4544 801 4588 11.
813 4554 854 4604 ep.
868 4540 903 4590 nd
916 4538 1012 4590 Gorur.
1026 4540 1067 4587 17.
1087 4538 1144 4589 Non
1162 4537 1254 4588 hubent
1272 4539 1351 4588 1.².5.
1369 4541 1398 4586 nt
1413 4536 1550 4601 nequeam
1560 4549 1609 4584 aon

319 4621 412 4672 hebent
429 4626 456 4670 A.
469 4625 526 4672 1.5.
539 4637 619 4688 neque
636 4639 668 4674 ea
685 4625 799 4676 indicato
810 4627 869 4674 sual
885 4626 910 4674 in
927 4625 1063 4688 principio.
1104 4621 1127 4655 ¹²
1144 4621 1362 4689 Hungariaadd.
1397 4618 1609 4670 ”beelthee-

319 4704 374 4772 lbie
394 4710 419 4758 3.
454 4707 653 4774 Hungundd.
688 4707 888 4780 notamina.
924 4708 1052 4760 nautea.
1090 4705 1113 4741 ⁸¹
1131 4706 1267 4759 Theoti.
1315 4705 1509 4776 xxviima!
1527 4707 1609 4755 aiolo

318 4807 376 4860 sqq.
390 4807 546 4844 umerorum
561 4793 644 4858 sipha.
689 4790 711 4825 ¹¹
728 4791 824 4856 Liui·
859 4791 956 4844 Friaul.
975 4791 1136 4847 Suisorisd.
1171 4789 1332 4842 buinarial.
1363 4779 1513 4856 ¹liotoring·
1528 4791 1591 4843 aa.
