3410 5524
323 389 370 460 86
459 417 581 462 ιινττιιιι
601 417 629 452 ιιι
648 379 741 452 ovcuu
759 413 1036 451 wrornrrreaouaarrt
1055 414 1158 450 enarro
1175 413 1203 450 v.
1225 412 1254 447 ιι.
1269 412 1328 448 aar.
1342 395 1376 462 (i)
1388 409 1416 451 Δ.
1429 405 1489 448 tata.

321 593 356 635 ac
377 574 517 634 attonitos
538 571 677 640 liaberet,
701 570 774 646 adeo
795 576 829 630 ut
849 586 936 632 nemo
957 587 1017 630 nou
1032 568 1182 639 crederet,
1205 567 1308 632 ubiubi
1322 569 1488 636 maasiam.
1512 569 1602 628 omnia
1684 571 1685 576 ’

321 674 405 739 tacite
428 682 640 754 perrupturum
664 691 747 742 eum,
771 672 865 752 qnod,
889 673 1025 754 iuquam,
1048 671 1296 734 mellentisaimus
1314 689 1351 732 ac
1364 670 1603 732 insolentissimus

320 781 378 838 iam
400 783 463 838 tum
485 775 535 837 ille
557 795 623 836 curn
647 783 738 845 esset,
763 777 802 836 ita
824 761 1050 836 occurrentibus
1072 773 1158 834 uobis
1179 773 1348 844 imbecillis,
1377 774 1416 834 ita
1444 773 1558 834 dactus
1578 781 1602 832 et

321 881 472 940 conlectus
494 879 645 957 apparuit,
670 885 702 940 ιιι
724 883 842 938 omnem
865 879 1018 940 confestim
1041 893 1124 938 suam
1147 877 1220 945 vim,
1249 875 1374 936 aliorum
1395 893 1482 955 opem
1505 875 1602 954 despe-

319 998 404 1050 rans,
428 998 488 1040 non
511 982 572 1039 riso
594 979 693 1048 hoste,
717 996 777 1040 nou
800 979 915 1050 audito,
939 985 1034 1040 tactus
1054 979 1259 1048 couscientia„
1272 977 1444 1056 profligatus
1458 976 1622 1038 seelerurnt

321 1101 442 1150 suorum
464 1082 680 1151 recordatione,
703 1081 875 1160 profugeret
896 1099 931 1142 ac
952 1080 1148 1150 dilaberetur,
1172 1082 1261 1141 immo
1284 1085 1471 1140 evanesceret
1492 1097 1529 1140 ao
1550 1079 1602 1140 dis·

263 1200 308 1250 eo.
320 1179 457 1262 parerctl
480 1185 563 1260 dgito
585 1191 682 1244 autern
706 1201 770 1262 quae
792 1183 846 1246 luit
868 1201 935 1244 euru
957 1183 1020 1262 ipse
1042 1184 1072 1243 in
1094 1183 1223 1268 bavaros
1245 1181 1463 1262 expeditionem
1485 1180 1602 1242 duceret

320 1287 398 1346 aeris
419 1284 614 1355 turbulentia,
638 1303 703 1364 quae
726 1283 787 1345 eall
809 1286 1015 1362 intemperies,
1038 1282 1151 1345 itineris
1173 1281 1305 1374 ineditos,i
1329 1301 1395 1362 qua
1417 1300 1543 1344 annonae
1558 1301 1602 1343 oa·

320 1391 406 1457 ritae,
430 1388 522 1448 violare
544 1387 660 1465 iuopia?
682 1393 790 1466 quanta
812 1386 921 1466 ubique
943 1386 1184 1448 incommoditas?
1206 1384 1291 1446 uobis
1314 1391 1416 1445 eontra
1437 1384 1543 1446 eodem
1558 1383 1603 1444 illo
1686 1385 1687 1396 ¹

290 1487 294 1501 ”
320 1497 477 1570 tempore,¹
493 1496 524 1549 ut
552 1489 698 1548 iurantem
728 1490 791 1553 eins
819 1491 962 1568 impetum
990 1503 1175 1548 moraremur
1208 1487 1351 1565 expeditis
1378 1504 1468 1564 quam
1496 1489 1629 1548 amicuso

321 1609 389 1664 aer,
411 1609 499 1669 quam
523 1589 664 1651 lanriliare
688 1589 791 1650 calum
814 1597 843 1650 et
865 1591 1053 1651 counradum
1074 1589 1148 1650 lteri
1178 1595 1287 1668 quanta
1310 1595 1492 1650 commeatus
1513 1591 1601 1667 copia,

253 1707 449 1758 §.anemonae
470 1692 581 1754 vilitas?
610 1709 698 1769 qrrarn
715 1709 776 1771 pro
798 1697 865 1752 roto
888 1692 996 1772 ubique
1017 1693 1133 1752 omnia?
1160 1691 1331 1770 impeditum
1356 1689 1437 1752 illum
1465 1693 1602 1752 immensa

322 1813 464 1872 aquarum
487 1793 544 1862 ris,
568 1793 752 1854 intolerabile
775 1793 884 1869 lrigus,
907 1795 964 1854 iter
987 1809 1153 1863 caenosum,
1176 1795 1256 1854 venti
1277 1799 1309 1854 ut
1331 1794 1376 1853 vir
1393 1811 1523 1872 unquam
1537 1811 1602 1853 con·
1687 1847 1688 1870 ,

322 1897 400 1957 citati
427 1895 605 1956 reddebant:
635 1896 680 1956 vix
704 1896 851 1974 proficisci
873 1896 1002 1972 pedites,
1026 1897 1179 1972 aegorrbne
1208 1897 1335 1975 equites,
1364 1896 1464 1956 murus
1485 1869 1602 1974 imperd-
1687 1883 1688 1944 Ῐ

321 2003 419 2058 menta
442 1996 517 2057 nobi
540 2003 692 2075 poteraut;
716 2013 783 2058 nam
806 1997 971 2068 nraclriuas,
1001 1999 1203 2078 imprimisque
1226 1997 1404 2058 bombardas
1426 2013 1488 2058 uon
1511 1999 1630 2075 capia-¹⁵

320 2096 372 2158 bat
392 2099 455 2168 via:
479 2107 673 2160 commeatum
697 2097 859 2160 advehebat
880 2117 984 2160 nemo:
1008 2100 1149 2162 adversus
1171 2100 1270 2162 omnia
1292 2097 1389 2159 imber
1412 2105 1440 2158 et
1459 2099 1489 2159 in
1505 2099 1603 2160 taciem

322 2219 470 2261 conversa
493 2201 654 2278 grandines
675 2199 889 2279 percellebant;
912 2201 1070 2281 torpebant
1091 2193 1225 2264 euntium
1248 2199 1380 2261 membra
1403 2217 1438 2259 ac
1461 2201 1546 2261 uerri
1566 2201 1605 2259 u'-

252 2301 442 2381 ntugebaut:
471 2304 501 2362 iu
524 2301 626 2363 oculos
648 2302 816 2364 animalium
839 2303 990 2365 serebatur
1012 2305 1193 2384 tempestatis
1223 2304 1265 2362 vis
1294 2303 1446 2362 universa:
1482 2302 1603 2381 denique
1688 2361 1689 2364 ,

320 2407 401 2482 prius
424 2423 490 2465 cunr
514 2410 618 2464 natura
641 2403 711 2464 ridit
733 2403 845 2465 bellum
867 2423 931 2466 esse
954 2405 1025 2476 sibi,
1057 2423 1146 2484 quatu
1175 2411 1243 2466 culn
1272 2421 1307 2465 eo
1336 2420 1426 2482 quem
1447 2403 1604 2483 impetebat
1688 2399 1689 2414 ¹

318 2505 427 2582 hostes
440 2505 537 2584 itaquo
559 2506 666 2566 dixisse
688 2507 804 2576 lerunt,
827 2525 894 2567 cum
918 2509 1026 2577 exiret,
1050 2507 1172 2568 adversa
1187 2525 1218 2570 se
1233 2506 1344 2568 babere
1360 2508 1474 2575 omnia,
1497 2509 1631 2567 iterumn

318 2615 415 2668 umen
439 2610 521 2688 quasi
544 2609 633 2668 invito
662 2608 718 2669 deo
746 2617 860 2686 posset:
893 2617 922 2670 et
949 2609 1027 2673 ibat:
1055 2627 1110 2670 nec
1137 2609 1206 2670 tlunr
1235 2611 1313 2669 enim
1341 2624 1501 2688 supernam
1530 2607 1602 2668 illam

318 2717 445 2771 merrtem
466 2717 567 2772 nostra
590 2716 723 2772 moverat
744 2711 897 2775 industria.
936 2711 987 2790 qni
1009 2726 1077 2772 cunr
1099 2729 1180 2772 arma
1197 2727 1370 2790 caperemus
1383 2709 1516 2771 medium
1532 2708 1604 2772 illius

316 2813 458 2889 impetum
481 2827 657 2889 epracunque
678 2814 735 2873 iter
758 2818 834 2874 essct
857 2813 1001 2882 invasuri,
1025 2831 1090 2892 quae
1112 2819 1234 2892 repente
1249 2811 1439 2872 commutatio
1453 2812 1530 2872 lacta
1545 2811 1604 2872 est?

319 2919 427 2990 quauta
449 2931 504 2991 pro
527 2911 576 2972 illo
599 2915 753 2974 confestim
777 2913 878 2974 nubilo
902 2915 1046 2976 serenitas
1067 2915 1207 2975 inducta?
1229 2931 1294 2993 qum
1316 2915 1392 2974 aeris
1410 2913 1535 2992 celique
1550 2912 1603 2974 ele

318 3015 425 3076 mentia
448 3012 582 3074 adlulsitl
605 3023 636 3075 ut
658 3023 781 3092 repente
803 3017 916 3078 viariam
939 3023 1026 3096 putre
1043 3017 1186 3087 constitit,
1209 3016 1253 3077 sel
1268 3017 1402 3084 emersit,
1427 3016 1507 3078 renti
1522 3017 1631 3094 quic-²⁵

319 3134 401 3186 rere,
425 3115 523 3206 nullus
545 3115 654 3186 imber,
680 3116 758 3178 nulla
781 3118 927 3196 procella,
956 3118 1035 3180 nulla
1058 3125 1212 3182 ventorum
1235 3118 1341 3178 iniuria
1363 3117 1530 3198 superfuit?
1553 3135 1603 3179 un·

320 3218 407 3297 dique
430 3219 582 3287 frumenti,
608 3219 737 3298 undique
759 3221 816 3280 viui
840 3222 923 3298 copia
947 3237 979 3282 se
1002 3220 1097 3282 dediti
1126 3219 1252 3298 denique
1281 3237 1383 3281 rerum
1406 3235 1473 3297 quae
1495 3218 1604 3283 bellum

249 3331 308 3386 ott.
318 3320 489 3399 gerentibus
512 3323 606 3400 optari
629 3328 764 3399 possunt,
789 3324 919 3382 omnium
943 3320 1065 3382 lacultas
1093 3339 1205 3383 summa
1235 3328 1264 3383 et
1291 3321 1418 3384 allatiml
1450 3339 1518 3400 quae
1540 3339 1603 3382 cum

316 3423 373 3482 iam
397 3425 563 3483 communia
586 3423 627 3483 illi
650 3421 804 3486 uobiscum
828 3430 940 3494 essent,
970 3441 1036 3502 quae
1063 3425 1117 3484 luit
1148 3423 1238 3485 altera
1267 3423 1315 3486 dei
1337 3423 1445 3484 facturn
1467 3439 1603 3501 compro·

316 3523 412 3585 bontis
441 3531 574 3586 nostrum
601 3525 781 3603 benignitas,
816 3524 853 3591 ab
881 3525 1020 3586 llelrotiis
1049 3525 1145 3587 subito
1173 3525 1308 3586 desertus
1337 3531 1389 3586 est.
1438 3523 1524 3598 Quod
1551 3526 1632 3586 etsie

316 3644 495 3705 magnopere
518 3626 596 3687 haud
619 3626 811 3706 eripiebamus
833 3645 902 3696 nos,
925 3635 958 3688 ut
980 3627 1088 3706 quibus
1110 3629 1217 3689 veteris
1239 3628 1390 3690 cuiusdam
1409 3626 1604 3706 persequendi

317 3715 376 3790 odii
399 3729 486 3789 ardor
509 3737 586 3796 crat,
615 3728 699 3790 illum
726 3735 825 3790 tamen
853 3729 1013 3808 desperare
1040 3731 1138 3808 coegit
1159 3747 1193 3790 ac
1214 3735 1296 3791 retro
1319 3730 1427 3807 pedem
1454 3729 1548 3799 terre,
1578 3735 1605 3788 et

248 3843 375 3909 tuaque
398 3832 495 3890 miuus
517 3839 678 3909 pugnatum
702 3832 738 3892 sit
761 3851 847 3892 cansa
871 3833 938 3892 luit:
962 3833 1056 3908 potuit
1079 3831 1197 3910 quidern
1220 3849 1272 3892 suu
1288 3833 1381 3902 tueri,
1405 3837 1434 3892 et
1448 3830 1603 3909 impeditos

315 3932 452 3993 invadere
475 3934 569 4011 potuit
592 3953 625 3992 ac
648 3953 664 3993 e
687 3927 900 3994 ιιιιιιιιιίοιιιιιιιεΙ
920 3932 1081 4013 probibere
1102 3933 1318 4013 ingredientes,
1341 3939 1537 3994 commeatum
1560 3934 1603 3992 iu·

316 4039 492 4103 terrcrtere,
522 4053 639 4094 omnent
670 4034 779 4114 ubique
809 4038 1058 4114 opportunitatem
1087 4037 1264 4114 praecipere,
1293 4035 1345 4098 sed
1373 4033 1632 4114 recognoscebant

315 4136 373 4194 iarn
396 4141 457 4195 tum
480 4154 512 4196 se
535 4135 668 4196 corisulta
691 4135 885 4206 conscientia,
909 4145 939 4198 et
966 4155 1001 4198 ex
1024 4138 1116 4197 atroci
1139 4137 1237 4198 subito
1260 4136 1359 4200 calore
1386 4135 1514 4206 reiririt,
1546 4138 1601 4196 vim

288 4235 457 4318 perdidit,
488 4239 617 4298 animum
640 4237 750 4306 amisit,
778 4237 915 4298 fiduciam
938 4240 1050 4315 posuit,
1066 4219 1161 4317 ¹spem
1188 4239 1308 4328 abierit:
1332 4237 1486 4300 deiecerat
1506 4237 1546 4298 ab
1567 4257 1602 4297 eo

317 4338 465 4398 temeritas
486 4353 554 4408 sua,
583 4325 653 4398 auus
679 4339 763 4400 iuror
786 4339 972 4406 deseruerat:
990 4347 1079 4402 -tanta
1106 4348 1152 4401 est
1180 4341 1313 4420 proiecto
1343 4341 1529 4402 conscientia
1548 4340 1601 4410 ris,

346 4533 687 4624 ‘postvimttoddotinm
713 4557 945 4615 ,¹⁷conversnt.2.
981 4559 1237 4627 ”modulamen
1252 4561 1599 4614 ttttucexercttumeorrn.

312 4643 440 4711 ³⁰⁴Helu]
455 4643 576 4696 Suizeris
593 4660 663 4698 corr.
676 4652 705 4694 Η.
729 4647 855 4697 bixeuute
869 4646 971 4697 Martio
986 4663 1010 4696 a.
1027 4646 1100 4698 1519.
1123 4646 1247 4698 Helvetii
1267 4645 1397 4722 conducti
1414 4645 1508 4698 ducem
1521 4648 1598 4700 dese·

272 4803 276 4810 '
312 4746 391 4784 ruere
405 4734 471 4794 „nic
489 4729 581 4782 tusend
602 4728 711 4794 Tdtfed’.
732 4730 774 4780 Cf.
790 4731 870 4794 Heyd
885 4731 907 4780 1.
926 4747 952 4796 p.
966 4733 1025 4782 542.
1042 4747 1083 4797 sq.
1098 4737 1126 4782 et
1143 4747 1227 4798 snpra
1243 4731 1298 4782 vol.
1312 4733 1336 4784 1.
1353 4748 1380 4798 p.
1394 4729 1452 4785 aot.
1464 4733 1488 4794 ξ.
1502 4732 1524 4782 l.
