3444 5518
341 391 414 464 362
435 423 538 460 ORATIO
552 421 720 461 ΟΟΙΒΤΑΝῊῙ
733 423 836 460 mvn
850 423 1007 460 ΙΟΠΜἹΙῙ
1021 423 1056 459 BR
1070 421 1191 461 VIH'V'N
1204 422 1330 460 cmvii!
1342 424 1376 460 H
1389 423 1485 460 num
1497 425 1621 462 uoltu·

341 584 412 642 servi
434 576 590 646 bominum,
616 577 667 657 qui
690 599 741 639 nus
764 600 779 640 a
801 581 900 638 Christi
924 583 1057 640 servitute
1079 581 1195 640 avellere
1217 591 1365 641 conantur:
1388 582 1452 658 plus
1479 585 1531 643 deo
1552 603 1621 659 quan

270 668 495 729 §.abominibus
516 667 654 726 debemus.
690 667 811 741 Exurge,
834 666 957 730 domine,
980 668 1067 732 iudica
1090 684 1199 728 causam
1221 672 1311 726 tuam:
1333 679 1461 743 psalmes
1484 671 1525 727 tui
1545 687 1622 726 reces-

339 762 435 812 serunt
456 772 472 811 a
495 759 538 817 te,
568 770 632 810 oves
660 769 768 827 pascuae
790 761 844 809 tuae
866 752 987 826 captivas
1008 753 1120 810 ducunt.
1165 769 1275 810 eremus
1305 755 1391 827 igitur
1412 771 1511 812 omnes
1531 755 1561 811 aii
1579 755 1622 811 io·

338 839 440 895 minum
461 839 540 895 deum
563 846 702 900 nostrum,
731 838 777 911 qui
800 853 855 893 non
877 835 990 911 reliquit
1012 846 1154 912 sperantes
1176 838 1202 894 in
1226 855 1270 900 se.
1292 845 1323 894 ut
1337 837 1392 895 Leo
1408 837 1455 895 ille
1470 840 1620 914 rugiensin

337 939 436 998 agnum
459 930 635 980 convertetur
656 921 918 986 mansuetissimum,
946 921 1081 979 leoninam
1103 930 1185 979 exuat
1205 923 1305 997 pellem
1326 930 1356 979 et
1376 924 1512 986 ammam.
1539 923 1640 982 induiti

337 1023 436 1064 novum
459 1008 608 1070 bominem.
633 1023 693 1063 sese
716 1015 906 1080 recognoscet.
943 1005 1035 1064 audiat
1056 1015 1224 1064 servatorem
1246 1014 1371 1064 rosinam
1395 1007 1528 1082 ‘Regnum
1541 1025 1619 1065 meum

338 1100 401 1148 ‘non
425 1100 468 1148 est
489 1093 523 1149 de
545 1092 596 1149 hoc
612 1092 736 1155 mundo:
758 1091 805 1148 det
819 1090 917 1150 Caesari
933 1091 1006 1164 quod
1021 1091 1134 1150 Caesaris
1150 1099 1206 1156 est,
1234 1091 1286 1149 deo
1303 1092 1376 1166 quod
1391 1093 1434 1150 dei
1450 1102 1508 1157 est:
1530 1093 1619 1150 animas

337 1184 441 1252 pascat,
465 1193 529 1234 oves
544 1185 668 1234 errantes
683 1177 802 1240 reducat,
826 1183 979 1232 revertatur
992 1176 1026 1233 ad
1040 1175 1178 1232 dominum
1200 1176 1280 1234 deum
1296 1193 1383 1241 suum.
1406 1185 1438 1233 ut
1451 1195 1485 1234 ex
1501 1177 1619 1252 operibus

337 1263 395 1318 suis
417 1260 601 1335 glorificemus
623 1268 727 1336 patrem
751 1261 797 1336 qui
821 1260 848 1316 in
869 1259 946 1317 coelis
968 1268 1025 1325 est,
1049 1261 1095 1334 qui
1118 1277 1172 1316 nou
1195 1259 1253 1317 vult
1267 1268 1384 1318 mortem
1399 1263 1557 1335 peccatoris,
1577 1261 1617 1317 sed

337 1355 368 1403 ut
388 1355 565 1404 convertatur
585 1354 613 1403 et
635 1348 718 1411 rivat;
740 1345 786 1402 det
808 1345 832 1402 ei
855 1343 964 1401 anulum
980 1344 1056 1408 fidei,
1079 1345 1265 1402 indumentum
1281 1347 1415 1420 nuptiale,
1438 1355 1643 1422 prmparetquerr

337 1431 420 1506 pedes
442 1432 475 1487 ad
496 1431 735 1506 evangelizandum
756 1438 859 1487 aeterua
881 1429 951 1486 bona
972 1436 1001 1486 et
1022 1445 1130 1504 pacem:
1153 1430 1273 1488 medicus
1288 1439 1390 1506 presto
1405 1439 1463 1495 est,
1486 1431 1617 1488 necdecst

340 1513 429 1573 resina
451 1517 479 1574 in
501 1514 615 1573 Galaad:
644 1532 755 1574 errores
782 1531 848 1572 suos
877 1514 1092 1588 tirannidemque
1120 1515 1205 1572 sacris
1227 1513 1328 1571 litteris
1350 1515 1419 1572 male
1441 1515 1617 1590 interpretatis
1639 1536 1642 1544 ·

339 1602 507 1672 communire
521 1609 625 1665 cesset;
647 1602 788 1658 veritatem
804 1589 908 1662 audian
930 1599 1037 1661 doctos,
1059 1599 1215 1662 honestos·
1230 1615 1290 1656 rere
1305 1599 1473 1658 Christianos
1488 1599 1615 1661 ambabus

267 1699 326 1750 §.rt
339 1693 370 1741 ut
391 1687 482 1748 aiunt,
505 1685 628 1742 manibus
651 1685 838 1760 amplectetur.
875 1681 952 1750 Quod
976 1685 998 1739 si
1022 1682 1130 1746 iecerit.
1153 1684 1277 1742 insontes
1299 1685 1489 1742 condemnabit
1511 1685 1616 1745 minime,

220 1801 225 1808 -
336 1785 387 1826 nec
407 1779 538 1828 nocentes
558 1769 693 1830 liberabit.
730 1769 753 1826 si
775 1783 840 1826 vero
862 1768 951 1825 iacere
966 1769 1144 1832 recusaverit,
1167 1785 1339 1843 nequaquem
1354 1769 1495 1832 audiatur.
1517 1769 1643 1842 scopo-a

337 1855 392 1912 tius
414 1854 574 1928 proiiciatur
596 1872 611 1912 a
633 1855 751 1912 bdelium
773 1852 931 1916 consortio,
959 1853 1047 1910 donec
1068 1854 1230 1928 resipuerit,
1257 1863 1287 1910 et
1307 1849 1433 1912 tradetur
1454 1853 1615 1912 Satbannin

337 1939 476 1996 interitum
499 1939 602 2004 carnia,
625 1947 656 1997 ut
678 1939 793 2014 spiritus
816 1936 907 1995 salvus
928 1937 987 2000 irat,
1010 1946 1157 2012 vestroque
1178 1937 1292 2001 anxilio.
1317 1956 1333 1995 o
1355 1955 1403 1995 ros
1425 1939 1569 2013 principes.
1588 1935 1617 1992 ab

336 2021 380 2079 his
408 2023 559 2080 liberemur
586 2023 678 2087 malis.
714 2031 745 2080 ut
771 2023 824 2080 deo
851 2021 1032 2096 omnipotenti
1062 2023 1089 2079 in
1117 2023 1250 2080 charitate
1276 2022 1337 2080 lesu
1358 2023 1475 2086 Christi,
1509 2023 1536 2078 in
1563 2037 1616 2078 rere

336 2125 403 2182 pace
426 2109 590 2171 serviamus,
616 2108 762 2183 Evangelio
785 2115 942 2164 renascente
971 2104 1134 2182 simulatque
1156 2107 1279 2165 doctrina
1300 2124 1380 2174 sana,
1409 2116 1439 2166 et
1461 2109 1501 2164 sic
1521 2108 1617 2164 deum

338 2198 461 2267 optatum
485 2192 656 2250 obtineamus
678 2193 767 2251 finem.
811 2183 911 2249 Gratia
924 2191 1026 2250 domini
1048 2193 1136 2249 nostri
1158 2192 1220 2250 iesu
1234 2192 1348 2256 Christi.
1370 2192 1415 2250 c'ui
1437 2190 1498 2249 laus
1519 2199 1546 2249 et
1564 2191 1643 2264 qino

337 2277 377 2335 ria
399 2295 450 2351 per
472 2276 575 2336 infinita
598 2278 698 2336 secula.
741 2279 835 2336 Amen.

944 2375 1026 2418 nrxr.
1124 2417 1129 2434 ,

340 2505 497 2577 [Epilogum
515 2512 562 2578 qui
580 2513 704 2578 seqnitur
716 2511 745 2562 in
757 2510 914 2564 nemesimia
927 2509 1033 2560 duabus
1046 2509 1164 2662 paninis³
1185 2509 1356 2562 exhibuimus
1373 2509 1427 2563 rol.
1441 2513 1465 2563 1.
1477 2529 1504 2579 p.
1515 2511 1570 2562 444.
1581 2525 1615 2574 aq.

866 2609 940 2648 num.
952 2593 1090 2646 ccxlm.

407 2764 415 2798 ¹
435 2766 509 2818 servi
526 2762 609 2831 bona]
628 2721 1055 2831 Paul.'ep.1.adGor.V11.23.
1125 2765 1187 2816 aaa.
1202 2781 1245 2830 ap.
1259 2765 1291 2814 V.
1305 2764 1346 2816 29.
1365 2765 1506 2826 „Obedira
1523 2766 1616 2831 oportet

339 2850 764 2916 deomagiequamhominibue.
812 2849 937 2902 ⁰iortnn.
951 2850 1052 2902 xvln.
1066 2849 1108 2900 36.
1155 2848 1384 2902 wiennam.
1398 2850 1501 2902 2l.&c.
1545 2847 1564 2882 ¹²
1579 2863 1613 2898 ra·

339 2932 404 2999 aim]
426 2935 463 2984 ef.
475 2935 572 2994 ierem.
586 2935 663 2987 VIII.
675 2935 717 2988 22.
730 2935 827 2986 XLVI.
843 2933 883 2984 11.
952 2935 1142 3002 interpretatis
1161 2938 1186 2986 1.
1256 2932 1277 2968 ¹⁶
1294 2934 1365 2986 trad.
1427 2931 1529 3000 ulnus]
1544 2931 1615 2984 Pauli

340 3033 382 3084 ep.
395 3017 416 3068 1.
431 3016 468 3067 cd
479 3017 542 3069 Gor.
555 3018 587 3069 V.
600 3019 625 3070 b.
