3464 5526
344 373 388 446 10
482 403 603 438 nvtrttttt
624 404 652 438 ΙΝ
672 403 817 440 vcntcnvrt
835 387 1113 440 wiarasrssdeusuu
1131 404 1234 442 ORATIO
1254 405 1272 442 1.
1297 406 1364 440 EST.
1379 405 1404 442 Δ.
1422 399 1479 444 lilt-

340 560 381 622 ibi
403 566 465 621 tum
487 557 567 620 illum
587 559 637 636 qui
656 558 834 638 sequebatur
855 555 996 621 lamulum
1021 562 1050 620 in
1075 561 1206 622 custodia
1226 561 1366 641 relinquit
1386 565 1533 632 carnilex,
1560 566 1624 642 ipse

341 665 482 724 inermem
503 667 647 730 armatus,
668 663 854 724 inuocantem
876 662 1099 724 nocentissimus
1113 663 1221 724 invadit
1236 664 1325 726 lerro.
1363 665 1507 726 incertum
1523 667 1623 745 dispo·

339 765 429 826 scierit
442 781 478 836 ne
500 763 613 842 aliquos
634 762 738 824 sceleri
757 765 919 835 mirristros:
945 781 1051 840 magua
1073 763 1191 844 quidem
1213 774 1386 844 argumenta
1406 775 1489 838 sunt,
1519 773 1550 829 et
1571 786 1624 828 au·

340 867 407 930 oica
428 866 464 927 ab
487 865 623 944 agricolis
643 884 679 926 ac
701 864 868 944 pastoribus
888 867 966 928 iuxta
989 867 1118 946 operatis
1139 875 1247 928 mutuae
1268 867 1498 940 cohortationes,
1522 889 1558 930 ac
1573 889 1625 928 ro-

340 969 525 1030 cilerantium
547 969 666 1030 sonitus·
680 967 804 1030 alicuius
825 969 996 1048 frequentiae
1024 969 1219 1048 suspicionem
1247 969 1394 1048 praebeam
1424 971 1476 1033 sed
1504 989 1560 1048 ego
1579 987 1644 1031 esa

273 1071 508 1150 §.insuspioione
530 1086 591 1131 non
613 1089 735 1132 accuso:
758 1077 908 1150 utcunque
931 1073 1074 1140 evenerit,
1104 1078 1217 1150 septem
1240 1069 1312 1133 illud
1334 1071 1504 1134 uulneribus
1526 1075 1625 1136 omni·
1729 1065 1730 1074 ’

339 1171 396 1234 bus
417 1171 553 1234 letalibus
575 1173 742 1234 contessum
765 1189 872 1250 corpus
893 1180 1045 1252 repertum
1067 1182 1125 1243 est,
1148 1172 1294 1252 aliquanto
1316 1173 1395 1236 illinc
1408 1177 1502 1254 spatio
1518 1177 1625 1254 capitis

340 1274 557 1343 indumentum,
586 1293 644 1352 quo
666 1275 825 1352 significari
847 1248 933 1336 dafur
954 1282 1091 1336 conatum
1112 1275 1195 1337 illum
1216 1275 1370 1354 desperata
1392 1295 1426 1338 re
1454 1283 1483 1338 et
1510 1275 1626 1355 aliquot

340 1377 398 1438 lam
419 1378 550 1454 acceptis
578 1374 748 1436 vulneribus
777 1376 845 1456 luga
873 1377 928 1438 sibi
957 1374 1121 1438 consulere.
1165 1385 1370 1439 consternatus
1398 1380 1445 1439 cui
1473 1379 1627 1440 insederat

341 1493 434 1557 equus
455 1497 489 1538 ac
511 1475 598 1538 herili
619 1476 743 1540 loedatus
765 1480 908 1556 sanguina
930 1479 965 1541 ad
988 1497 1039 1540 eos
1061 1497 1135 1559 quos
1156 1481 1289 1558 proxime
1304 1479 1455 1542 dimiserat
1469 1479 1519 1542 illc
1535 1480 1574 1542 ab
1590 1499 1623 1542 se
1637 1493 1658 1532 ¹⁰

341 1580 454 1660 equites
474 1578 650 1659 provolavit,
673 1579 760 1642 veluti
782 1599 885 1642 necem
900 1581 1019 1642 domini
1041 1583 1243 1648 nuntiaturum
1265 1599 1320 1642 nec
1341 1583 1481 1662 ea.prlus
1503 1589 1556 1642 aut
1570 1581 1625 1642 ali-

270 1695 272 1700 ·
338 1688 384 1781 ter
406 1683 522 1760 cognita
551 1689 610 1752 est,
640 1681 777 1744 omnibus
805 1685 985 1762 inopinatam
1010 1701 1075 1745 rem
1103 1682 1316 1746 admirantibus
1344 1691 1373 1744 et
1400 1703 1435 1746 ex
1466 1690 1625 1745 cruentato

152 1809 154 1818 r
271 1803 329 1853 sas.
341 1803 416 1862 equo
438 1783 547 1846 caedem
570 1785 732 1863 suspicetis.
776 1785 881 1862 blagua
903 1792 971 1846 sunt
986 1803 1051 1864 quae
1065 1785 1140 1855 dlxi,
1163 1785 1215 1846 sed
1230 1786 1348 1846 vincunt
1363 1805 1397 1848 ea
1413 1804 1478 1866 quae
1492 1804 1625 1865 sequun-

339 1893 402 1946 tur:
425 1885 531 1948 babeat
552 1887 630 1952 enim
652 1887 794 1966 propitios
816 1887 871 1948 sibi
893 1886 980 1956 deos,
1002 1886 1122 1967 impune
1138 1887 1219 1966 ,lerat
1239 1887 1296 1948 boc
1316 1887 1426 1957 scelus,
1450 1889 1560 1949 besua
1576 1907 1626 1950 ac-

339 1996 472 2058 cusetur,
500 1987 730 2050 absolutusboc
753 1986 891 2056 iudicium
913 1995 1012 2060 exeat,
1034 1991 1060 2050 si
1081 1991 1127 2074 in
1208 1991 1215 2004 ‘
1287 1991 1357 2052 satis
1378 1989 1494 2054 habuit:
1516 1993 1551 2052 in
1573 1991 1661 2052 de-rs

338 2090 446 2155 mortui
468 2107 576 2170 corpus
597 2090 773 2153 sariendam
795 2090 891 2154 adhuc
913 2092 1138 2153 immitissimus·
1166 2091 1291 2153 arricida
1312 2091 1409 2164 duxit,
1432 2111 1487 2154 nec
1502 2101 1627 2154 conteu-

339 2200 386 2254 tus
408 2197 452 2254 e‘st
473 2193 515 2252 sic
536 2192 689 2263 occidere,
722 2193 778 2254 nisi
805 2191 931 2272 amplius
957 2195 988 2256 in
1009 2194 1161 2258 vexatione
1183 2196 1297 2257 cruenti
1324 2197 1460 2274 corporis
1481 2212 1544 2254 non
1567 2196 1627 2256 iam
1729 2269 1730 2276 ἶ

338 2295 466 2356 animum
489 2296 621 2364 satiaret,
644 2294 697 2356 sed
720 2293 821 2356 oculos
842 2303 986 2374 pasceret.
1024 2303 1054 2358 et
1074 2297 1153 2376 quod
1174 2297 1305 2358 omnium
1320 2297 1546 2358 admirationem
1562 2299 1627 2356 vin·

246 2405 251 2412 “
338 2398 393 2465 cit,
415 2396 445 2456 in
467 2396 578 2458 scolere
594 2395 828 2467 seclusimus,
852 2399 960 2476 quippe
976 2398 1105 2461 volutum
1120 2417 1154 2460 ac
1169 2397 1347 2469 revolutum,
1370 2407 1403 2459 ut
1417 2397 1627 2468 videre'licuit.

338 2504 488 2560 mortuum
510 2499 703 2576 insanguine
731 2489 892 2582 lapsantem
919 2518 989 2568 suo,
1018 2501 1101 2562 varie
1124 2499 1286 2566 laceratum
1312 2519 1347 2561 ao
1369 2501 1536 2562 divexatum
1559 2500 1661 2561 loroao
1729 2505 1730 2508 ’

271 2589 397 2679 §.acqua
419 2594 585 2661 succinctus
603 2601 716 2670 luerat,
745 2598 820 2661 collo
843 2601 1043 2679 circumligato
1071 2604 1231 2680 suspendit
1276 2603 1355 2682 quod
1382 2603 1542 2664 atrocitatis
1564 2621 1628 2663 suae

339 2700 527 2764 corollarium
549 2703 656 2763 iccirco
678 2701 789 2764 addidit
809 2703 938 2764 nasarius
961 2704 1107 2774 carnifex,
1129 2712 1162 2766 ut
1182 2703 1316 2768 videlicet
1330 2704 1430 2765 inlami
1445 2723 1480 2765 ac
1494 2707 1627 2766 maxime

338 2803 533 2880 ignominioso
548 2803 682 2882 supplicii
704 2821 815 2880 genere
837 2811 952 2866 notaret
975 2806 1060 2866 vitam
1075 2807 1305 2872 innocentissimi
1319 2806 1447 2874 iuvenis;
1471 2805 1560 2866 nobis
1575 2807 1627 2867 de-

340 2904 430 2966 decus
451 2913 650 2984 compararet,
672 2913 803 2968 nostram
827 2898 980 2976 tantiam,
1003 2916 1137 2970 nostrum
1159 2926 1268 2970 nornen
1278 2908 1470 2988 turpitudinis
1484 2909 1628 2986 opinione

339 3006 507 3076 inlamaret;
531 3008 612 3086 quasi
634 3009 672 3095 ita
696 3008 812 3070 vixisset
832 3007 896 3080 ille,
919 3017 951 3070 ut
971 3010 1029 3070 boc
1047 3027 1158 3088 genere
1180 3011 1283 3072 mortis
1305 3011 1426 3072 interire
1446 3002 1662 3073 meteremus

782 3112 808 3174 0
830 3131 937 3190 magne
957 3121 1097 3190 regnator
1115 3112 1212 3184 deum,

582 3211 654 3272 'lam
675 3193 772 3275 letatus
793 3214 876 3276 audis
896 3214 1021 3284 scelera,
1044 3223 1104 3276 tam
1126 3213 1223 3276 lentus
1246 3214 1343 3278 ridesi

581 3312 742 3393 Ecquando
763 3333 838 3377 saeva
861 3315 970 3378 lulmen
993 3315 1108 3377 emines
1129 3317 1235 3378 manui

272 3428 329 3479 tro.
341 3415 412 3477 libet
433 3418 509 3478 enim
532 3434 548 3477 a
570 3416 709 3494 tragoedia
730 3419 858 3480 mutuari
879 3419 1119 3498 hocnunquam
1140 3419 1251 3480 rectius
1274 3425 1456 3495 usurpatum.
1486 3417 1629 3480 Fortasse

313 3519 318 3532 '
338 3535 397 3582 non
419 3517 565 3580 illibenter
586 3518 795 3598 audietisquae
816 3521 1035 3583 insecuta'sunt
1056 3520 1179 3591 cadem,
1202 3519 1439 3599 quandoquidem
1459 3537 1529 3582 cum
1544 3521 1664 3582 caedeao

339 3622 492 3683 coniuncta
515 3627 593 3682 suut.
637 3619 777 3684 Confecto
798 3623 957 3701 parricidio
980 3621 1018 3683 ad
1040 3640 1109 3684 suos
1130 3622 1217 3692 rediit
1238 3623 1369 3683 carnilex
1391 3621 1454 3701 l‘lle
1469 3641 1518 3682 me
1532 3622 1629 3684 inter·

339 3721 431 3801 palla,
454 3721 497 3784 Ne
520 3720 632 3784 vultum
653 3731 749 3794 mum,
772 3725 937 3786 describam
954 3731 982 3786 te
998 3726 1075 3785 enim
1091 3723 1185 3804 qualis
1197 3725 1336 3816 redieris,
1359 3743 1416 3804 qua
1431 3725 1540 3802 specie,
1566 3743 1630 3802 quo

340 3822 475 3904 habitu’),
491 3825 567 3884 truci
582 3833 702 3902 aspectu
717 3826 860 3888 ardebant
876 3825 968 3896 oculi,
984 3826 1112 3906 pallebat
1127 3827 1226 3895 lacios,
1243 3833 1399 3903 corrugata
1414 3826 1506 3896 irone,
1523 3829 1628 3887 stricta

339 3924 509 4004 supercilio,
533 3925 713 4006 obliquatum
736 3936 837 4008 caput,
861 3931 1003 4004 contracti
1026 3929 1156 3998 humeri,
1178 3935 1353 4008 exporrecta
1375 3925 1473 3997 labra;
1503 3926 1629 3990 collide·

340 4026 390 4090 bat
411 4045 477 4088 cum
500 4027 596 4089 souitu
619 4029 735 4100 dentes,
759 4030 927 4102 frendebat,
954 4051 988 4094 ex
1011 4033 1069 4093 imo
1092 4031 1230 4110 pulmone
1252 4029 1455 4110 singultuose
1484 4030 1663 4092 manebus

272 4128 378 4193 §.nab
400 4145 453 4189 ore
474 4146 589 4206 spuma.
627 4147 686 4190 non
708 4132 918 4194 moderabatur
940 4135 1002 4212 ipso
1025 4133 1092 4211 equi
1114 4134 1160 4197 sui
1181 4151 1316 4202 cursum,
1345 4133 1396 4193 sed
1420 4131 1550 4194 remissis
1574 4133 1629 4194 ba·

341 4230 423 4293 benis
447 4229 580 4300 errabat,
604 4232 733 4310 incertus
756 4253 814 4312 quo
837 4236 979 4308 ferretur,
1002 4233 1181 4312 trepidabat,
1205 4232 1361 4311 gestiebam
1385 4231 1459 4293 nibil
1478 4251 1540 4292 uon
1558 4251 1629 4294 san-

341 4332 428 4412 guine
449 4332 692 4404 commaculatum
715 4335 830 4406 aderat;
853 4336 933 4414 quod
954 4335 1126 4433 loqueretur
1148 4353 1207 4396 uon
1228 4335 1373 4406 babebat,
1396 4333 1629 4414 alloquebatur

406 4537 512 4604 'illino
528 4560 558 4604 B.
577 4555 646 4620 hinc·
659 4559 685 4606 2.
743 4555 764 4590 ¹⁴
782 4558 927 4624 propitium
945 4557 999 4607 sibi
1017 4556 1098 4608 deum
1115 4574 1184 4608 corr.
1198 4563 1227 4606 ll.
1280 4557 1354 4608 leret
1371 4556 1424 4606 boc
1443 4558 1468 4606 l.
1496 4553 1517 4606 f.
1535 4559 1628 4606 totum

339 4655 408 4691 corr.
426 4644 455 4688 11.
491 4637 512 4672 ¹⁵
531 4640 632 4691 iudicio
651 4644 680 4703 2.⁴
714 4638 734 4674 ¹⁸
751 4641 962 4693 immanissimus
980 4645 1005 4692 2.
1040 4640 1062 4673 ¹²
1080 4643 1221 4695 ideirco2.
1266 4639 1342 4673 ΜΒ
1360 4639 1628 4705 Senae.·t1ipp01.v.

339 4723 461 4776 ortas
481 4724 504 4775 Ο
523 4742 573 4776 nou
589 4725 664 4776 babet
681 4725 743 4778 Seu.
799 4725 822 4759 ¹⁸
840 4725 1002 4793 Ecquando
1021 4729 1044 4776 1.
1058 4730 1083 4778 2.
