3464 5526
445 1379 661 1456 VLRICHI
697 1381 767 1454 DE
807 1380 1024 1455 HVT'PEN
1061 1437 1063 1444 ,

568 1518 716 1580 Eovtrls
738 1518 903 1569 GERMANI

405 1620 443 1681 tu
470 1619 659 1683 Vtitlcilvtt
686 1618 1065 1682 tht'tENPERGENSElt

568 1737 704 1790 ouurro
727 1737 901 1789 secunus.

79 1921 88 1959 ⁵
174 1911 314 1978 Poteras,
337 1925 402 1988 «puae
418 1916 465 1969 tua
485 1917 529 1969 est
544 1884 711 1976 clementia,
732 1907 1051 1978 Cmsarblaximiliane,
1073 1915 1173 1972 oratus
1190 1908 1226 1968 nb
1242 1907 1298 1968 buc
1315 1927 1376 1978 roo,
1388 1928 1424 1978 §.r

99 2015 119 2071 si
135 2031 195 2072 non
215 2013 250 2072 nd
271 2013 401 2078 reniam,
422 2011 458 2072 ud
475 2011 573 2071 mitius
587 2017 667 2070 certe
683 2006 858 2088 supplicium
876 2009 969 2078 ilecti,
991 2011 1047 2069 nisi
1063 2008 1111 2070 ille
1130 2029 1205 2071 rroro
1226 2017 1254 2071 et
1275 1987 1377 2077 alrnci,

98 2113 165 2192 prob
182 2113 223 2174 dri
235 2111 430 2180 immortales,
454 2110 581 2180 scelere,
604 2110 699 2172 medio
717 2111 774 2171 boc
792 2109 914 2180 iudicio,
938 2113 1012 2172 intre
1028 2110 1126 2189 legum
1146 2131 1181 2172 ac
1199 2113 1271 2172 iuris
1286 2117 1377 2192 septat

98 2217 207 2294 inipso
228 2233 303 2294 pene
326 2215 433 2276 luroris
454 2231 489 2274 ac
511 2211 719 2274 malevolentis
738 2229 801 2273 sure
821 2229 941 2272 carcere
962 2212 1137 2273 ostendisset
1159 2231 1245 2291 quant
1269 2221 1297 2273 te
1320 2227 1378 2272 non

99 2324 219 2384 utetuat,
246 2317 399 2395 quamius
420 2315 523 2392 iasquc
546 2321 726 2382 contemnat,
757 2331 845 2392 quarn
872 2319 986 2374 mutare
1011 2313 1064 2374 bos
1090 2331 1189 2375 mores
1211 2331 1270 2374 nnn
1300 2295 1396 2392 cogi!

74 2424 148 2476 utet:
176 2427 211 2478 ot
232 2419 282 2495 qui
305 2417 335 2476 in
353 2423 486 2497 extremo
506 2433 560 2476 suo
581 2415 729 2494 periculo,
757 2418 786 2476 in
813 2433 930 2476 summo
950 2416 1166 2492 existimationis
1188 2435 1223 2477 ac
1246 2418 1375 2478 tertona·
1392 2435 1438 2487 §.a

15 2531 21 2545 ·
98 2537 159 2580 rum
180 2536 301 2580 suarum
321 2518 488 2578 discrimine
511 2518 639 2584 ferocire
657 2519 786 2582 nonduin
806 2517 933 2586 destitit,
952 2517 1003 2578 sed
1023 2537 1090 2578 curn
1110 2537 1142 2578 ea
1159 2521 1241 2597 prius
1261 2521 1289 2579 in
1308 2519 1380 2580 alios

100 2621 301 2710 commisisset,
324 2636 450 2699 quorum
469 2637 485 2680 n
505 2618 584 2691 nullo
600 2619 695 2682 indice
718 2621 830 2680 reniam
859 2621 1017 2699 impetrare
1040 2619 1158 2688 debuit,
1193 2621 1263 2683 dum
1280 2624 1380 2682 nescio

100 2741 152 2801 quo
173 2721 295 2788 consilio
319 2721 375 2782 boc
395 2721 533 2782 iudicium
557 2720 705 2789 differtur,
729 2739 818 2782 ausus
833 2728 876 2782 est
892 2723 922 2781 in
937 2729 1002 2784 tuas
1023 2724 1274 2802 propinquitates,
1297 2730 1379 2786 tuum

100 2827 265 2904 sangninem
287 2821 471 2887 truculentiae
492 2841 553 2884 suae
573 2823 630 2884 tela
657 2822 793 2884 iaculari.¹
831 2823 974 2886 Omnibus
990 2825 1072 2884 enirn
1088 2827 1195 2904 passim
1215 2827 1379 2887 existimau-

74 2925 172 2988 nunu
204 2932 379 3004 conaturpm
413 2927 515 2994 istum,
551 2931 582 2984 ut
609 2923 715 2985 delicto
749 2927 861 2985 versiam
889 2922 1135 3006 consequeretur,
1168 2927 1255 3004 longe
1278 2935 1379 2988 contra

101 3029 203 3094 euenit,
227 3034 260 3087 ut
275 3028 332 3087 iarn
348 3025 467 3105 planum
489 3027 540 3094 sit,
565 3027 677 3094 veniam
694 3044 760 3104 que
783 3028 892 3104 petenti
914 3045 1031 3106 quoque
1053 3028 1175 3090 coricedi
1194 3031 1312 3091 minime
1331 3031 1380 3091 dc·

101 3127 171 3197 buit,
194 3147 232 3191 ne
253 3130 313 3208 peti
334 3127 466 3207 quidem.
496 3133 525 3188 et
546 3127 682 3188 effectum
705 3115 743 3187 ut
765 3128 988 3189 emendaturum
1014 3130 1102 3190 istoru
1130 3131 1291 3193 institutum
1317 3134 1380 3192 ritae

100 3247 187 3306 genus
207 3247 328 3308 sperare
353 3247 440 3290 nerno
469 3229 569 3307 possit.
613 3227 697 3298 Quod
724 3230 802 3294 enirn
831 3226 961 3290 melioris
985 3230 1123 3293 indicium
1150 3232 1304 3294 voluntatis
1328 3241 1432 3307 antus.

101 3331 173 3409 qood
196 3333 339 3394 immutati
359 3332 447 3394 animi
467 3331 583 3408 siguum
606 3329 725 3409 prelort
746 3331 795 3408 qui
819 3330 876 3391 boc
900 3348 954 3391 suo
984 3337 1043 3392 tam
1073 3335 1164 3393 atroci
1192 3323 1305 3412 uigente
1326 3353 1378 3414 pe-

72 3433 203 3502 oricolo,
230 3441 260 3494 te
282 3433 454 3511 grarimime
475 3432 512 3493 ad
540 3433 689 3510 principes
716 3449 752 3492 ac
777 3430 918 3510 populum
947 3431 1111 3494 Germaniae
1136 3435 1172 3495 de
1199 3437 1262 3496 eius
1286 3439 1380 3516 capite

101 3535 257 3604 referente,
282 3535 465 3603 uxorisne,
495 3532 686 3622 nobilissimae·
705 3551 740 3594 ac
767 3532 962 3612 pudicissimae
985 3533 1124 3603 tremine,
1154 3526 1225 3605 tuae,
1257 3539 1380 3598 invictis-

102 3637 169 3697 sime
189 3637 299 3706 Caesar,
328 3621 423 3716 nepti,
452 3644 569 3704 vesuae,
597 3634 784 3696 illustrissimi
810 3634 930 3704 Bavari,
958 3638 1075 3705 sorori,
1109 3655 1168 3698 non
1192 3640 1382 3702 contumelias

102 3721 155 3796 bno
173 3746 221 3798 aut
242 3741 296 3800 ista
318 3745 427 3817 praeter
449 3737 535 3799 iidem
556 3717 685 3798 omnium
708 3737 872 3806 horrenda,
899 3743 928 3797 et
954 3737 1034 3798 dictu
1063 3757 1180 3817 quoque
1200 3731 1381 3820 pertimesciss

102 3837 179 3908 bilia,
201 3857 265 3920 quas
289 3837 442 3902 decennali
464 3840 676 3902 consuetudine
698 3838 818 3918 pertulit
839 3839 917 3906 hae,
938 3839 988 3900 scd
1013 3857 1115 3900 necent
1139 3843 1303 3912 intentavit;
1326 3863 1382 3906 nee

75 3941 138 4000 uita
160 3959 275 4010 necem,
296 3948 329 4002 ut
347 3943 590 4004 innocentissimae
610 3939 741 4003 mulieris
761 3947 856 4004 morte
879 3948 1034 4004 contentus
1055 3949 1147 4012 esset,
1174 3945 1226 4006 sed
1250 3950 1382 4027 turpissi-

660 4093 810 4104 ιι--ι-ιι

423 4127 466 4178 Ci.
486 4143 540 4194 qus
558 4128 593 4180 ud
612 4132 680 4179 orat.
693 4129 716 4180 Ι,
734 4145 760 4192 p.
779 4126 804 4178 3.
828 4126 962 4178 adnotatu
981 4133 1053 4178 sunt.

870 4194 1181 4210 *ua—n*-

167 4279 330 4332 'Hnttenus
347 4281 420 4332 bunc
438 4282 590 4332 orationem
608 4281 688 4346 quusi
707 4295 741 4330 es
760 4280 788 4329 in
807 4275 909 4330 iudicio
928 4281 1080 4348 principum
1094 4285 1258 4350 praesidente
1272 4287 1383 4339 Caesare

105 4363 127 4414 d.
139 4363 181 4414 20:
192 4365 345 4433 Septembri
365 4381 391 4416 a.
407 4363 481 4418 1516.
499 4367 631 4430 Augustas
654 4363 859 4416 vindelicorum
883 4365 1044 4430 haberetur,
1069 4370 1200 4422 Bononiae
1223 4374 1336 4423 ineunte
1356 4391 1381 4424 n.

107 4449 176 4498 lbl'l.
192 4456 222 4500 nt
238 4450 347 4502 videtur
365 4451 517 4516 conposuit.
548 4451 591 4500 cf.
607 4450 727 4500 Cooblaei
740 4465 783 4515 ep.
798 4451 823 4499 d.
836 4450 878 4500 25.
891 4451 972 4504 biert.
985 4468 1011 4502 a.
1026 4453 1098 4504 1517.
1113 4456 1220 4520 dutum,
1234 4473 1315 4524 supro
1328 4459 1381 4510 sol.

106 4533 124 4582 l.
137 4549 162 4598 p.
179 4532 230 4586 1³2.
245 4535 405 4598 exhibitum,
420 4538 438 4588 i.
452 4537 472 4588 s.
486 4541 514 4587 el
526 4535 725 4586 Pirclrbeimeri
737 4535 823 4585 verbo
836 4534 871 4584 od
890 4541 959 4586 orat.
972 4537 994 4587 1.
1009 4535 1107 4594 relato.
1161 4541 1182 4574 ¹⁰
1200 4579 1206 4605 ,
1223 4543 1268 4607 qni
1283 4547 1306 4592 1.
1326 4544 1383 4593 ‚Ut

106 4619 147 4682 qui
160 4623 188 4668 tl.
237 4617 256 4651 ¹¹
276 4619 415 4670 destiterit
433 4625 455 4670 1.
474 4625 587 4674 comta.
640 4617 661 4652 ¹⁴
680 4618 814 4670 eieeuluri
832 4627 944 4670 cornil.
997 4621 1018 4655 ¹⁵
1037 4632 1220 4692 consequatur
1234 4631 1257 4680 1.
1271 4645 1339 4678 corr.
1353 4634 1382 4680 lt.

105 4701 125 4733 ¹⁶
142 4703 198 4754 .Ut
212 4707 241 4756 il.
292 4702 349 4737 '¹¹¹²
367 4705 548 4757 invictissime
566 4713 591 4756 et
609 4703 786 4755 illustrissimi
804 4705 883 4759 deleo.
896 4707 927 4756 11.
980 4703 1002 4738 ²⁴
1020 4705 1079 4757 baec
1099 4710 1177 4760 deleo.
1191 4718 1220 4761 it.
