3410 5524
106 461 222 495 arrrasr
236 453 272 494 nn
285 457 431 496 ratramnus
442 459 568 494 nnuman
582 459 695 504 nnnnvrr
706 460 805 496 avanto
819 457 961 495 innatam
975 445 1290 511 sanonraronm.(ttttt.)
1315 431 1383 502 lllss

104 614 170 685 lem,
194 613 529 694 quandmpuldemlnira
552 622 649 678 certus
672 612 779 676 limites
802 631 952 683 versarer,
976 633 1031 675 neo
1054 616 1214 678 verendum
1237 617 1383 678 videretur

104 735 138 777 ne
159 718 303 778 inlinitum
326 725 404 778 esset
425 716 603 794 perieulum:
626 721 697 776 tuno
720 718 830 798 qnippe
851 729 928 778 nnus
943 715 1061 796 aliquia,
1085 717 1178 776 sicubi
1192 719 1382 788 ollenderem,

103 819 168 878 mibi
190 819 383 888 irasceretur,
416 824 445 878 et
467 831 633 896 quanquam
661 819 735 880 lorte
764 835 910 888 summus,
944 818 1032 896 borno
1061 810 1159 882 tamen
1185 798 1382 890 irasceretum
1445 829 1448 838 '

103 937 178 980 nuuc
198 917 359 981 multorum
381 915 428 979 illa
451 925 495 980 est
517 920 688 998 indignatio.
719 918 866 990 Quorsum
889 920 969 982 hate?
993 922 1058 999 quia
1075 921 1226 1000 desperavi
1242 923 1280 1002 ita¹
1296 941 1381 1000 posse
1394 934 1450 983 tro

75 1032 118 1082 ta
139 1039 185 1081 me
207 1021 282 1090 diei,
303 1029 337 1081 ut
358 1039 418 1082 non
439 1019 557 1100 aliquod
580 1020 768 1102 vobistdeus
789 1029 922 1098 tangam,
947 1042 981 1084 ex
998 1041 1123 1109 quorum
1140 1023 1255 1085 interim
1273 1026 1384 1103 magni-

102 1123 198 1184 tudine
219 1124 290 1192 erit,
313 1121 516 1201 qualecunque
536 1123 594 1184 hoc
616 1125 760 1194 evenerit,
788 1122 858 1184 boni
882 1123 1053 1193 consulere,
1083 1131 1112 1185 et
1133 1135 1199 1204 (puae
1221 1132 1316 1186 vestra
1340 1133 1384 1188 est

101 1225 271 1303 prudentia,
297 1225 446 1290 communi
472 1223 529 1286 boo
556 1208 654 1303 potius
682 1224 778 1285 dolori
807 1225 974 1287 condonare
1002 1243 1090 1304 quam
1118 1241 1190 1286 mern
1213 1225 1382 1288 adscribere

90 1327 265 1388 ·temeritati.
309 1324 372 1395 Qua
393 1332 537 1405 concepta
559 1343 613 1406 spe
634 1327 828 1388 conlidentius
850 1328 907 1390 iam
930 1344 993 1405 ago.
1038 1325 1096 1387 Sed
1125 1328 1194 1406 qnid
1224 1327 1281 1387 boc
1304 1326 1449 1392 bellota.

101 1429 188 1504 quari
211 1429 318 1506 possit,
342 1444 509 1506 quanquam
533 1429 609 1490 esset
628 1430 656 1490 id
679 1431 818 1506 magnum
840 1429 1074 1515 incitamentum,
1098 1436 1130 1490 ut
1151 1429 1187 1490 ad
1210 1446 1292 1507 spem
1309 1429 1383 1490 lueri

77 1543 253 1597 revocarem,
277 1521 373 1590 'nolim
394 1525 491 1590 talnen
516 1529 573 1590 buo
602 1531 785 1608 potissimum
813 1532 962 1608 respicere
992 1549 1051 1591 vos.
1096 1530 1165 1592 Tria
1189 1535 1289 1600 'certa
1314 1548 1383 1609 *quan

101 1631 205 1692 tuenda
228 1632 349 1692 outnino
371 1639 453 1720 sunt,
477 1631 532 1692 nisi
555 1633 707 1708 ergerius
729 1631 839 1693 bellum
863 1640 891 1692 et
905 1649 981 1692 mon
997 1633 1112 1710 geritlS,
1136 1634 1321 1694 amittentur:
1346 1633 1381 1693 de

102 1731 223 1794 iomanis
245 1731 328 1795 voltis
348 1735 467 1822 restria,
485 1734 528 1794 de
549 1733 704 1811 dignitate,
729 1733 765 1796 de
788 1736 849 1812 ipsa
873 1733 999 1813 denique
1021 1733 1114 1797 salute
1134 1735 1306 1795 certandum
1323 1739 1381 1796 est:

100 1851 223 1911 quorum
239 1837 374 1914 ¹primum
397 1834 468 1895 illud
491 1836 516 1895 si
531 1835 696 1912 negligetis
721 1835 929 1902 calamitatem;
953 1835 1130 1906 seeundum,
1154 1836 1381 1916 turpitudinem3

100 1937 231 2006 tertium,
255 1938 373 2000 exitium
396 1935 523 1996 adterat:
548 1953 619 2015 ergo
642 1939 698 1997 erit
720 1938 778 1998 boe
800 1935 1012 2016 bellomonte,
1037 1939 1103 2015 quia
1118 1939 1160 1999 sie
1175 1937 1265 1998 rebus
1282 1939 1383 1998 restris

76 2037 274 2106 reconsutam
298 2039 374 2098 idem
390 2039 445 2098 erit
466 2038 637 2107 honestum,
662 2041 728 2118 qnia
753 2057 808 2117 pro
831 2037 969 2116 dignitate
986 2039 1093 2099 tuenda
1109 2040 1196 2098 vitam
1212 2041 1379 2118 exponetis:

101 2140 210 2219 eritque
233 2139 553 2218 necessarium,‚quod
576 2142 631 2201 nisi
654 2143 776 2218 geratis,
801 2145 852 2200 vos
874 2157 938 2200 esse
962 2157 1022 2200 non
1044 2139 1187 2218 poteritis.
1234 2140 1291 2200 Sed
1307 2141 1450 2218 palaeae.

101 2241 158 2300 bac
181 2243 280 2301 omnia
303 2243 333 2302 in
356 2259 446 2302 unum
469 2242 688 2318 boetendunt,
719 2249 752 2302 nt
773 2259 893 2302 necesse
915 2241 1030 2308 sithoc
1053 2247 1186 2320 tempore
1209 2260 1290 2304 arata
1313 2259 1383 2308 cort-x

101 2351 141 2404 tra
162 2343 277 2404 ‘laruas
299 2361 431 2412 sumere,
454 2345 497 2404 sic
519 2344 581 2409 lere
605 2345 767 2404 orationem
789 2345 920 2411 instruo,
950 2349 982 2404 nt
1003 2344 1098 2422 primo
1121 2317 1273 2404 ostendam
1296 2361 1383 2422 qnam

100 2446 296 2508 noceswinm
319 2429 435 2529 sithoc
459 2444 581 2514 bellum;
606 2445 712 2509 deinde
735 2463 793 2523 qno
807 2443 941 2504 'consilio
964 2445 994 2504 id
1016 2443 1101 2506 lacile
1124 2447 1187 2523 geri
1210 2445 1382 2506 existimem.

72 2545 135 2606 ulit
156 2553 187 2606 ut
209 2547 248 2608 de
270 2545 394 2625 periculi
416 2545 618 2622 magnitudine
641 2545 720 2624 quod
742 2549 773 2606 in
795 2545 874 2606 illam
891 2563 941 2606 vos
956 2547 1160 2607 necessitatem
1175 2547 1278 2624 adigit,
1303 2548 1384 2624 prius

101 2649 207 2716 dicam,
232 2655 329 2726 potest
351 2646 444 2710 ullum
467 2665 531 2708 ease
553 2650 647 2710 maius
670 2645 848 2726 perieulum,
873 2665 961 2726 qoam
985 2667 1051 2708 cum
1075 2649 1099 2708 is
1122 2651 1171 2728 qui
1188 2650 1241 2707 tria
1258 2650 1382 2708 niaxima

101 2750 192 2810 tribus
215 2749 297 2810 orbis
319 2748 452 2828 partibus
474 2749 597 2829 imperia
620 2750 764 2828 possidet,
783 2751 871 2828 guod
895 2749 980 2809 nobis
1003 2757 1080 2810 terra
1104 2753 1237 2828 marique
1265 2752 1382 2828 linierat,

102 2850 208 2928 bellum
231 2851 370 2912 molituri
393 2869 459 2912 vera
484 2853 643 2920 emunim,
667 2851 831 2929 principes,
862 2853 937 2914 lama
960 2869 1026 2930 quae
1049 2852 1085 2911 de
1107 2852 1270 2913 l¹urcarnm
1294 2871 1382 2931 appa·
1393 2867 1412 2917 t.
1422 2868 1452 2913 ιι.

102 2959 163 3014 ratu
185 2953 351 3022 nuntiatur:
381 2971 448 3016 vera
471 2953 605 3031 inquam,
633 2970 689 3012 neo
711 2951 877 3014 huiuamodi
900 2959 931 3012 ut
953 2971 1019 3015 oum
1043 2953 1179 3016 inanibus
1210 2961 1276 3014 anto
1305 2971 1384 3013 ιιιιιιι-

73 3073 216 3116 amurunt
239 3055 411 3134 pontificum
435 3053 541 3116 iabnlis
562 3054 693 3114 conlerri
714 3053 835 3116 debeat:
858 3071 925 3114 nam
947 3053 990 3114 illi
1011 3055 1125 3132 quoties
1146 3056 1176 3115 in
1193 3061 1320 3114 mentem
1337 3071 1384 3113 ve·

102 3160 188 3219 uisset
210 3157 366 3236 pecuniam
389 3157 575 3218 aGermanis
597 3173 740 3232 erogare,
764 3154 820 3214 hoc
844 3155 999 3234 capiebant
1019 3155 1188 3236 consilium,
1213 3164 1244 3217 ut
1259 3155 1384 3234 aliquem

102 3259 247 3320 mitterent
273 3260 324 3338 qui
345 3275 451 3336 tnaguo
472 3265 589 3318 terrore
610 3257 752 3318 clamaret
769 3258 930 3318 adventare
951 3255 1064 3318 Turcas
1092 3277 1126 3318 ae
1155 3275 1247 3335 prope
1270 3259 1298 3316 in
1322 3259 1384 3334 ipso

102 3361 154 3421 iam
177 3361 261 3422 urbis
283 3367 442 3440 prospectu
465 3361 579 3420 hostem
601 3377 675 3420 esse.
720 3359 752 3419 ld
775 3360 853 3436 quod
876 3376 934 3418 non
957 3359 1048 3420 semel
1073 3358 1179 3419 utiliter
1202 3357 1258 3417 illis
1287 3359 1451 3426 cessitate

103 3471 193 3524 restra
215 3461 316 3542 talpa:
340 3463 408 3541 qnid
432 3463 508 3524 enim
531 3463 609 3540 passi
632 3461 700 3522 eatis
722 3462 908 3524 Germaniam
931 3461 1100 3537 compilarit
1122 3467 1173 3520 aut
1193 3461 1217 3520 si
1233 3460 1319 3520 etiam
1335 3457 1383 3519 re·

75 3581 150 3624 oms
171 3567 275 3626 inisset
301 3563 380 3624 ltalis
407 3562 524 3624 aliunde
551 3571 662 3632 metuo,
694 3562 731 3622 ob
759 3562 786 3621 id
817 3564 846 3622 in
875 3580 929 3622 nos
958 3563 1124 3621 exactiones
1154 3561 1216 3621 lteri
1244 3561 1383 3638 oportuit,

103 3683 173 3744 quos
195 3668 221 3726 ai
243 3667 377 3744 reipsa,
401 3674 434 3726 ut
455 3665 534 3726 inani
557 3666 675 3748 nornine
697 3665 853 3743 imperium
876 3663 1039 3724 Romanurn
1062 3669 1246 3730 teneremus,
1267 3661 1306 3721 ab
1328 3660 1384 3720 lta·

104 3765 136 3826 lis
156 3769 210 3828 ista
233 3769 370 3846 accipere
392 3765 598 3836 conueniebat,
622 3783 681 3826 non
704 3765 826 3826 Romam
849 3766 997 3842 ingentem
1019 3765 1212 3843 pecuniarum
1228 3763 1283 3822 ιιίιιι
1300 3769 1385 3840 qnot-

105 3872 183 3932 annis
206 3872 338 3938 mittere,
362 3876 449 3948 atque
470 3867 527 3930 illis
549 3868 664 3928 mittere
687 3868 735 3947 qni
759 3869 814 3928 iam
837 3868 894 3944 ipsi
916 3867 1002 3926 ninris
1024 3865 1114 3926 multa
1131 3865 1304 3944 possident?
1332 3863 1452 3927 tit-aa.

106 3965 206 4032 serunt
227 3987 339 4050 nuper,
363 3987 450 4050 quam
475 3971 583 4032 vidistis
606 3987 708 4030 omnes
717 3997 729 4037 ,·
749 3967 993 4029 consultationem
1014 3969 1052 4028 de
1074 3967 1203 4028 ineundo
1223 3963 1383 4035 bochello,

78 4073 186 4134 anum
211 4072 444 4136 exhortationem
466 4072 503 4132 ad
520 4079 570 4142 te,
592 4057 787 4132 llanimillane
810 4069 914 4131 Caeear.
959 4087 1016 4147 apua
1037 4071 1075 4132 de
1098 4089 1130 4131 re
1153 4068 1222 4148 quid
1250 4069 1385 4140 sentiam,

167 4343 179 4376 ²
198 4344 348 4406 offendero,
368 4345 393 4392 2.
411 4344 459 4393 aed
476 4345 493 4392 ι’.
504 4343 527 4405 f.
540 4348 680 4392 correctum
698 4348 745 4390 est.
814 4339 824 4371 ⁵
842 4340 920 4390 uleus
939 4338 1063 4408 tangam]
1090 4341 1127 4391 cl.
1145 4341 1256 4390 Terent.
1276 4339 1382 4390 l‘borm.

107 4429 226 4492 lv.·4,1a.
241 4447 264 4479 e.
278 4429 398 4494 interpp.
418 4427 514 4478 (lraaee
532 4423 625 4478 ιιιιὶιῑν
643 4441 665 4476 ιι.
685 4425 784 4491 &lpum
801 4418 833 4478 ad
854 4419 942 4486 ἕλκος.
1007 4427 1018 4457 ⁹
1038 4426 1114 4492 queri
1133 4430 1158 4475 t.
1218 4425 1246 4475 id
1265 4431 1340 4474 esset
1358 4427 1382 4474 4.

108 4512 127 4544 ¹²
142 4515 175 4564 de
194 4513 344 4580 religione,
362 4519 420 4578 port
439 4509 575 4578 dignitate
594 4513 655 4561 add.
668 4517 698 4564 Η.
749 4508 771 4542 ²⁴
789 4512 862 4562 Vera
880 4512 991 4576 inquam
1009 4513 1087 4562 detra.
1102 4517 1130 4560 tt.
1145 4517 1170 4559 rt
1182 4512 1320 4574 orbertpsit
1334 4512 1385 4557 attio

107 4599 180 4649 rerba
197 4616 300 4666 quorum
315 4613 380 4663 para
397 4604 489 4661 posteo
506 4598 689 4660 obsolesceret,
708 4602 734 4648 ut
752 4599 836 4660 legere
855 4598 992 4662 aequauerit
1011 4598 1036 4646 4.
1064 4597 1124 4656 Qum
1141 4603 1199 4660 post
1217 4611 1239 4644 o.
1253 4595 1326 4642 Vera
1344 4593 1385 4640 in-

108 4697 185 4746 quam
202 4699 278 4750 ungue
297 4683 333 4736 ad
348 4683 372 4744 fl·
386 4681 427 4734 ²8.
440 4681 517 4734 aerbo
534 4683 606 4747 tpaae
625 4695 669 4732 rot
686 4686 837 4747 sequantur,
857 4683 939 4730 orrrnio
957 4684 980 4730 l.
1000 4681 1090 4731 omisit.
1146 4678 1169 4712 ⁸⁴
1193 4675 1322 4741 consult]
1344 4675 1384 4724 iu·

109 4767 150 4817 iro
167 4769 313 4834 repetitum
332 4767 568 4824 consultationem
585 4765 744 4816 Romanum.
