3410 5524
334 427 346 496 l
359 425 402 496 10
424 457 546 491 narraui
561 455 596 490 an
607 455 754 490 ruancrras
766 455 850 491 caan.
859 457 894 491 vu
908 455 1018 492 ananau
1032 457 1131 492 nvacrs
1143 455 1283 492 rursusne
1292 439 1605 507 axaonraroarnosn)

327 610 455 672 lerantes
477 611 647 680 victoriam,
671 611 721 689 qui
744 609 1049 690 splendidissimorum
1072 613 1208 673 conscius
1229 611 1286 672 'sibi
1301 613 1482 682 facinorum,
1506 611 1606 676 nando

327 713 536 776 ditissimorum
558 715 710 772 nationum
732 721 835 774 auctus
862 713 977 792 spoliis,
1007 715 1256 776 esurientissimus
1277 712 1379 791 gloriae
1407 714 1523 773 iuuenis
1551 714 1605 772 ani·
1683 713 1684 728 ,

328 833 392 875 mos
420 812 536 876 sustulit
563 821 593 876 et
620 833 757 876 successu
785 816 894 894 prioris
922 816 1047 876 fortunae
1075 817 1193 876 inllatns
1221 816 1318 876 omnia
1347 814 1526 894 amplissima
1555 813 1604 874 sibi

260 924 319 976 §.aa
328 917 482 994 proponit,
504 915 585 977 hunc
607 915 711 986 talem,
734 919 868 996 inquam,
892 917 1005 978 bostem
1030 920 1148 979 cumin
1171 921 1341 998 propinquo
1363 916 1541 986 babeamus,
1571 918 1603 974 ita
1683 925 1684 952 ³

327 1016 461 1078 utnulla
483 1018 540 1076 iam
563 1019 638 1078 mari
660 1036 715 1079 nec
746 1019 785 1080 ita
815 1017 904 1095 longo
932 1026 1079 1081 terrarum
1108 1018 1261 1081 intervallo
1289 1019 1451 1082 discretum
1479 1038 1496 1080 a
1524 1019 1620 1078 nolris³
1683 1037 1684 1064 ι

328 1115 437 1182 bellum
459 1121 510 1188 sit,
533 1137 594 1180 non
617 1119 653 1180 ad
675 1121 871 1181 resistendum
893 1139 945 1182 vos
967 1122 1144 1198 accingetis?
1174 1139 1233 1181 non
1257 1121 1447 1198 implorantes
1468 1120 1604 1208 pusillam

328 1228 456 1282 restrum
480 1221 659 1284 Christianos
681 1239 784 1282 omnes
806 1221 950 1283 audictis?
971 1240 1031 1282 non
1055 1225 1083 1283 in
1106 1237 1221 1283 sannmo
1242 1239 1344 1284 rerum
1367 1224 1538 1284 discrimine
1562 1237 1604 1282 ros

329 1323 508 1384 visitabitis?
537 1323 664 1402 denique
687 1341 745 1383 non
774 1323 964 1386 detendendae
992 1324 1094 1386 saltem
1118 1326 1283 1387 Germaniae
1309 1323 1462 1386 consilinm
1490 1323 1603 1402 capilisl

261 1435 279 1484 ι.
287 1438 319 1482 ⁵0.
331 1424 423 1496 Quam
446 1443 496 1486 vos
518 1427 572 1486 ista
595 1425 719 1486 dedecet
741 1425 838 1504 quies,
861 1443 899 1488 ne
914 1427 1008 1487 dicam
1024 1425 1149 1488 desidia:
1172 1434 1201 1488 ει
1216 1427 1282 1487 dico
1297 1427 1422 1488 desidia:
1446 1427 1518 1506 quid
1532 1429 1602 1488 enin
1683 1429 1684 1516 l

328 1528 371 1590 rel
395 1528 473 1588 domi
496 1529 609 1604 agimus
631 1529 748 1588 interim
769 1529 932 1589 strennue?
959 1530 1054 1606 Atque
1076 1531 1165 1608 igitur
1186 1531 1229 1590 sic
1245 1535 1338 1608 puto,
1367 1530 1462 1606 magis
1482 1530 1537 1590 ista
1559 1529 1630 1587 ‹ia-a
1683 1547 1684 1618 q

249 1703 254 1712 ,
328 1631 413 1692 decet
434 1647 485 1690 vos
508 1629 618 1690 desidia
641 1647 729 1708 quam
752 1628 908 1692 Herculem
932 1629 1076 1694 muliebre
1097 1632 1316 1701 vestimentum,
1339 1630 1368 1690 id
1384 1638 1531 1709 estquam
1547 1629 1601 1690 bel-
1683 1619 1684 1680 ἐ

326 1730 450 1794 latorem
472 1733 566 1792 vinam
589 1730 670 1791 colus
690 1739 723 1792 et
743 1731 816 1792 lana.
859 1733 1002 1804 Quocirca
1032 1734 1101 1812 qnia
1129 1747 1223 1812 prope
1249 1730 1416 1810 pericnlum
1445 1741 1489 1793 cst
1518 1742 1547 1793 ct
1565 1734 1602 1792 in·

232 1833 235 1840 ’
328 1836 423 1912 gentis
438 1833 631 1912 adipiscendae
646 1831 746 1912 gloriae
761 1836 790 1896 in
806 1841 944 1913 promptu
960 1837 1092 1905 occasio,
1116 1836 1264 1913 exurglte,
1287 1835 1435 1910 exurgitel
1458 1851 1600 1913 nunquam

259 1945 318 1998 §.tt
329 1938 438 1998 rectius
460 1937 561 1996 moniti
584 1937 669 2005 estis,
699 1945 731 1996 ut
753 1936 915 1998 Germanos
943 1954 992 1998 vos
1021 1957 1085 1999 esse
1106 1937 1274 1998 meminisse
1302 1934 1402 2022 velitis.
1446 1936 1509 1996 lam
1531 1935 1600 1997 nula

327 2039 362 2099 de
385 2037 469 2100 nobis
491 2036 667 2116 bonaapnd
690 2047 806 2099 exteros
835 2039 934 2117 opinio
967 2046 1024 2108 est,
1054 2045 1149 2100 vestra
1173 2037 1272 2116 culpa:
1301 2037 1438 2100 desidetis
1468 2040 1546 2099 enim
1570 2056 1628 2098 acra
1683 2035 1684 2050 ²

326 2141 441 2220 inglorii
463 2157 517 2218 per
539 2142 629 2202 otium
651 2142 789 2219 torpetis,
813 2157 868 2230 neo¹
891 2142 999 2201 nostris
1021 2143 1134 2202 utimini
1157 2138 1275 2200 viribus.
1320 2157 1388 2200 nam
1411 2140 1481 2219 quid
1504 2139 1602 2220 aliquis

326 2243 485 2304 admiratur
507 2240 616 2303 nullam
644 2242 680 2304 de
709 2241 795 2302 nobis
822 2241 993 2320 preclaram
1022 2261 1157 2321 peregre,
1177 2245 1283 2306 lamam
1313 2243 1462 2320 divagari?
1496 2242 1601 2321 serrum

324 2361 443 2424 qnoque
465 2352 494 2406 et
516 2363 570 2416 aes,
598 2345 654 2406 nisi
675 2361 827 2414 exerceas,
857 2344 1043 2422 splendorem
1067 2345 1194 2425 perdunt
1221 2366 1255 2408 an
1277 2343 1443 2424 rubiginem
1467 2344 1601 2404 induunt:

324 2454 353 2507 at
374 2449 466 2524 gerite
487 2446 599 2508 bellum
623 2453 651 2507 et
673 2465 728 2507 nos
750 2454 902 2516 exercete,
926 2448 1021 2507 statim
1039 2447 1277 2525 rctnsreaigebit
1292 2445 1399 2526 gloria,
1423 2449 1521 2507 statim
1537 2447 1602 2506 Ger·

324 2565 409 2610 mana
433 2548 608 2610 reclarescet
632 2551 736 2616 virtus,
760 2566 819 2608 non
843 2549 938 2608 minus
960 2563 1047 2627 qnam
1070 2548 1153 2610 sulco
1175 2552 1289 2612 attritus
1305 2547 1628 2626 aamersplemasrna
1683 2567 1684 2592 ι

255 2649 361 2708 iiiiii
382 2650 439 2711 hoc
460 2669 551 2712 unum
574 2659 619 2712 est
640 2641 793 2711 consilium
816 2668 874 2728 qno
896 2653 1013 2728 possitis
1035 2653 1179 2712 sinistram
1203 2651 1240 2713 de
1255 2651 1338 2714 vobis
1352 2652 1523 2731 opinionem
1538 2649 1603 2710 abo·

323 2749 385 2812 lere
407 2771 441 2812 ac
469 2755 575 2814 veleris
602 2753 722 2830 ignauiae
751 2752 880 2814 dedecus
909 2769 990 2812 noum
1018 2754 1131 2814 virtutis
1160 2753 1252 2830 gloria
1281 2769 1490 2832 compensare:
1527 2751 1603 2812 sortis

324 2855 401 2914 euim
423 2852 501 2914 illam
524 2839 627 2916 adbuc
643 2855 806 2915 Germaniae
828 2853 923 2914 labem
946 2855 1040 2924 inuri,
1069 2853 1147 2916 illam
1175 2857 1320 2934 imprimis
1341 2855 1547 2933 ignominiam,
1575 2860 1603 2912 nt

288 2978 292 2986 ·
324 2971 383 3025 non
405 2971 473 3017 ausa
496 2957 634 3017 resistere
656 2955 760 3017 'lancis
783 2955 938 3017 credatur?
967 2956 1053 3021 vultis
1082 2955 1150 3018 illud
1181 2959 1325 3018 maiorum
1355 2965 1522 3019 uestrorum
1550 2955 1601 3014 rir·
1683 2981 1684 3034 ;

325 3063 384 3118 tute
407 3065 524 3135 partum
547 3059 702 3136 imperinm
725 3058 882 3120 deserere?
904 3059 993 3120 immo
1016 3075 1085 3118 nero
1101 3058 1248 3128 mavultis,
1271 3060 1471 3139 aprincipes,
1494 3059 1627 3120 serviren
1683 3071 1684 3138 i

323 3153 428 3220 'iureis
449 3177 536 3239 quam
559 3160 668 3220 marndo
691 3161 855 3239 imperare?
880 3159 968 3221 uultis
997 3158 1073 3220 ultro
1102 3161 1223 3238 iugum:
1247 3179 1314 3222 cum
1344 3159 1495 3240 depellere
1524 3156 1602 3220 laclle

253 3267 312 3317 toi·
325 3263 456 3340 possitis,
479 3261 561 3324 vobis
584 3263 756 3324 accersere?
777 3261 870 3333 Quam
892 3268 961 3323 sunt
976 3253 1289 3341 onmiatnrpitudinis,
1313 3265 1409 3322 omnia
1426 3263 1601 3324 dedecorum

322 3363 421 3440 plena:
453 3370 482 3424 et
509 3382 612 3442 quam,
647 3366 701 3424 nisi
732 3365 955 3443 resipiscamus,
988 3362 1060 3424 nibil
1093 3371 1137 3424 est
1165 3365 1194 3424 in
1225 3365 1380 3426 Germania
1412 3361 1602 3426 Germanum!
1683 3371 1684 3440 ξ

321 3465 418 3551 Nostri
441 3468 584 3536 maiores,
617 3475 649 3527 nt
671 3466 707 3527 ab
737 3467 938 3544 antiquissimo
966 3471 1113 3542 repetam,
1142 3467 1272 3528 omnium
1300 3468 1440 3528 nidulum
1470 3465 1602 3544 opinione

319 3569 539 3630 commendatos
562 3567 627 3628 orbi
648 3576 796 3629 terrarum
819 3566 887 3628 olim
910 3567 1057 3628 llomano‘s
1079 3585 1137 3628 non
1160 3569 1375 3638 sustinuerunt,
1398 3576 1428 3628 et
1450 3574 1630 3628 excernuna

322 3671 368 3731 bic
391 3672 547 3750 imperium
570 3668 643 3731 adeo
665 3670 824 3749 probibere
847 3671 942 3729 conati
965 3671 1051 3738 sbnt,
1074 3677 1107 3730 nt
1128 3669 1227 3731 ultima
1251 3671 1380 3730 omnium
1405 3670 1534 3748 expieriri
1549 3664 1602 3726 rel·
1683 3687 1684 3734 i

252 3771 382 3832 naalma
409 3775 491 3851 prius
521 3791 609 3852 quam
637 3771 800 3833 Romanurn
828 3769 973 3832 haberent
1002 3771 1171 3832 dominium.
1217 3773 1304 3851 idque
1333 3771 1504 3833 effecerunt
1550 3769 1603 3826 llos
1683 3781 1684 3856 ι

319 3873 447 3945 Tersas,
470 3895 485 3936 a
509 3876 695 3953 spurcissima
718 3876 816 3935 omnis
835 3871 983 3934 barbariei
1005 3871 1166 3944 colluvione
1188 3873 1342 3950 proflatam
1362 3879 1481 3950 gentem
1497 3878 1527 3932 et
1542 3885 1602 3950 qnae
1683 3861 1684 3936 ἲ

319 3977 442 4045 advos,
474 3995 532 4038 non
556 3985 588 4037 nt
610 3979 734 4054 imperat
755 3961 812 4037 sen
830 3985 862 4036 nt
884 3974 1013 4042 occidat,
1046 3977 1137 4044 venit,
1169 3953 1302 4036 inibimus
1328 3973 1464 4052 religio-ni
1494 3988 1531 4033 ac
1553 3989 1601 4030 no·
1683 3983 1684 4056 ξ

318 4079 389 4137 mini
411 4078 574 4139 Clnistiano
597 4078 751 4156 plusquam
775 4077 862 4138 credi'
879 4063 970 4156 possit
991 4077 1139 4148 inimicos,
1169 4077 1396 4156 leretis'rugcsi
1424 4073 1531 4144 011280
1554 4087 1630 4131 Μ
1683 4059 1684 4084 ἢ

319 4181 483 4256 agnoscite,
508 4187 537 4240 et
560 4199 647 4259 qnam
669 4181 698 4239 in
722 4187 803 4240 terito
825 4177 972 4259 periculo,
1001 4185 1045 4238 tot
1073 4197 1104 4240 se
1133 4179 1210 4239 nltro
1232 4177 1424 4240 olierenta'bns
1446 4177 1602 4237 occasioni·
1683 4159 1684 4200 ³

264 4279 376 4339 asbus
398 4296 456 4341 non
486 4281 587 4342 deceat
614 4283 777 4344 Germanos
804 4283 890 4341 otiari
918 4279 1051 4358 cogitate.
1096 4297 1261 4362 quanquam
1290 4286 1321 4341 ut
1340 4265 1462 4340 ⁴nullum
1492 4285 1601 4338 tantum

319 4383 356 4442 sit
378 4381 557 4461 periculum,
586 4402 641 4462 nce
664 4402 715 4445 vos
737 4389 840 4460 urgeat
862 4384 1035 4462 quicquam,
1064 4387 1161 4444 tamen
1192 4401 1278 4462 quam
1308 4383 1344 4442 sit
1371 4383 1525 4462 proprium
1549 4379 1601 4438 boc
1683 4467 1684 4470 Ἴ

383 4602 435 4638 ¹⁰·¹¹
455 4605 537 4656 decet
553 4607 579 4655 2.
597 4605 646 4655 aed
660 4619 728 4655 enar.
742 4608 758 4654 ι’,
768 4607 791 4667 f.
856 4602 873 4638 ¹¹
894 4601 1020 4675 Heroni]
1041 4603 1083 4656 cl.
1097 4604 1179 4654 Febr.
1192 4605 1229 4653 11.
1243 4605 1266 4664 §-
1280 4602 1321 4657 48,
1341 4601 1405 4664 (vol.
1420 4601 1482 4651 1111.
1498 4597 1600 4665 plin)
1683 4573 1684 4648 l

317 4686 339 4722 ¹⁰
357 4691 445 4740 ocium
468 4693 489 4739 1.
541 4689 562 4724 ⁸⁷
581 4690 614 4739 nd
634 4689 783 4740 admirator
801 4692 826 4738 2.
878 4690 991 4740 Ferrum
1009 4693 1038 4737 Β.
1092 4687 1114 4720 ²⁰
1131 4685 1217 4754 sulco]
1237 4687 1274 4739 ci.
1286 4687 1391 4752 Vergil.
1406 4701 1500 4752 georg.
1520 4685 1544 4736 1.
1559 4681 1598 4734 ald

280 4827 282 4832 .
316 4773 339 4808 ²⁰
356 4777 445 4828 Vultis
463 4777 492 4830 ll.
545 4773 567 4807 ⁵⁷
585 4775 670 4826 ociari
689 4778 712 4824 1.
