3444 5518
234 407 271 450 ΒΧ
283 413 340 452 ΙΟΔ.
354 415 482 452 (ΙΟΟΙΙΙΙΔΙΙ
495 415 530 452 ΙΙΙ
542 415 624 452 ΔΟΤΙΒ
637 416 671 452 Π
685 414 810 452 SUMPTIS
824 415 946 452 nvnttsttt
959 416 996 452 An
1009 416 1245 454 n.un11.tocv8.
1311 387 1384 460 349
1490 421 1501 438 “

94 591 109 628 a
132 574 233 632 Grecis
255 574 371 650 Imperio
386 576 507 634 llcmnrn
529 591 579 650 per
593 574 647 631 llen
670 573 798 634 dilectum
812 573 969 631 Pontificem
985 574 1101 647 leeqern
1124 573 1175 636 ΙΙΙ..
1199 575 1244 649 qui
1260 574 1386 633 Gerulum

49 727 52 732 ἢ
98 667 282 731 cognomento
305 659 431 733 Magnum
452 659 586 735 Imperiali
609 676 711 716 ennena
733 659 841 717 donavit
863 658 953 715 llemae
982 675 1051 714 aune
1074 677 1089 714 a
1111 658 1211 716 Christi
1234 659 1294 717 lesu
1317 661 1386 717 nati-

96 745 180 800 vitate
201 743 337 801 ΙΙΙΙΕΙΙΙ..
357 745 519 820 Priusquam
542 741 606 800 vere
630 743 795 820 publicatam
818 743 969 817 accepisset
990 742 1091 799 Bullam
1113 742 1212 802 Leonis
1233 743 1262 799 ΙΙ.
1285 743 1386 802 luthe-
1407 807 1412 816 ,

96 844 162 896 rus,
185 829 301 904 adeptus
324 830 439 887 occultis
461 830 723 904 Augustinianerum
746 828 916 904 quorundam
938 828 1053 885 fratrum
1075 844 1187 884 suerum
1211 829 1387 886 machinatio·

73 911 180 968 suiuus
203 931 218 970 e
240 914 365 971 Behemia
386 913 473 971 libros
496 914 628 989 Wiclephi
651 914 730 988 Angli
753 923 782 970 et
802 913 874 970 lluss
888 911 1011 975 Boltemi,
1034 912 1183 969 rebellium·
1198 913 1388 972 haereticorum

93 1005 121 1051 et
144 996 272 1058 Romane
293 997 418 1058 Ecclesiae
439 999 575 1062 hostium,
599 995 683 1056 multa
705 999 808 1058 suillis
830 1004 970 1055 mutuatus
992 1005 1047 1060 est,
1072 1013 1132 1072 quae
1155 997 1188 1054 ad
1210 997 1403 1086 rebellionem-

94 1097 174 1137 snam
196 1083 333 1140 deservire
356 1083 523 1142 videbantur.
560 1083 650 1140 Edidit
672 1084 757 1157 igitur
778 1083 879 1140 librum
898 1090 994 1140 centra
1009 1091 1114 1156 septem
1130 1091 1305 1146 sacramenta,
1328 1083 1387 1158 qui-

94 1164 147 1220 bus
170 1165 289 1224 Ecclesia
314 1168 401 1224 utitur
423 1169 450 1226 in
473 1169 602 1232 salutem,
624 1169 668 1226 cui
692 1168 803 1228 titulum
825 1167 966 1241 inscripsit
989 1166 1033 1221 ‘lle
1054 1167 1211 1241 captivitate
1226 1167 1388 1242 Babylonica

94 1248 236 1315 Ecclesiae,
268 1253 427 1327 praeludium
450 1253 556 1310 Martini
579 1253 699 1310 Lutherr'
797 1251 901 1308 Adiecit
923 1250 1039 1325 denique
1061 1269 1170 1330 carmen
1191 1251 1244 1310 hee
1266 1265 1387 1310 sacrum:

64 1338 88 1380 ¹⁰
302 1337 395 1394 llestis
418 1337 540 1394 Heredes
562 1338 656 1412 impie,
680 1337 816 1394 Christum
838 1335 929 1392 venire
952 1335 1016 1410 quid
1040 1337 1136 1392 tirnesl
1183 1337 1184 1342 ’

387 1420 446 1478 Neu
468 1423 565 1498 arripit
586 1421 713 1480 mortalia
736 1422 781 1496 qui
805 1437 888 1495 regna
912 1419 957 1475 dat
979 1419 1108 1476 celestia.

95 1503 215 1561 innuens
236 1521 287 1580 per
308 1507 360 1564 laec
382 1507 493 1570 lectori,
516 1496 663 1564 Remanent
686 1505 858 1569 Pontificem,
883 1503 983 1560 llerudi
1006 1504 1137 1568 similem,
1166 1515 1282 1582 prepter
1304 1515 1389 1564 terre·

95 1605 161 1645 uum
185 1591 329 1664 imperium
360 1593 487 1666 persequi
515 1591 675 1654 haereticos.
703 1593 784 1648 imme
806 1589 981 1663 Evangeliurn
1003 1589 1112 1645 Christi.
1156 1591 1295 1666 Reliquam
1325 1609 1389 1648 vere

96 1683 218 1745 partem,
242 1675 275 1732 de
292 1691 349 1752 §aa
372 1677 407 1733 ibi
429 1677 564 1740 minatur,
588 1677 672 1733 edidit
694 1682 806 1754 postca.
830 1683 926 1732 centra
948 1674 1121 1730 Ambrosium
1145 1675 1332 1740 lietduinum,
1356 1677 1391 1732 lle

64 1759 206 1818 ¹⁵visione
227 1752 358 1822 llanielis.
387 1763 412 1816 in
437 1779 488 1836 qua
510 1761 554 1818 llll
582 1761 664 1819 iacies
686 1760 799 1818 Romani
819 1759 961 1816 Pontifieis
988 1759 1025 1815 ita
1048 1759 1181 1832 appinxit,
1213 1769 1244 1817 ut
1266 1777 1316 1836 per
1345 1779 1392 1818 eas

96 1859 208 1904 emnem
230 1844 275 1902 llei
299 1845 327 1902 in
348 1845 467 1903 Ecclesia
488 1847 591 1903 cultum
621 1847 648 1902 in
678 1845 824 1903 ludibrium
855 1851 981 1900 verteret.
1025 1843 1207 1918 Posteaquam
1233 1863 1298 1905 vere
1326 1845 1392 1902 vidit
1466 1855 1471 1863 “

96 1931 200 1987 editam
222 1937 318 1987 centra
340 1930 425 1987 libros
448 1947 514 1986 suus
535 1930 635 1988 Leonis
657 1929 686 1986 x.
709 1930 827 1991 Bullam.
858 1930 923 1986 adee
953 1929 1052 1984 exarsit
1081 1946 1142 1984 mox
1165 1931 1219 1992 ira.
1249 1939 1279 1986 ut
1301 1931 1394 1987 convi-

43 2029 45 2034 ’
96 2016 183 2072 tiandi
207 2015 374 2072 immanitate
396 2016 481 2089 magis
505 2017 595 2071 iurene
618 2033 698 2090 quarn
722 2015 840 2072 scribere
863 2013 1007 2069 videretur.
1052 2011 1112 2068 Edi·
1164 2007 1392 2086 fflffl'fflffij

96 2100 136 2156 dit
163 2099 260 2175 'priano
287 2099 423 2163 libellum,
452 2100 495 2157 cui
523 2100 633 2158 titulum
662 2100 734 2157 hunc
760 2098 835 2155 dedit
859 2098 1001 2153 ‘Adversus
1030 2098 1208 2154 execrabilem
1231 2099 1392 2156 Antielrristi
1498 2093 1502 2102 '

63 2179 213 2242 ²⁰llullam’
238 2227 346 2240 ......
1143 2205 1145 2210 ·
1265 2201 1271 2212 ·
