3382 5516
860 1019 956 1076 VlTVS
978 1019 1156 1078 vuututtvs.

575 1171 643 1228 Sunt
666 1169 765 1246 quibus
788 1169 841 1228 alta
863 1170 952 1246 placet
976 1173 1126 1248 turritaque
1151 1179 1219 1228 tecto
1241 1169 1383 1228 domorum

641 1257 769 1329 Erigere.
791 1263 818 1312 et
841 1256 936 1314 Triviae
958 1275 1092 1314 marmora
1115 1256 1186 1314 celsa
1209 1255 1282 1318 bem

574 1339 745 1414 Pyramidum
767 1339 869 1404 moles,
893 1343 974 1406 vasti,
999 1343 1109 1399 Rhodos
1131 1359 1228 1404 aurea,
1251 1338 1344 1396 eloti

529 1443 536 1480 r
620 1425 810 1488 -Laudantur‚
833 1425 935 1502 Solymi
959 1427 1112 1502 templaque
1135 1443 1210 1494 sacra
1233 1425 1298 1498 iugi.

574 1509 704 1566 Necnon
727 1509 867 1583 belligeris
889 1511 1006 1586 Babylon
1029 1511 1136 1586 pulsato
1159 1509 1307 1586 quadrigis,

644 1596 676 1652 Et
698 1595 827 1652 Mausolei
849 1614 911 1654 saxa
935 1597 1050 1672 superba
1073 1597 1142 1671 rogi,

578 1678 609 1736 Et
630 1679 835 1738 Nasamoniacas
858 1683 904 1756 qui
926 1681 1007 1738 iactet
1029 1681 1157 1738 cornibus
1180 1698 1247 1741 aras.

527 1779 539 1819 a
562 1799 574 1822 .
644 1765 758 1823 Praescia
781 1783 847 1840 quas
870 1767 955 1822 tontis
977 1769 1076 1842 saepius
1099 1767 1168 1824 unda
1191 1765 1276 1839 rigat:

577 1849 637 1908 llmc
659 1867 819 1925 quamquam
841 1851 921 1908 nimis
943 1860 985 1908 cst
1007 1853 1145 1910 lrominuru
1169 1851 1263 1908 mirata
1286 1855 1411 1908 vetustas.

645 1933 708 2002 Qua
730 1935 781 1992 uisi
806 1944 927 1994 terrenas
949 1936 1156 2000 concelebrabat
1179 1952 1254 2010 opes.

577 2017 609 2076 Et
630 2028 734 2095 septem
756 2019 822 2076 dim
844 2021 952 2096 pulchri
976 2021 1127 2097 spectacula
1151 2020 1242 2089 numdi

515 2119 538 2160 ra
645 2103 744 2162 Erimia
767 2105 794 2161 in
816 2107 896 2162 variis
918 2116 976 2164 arte
998 2115 1109 2182 reposta
1131 2107 1213 2169 locis;

508 2219 511 2226 ·
576 2189 644 2246 Sunt
668 2199 755 2248 tamen
779 2199 825 2246 aut
846 2189 933 2248 valido
956 2191 1072 2267 Neptuni
1096 2209 1171 2249 versa
1195 2189 1319 2248 tridente.

642 2273 742 2350 lnclyta
765 2273 805 2330 vol
828 2276 930 2350 carpsit
951 2276 1058 2334 nomino
1083 2285 1188 2352 tempus
1211 2273 1286 2335 edax,

575 2361 629 2416 dut
651 2360 774 2434 quatiens
798 2360 914 2416 tremulo
937 2370 1024 2418 terras
1047 2361 1195 2418 visabdita
1218 2364 1293 2414 motu

514 2461 538 2502 ra
644 2443 760 2501 Bellicus
783 2454 829 2500 aut
851 2445 920 2502 duro
943 2446 1061 2502 destruit
1081 2464 1135 2504 rere
1158 2446 1244 2506 furor,

574 2529 698 2586 llorriler
719 2538 766 2586 aut
788 2529 899 2592 boreas,
923 2529 1001 2586 simul
1025 2538 1052 2586 et
1075 2529 1199 2588 Vulcania
1222 2527 1307 2603 pestis

641 2612 773 2670 Paulatim
796 2613 862 2670 lines
884 2615 965 2672 iussit
987 2615 1085 2672 babere
1108 2633 1181 2672 suus.

473 2741 482 2760 .
574 2699 695 2756 Carmina
718 2707 782 2754 sunt
803 2698 860 2756 ullo
884 2717 1020 2774 nunquam
1042 2701 1173 2758 moritura
1196 2695 1246 2756 sub
1268 2701 1333 2756 aevu.

514 2801 539 2840 ro
645 2783 703 2840 llou
726 2800 756 2840 ea
779 2783 927 2858 posteritas
950 2784 1064 2860 perdere
1085 2803 1146 2842 sera
1168 2791 1275 2859 potest;

575 2868 696 2924 Carmina
720 2876 773 2924 tam
797 2867 850 2924 late
873 2870 969 2927 lamam
993 2887 1117 2944 sparsere
1140 2885 1189 2944 per
1212 2865 1313 2927 orbem.

644 2953 677 3008 Ut
699 2953 741 3008 vir
765 2953 819 3009 siut
842 2953 909 3028 ipsis
933 2953 1102 3012 obliteranda
1123 2953 1198 3016 Deis;

575 3035 696 3094 Carmina
718 3035 866 3111 longevum
887 3040 997 3113 pariunt
1019 3057 1069 3113 per
1093 3047 1214 3114 tempora
1238 3035 1326 3095 vitam.

512 3138 538 3178 aa
623 3121 724 3178 ‘Vates
745 3123 819 3180 rotati
842 3123 1016 3180 succubuisse
1038 3133 1136 3186 vetant,

522 3251 526 3258 .
573 3207 710 3280 Praecipue
733 3207 756 3262 si
779 3208 835 3264 sint
856 3207 910 3281 (res
932 3217 974 3266 est
996 3209 1053 3266 hose
1075 3225 1170 3282 magna
1192 3199 1326 3285 prolecto)

562 3304 572 3332 ⁶
642 3291 764 3364 Carroirn
785 3291 866 3348 Pierii
889 3291 968 3368 plena
989 3292 1097 3367 liquore
1120 3291 1181 3354 lavi.

573 3369 656 3446 Quale
679 3393 754 3432 meus
776 3395 864 3452 nuper
884 3378 983 3435 cecinit
1004 3395 1058 3434 non
1080 3394 1199 3454 paupere
1222 3393 1286 3432 vena

512 3479 537 3518 aa
643 3459 831 3536 Tranquillus,
854 3462 978 3536 stupidos
1001 3461 1047 3538 qui
1069 3463 1133 3519 iacit
1156 3479 1203 3518 ore
1226 3461 1306 3516 viros.

574 3544 650 3616 Quod
673 3546 695 3603 si
718 3546 790 3603 torte
812 3564 911 3620 negas.
936 3547 1004 3604 odiis
1027 3553 1160 3604 commoto
1182 3544 1326 3622 protervis.

631 3630 744 3706 bieme,
768 3631 814 3703 vel,
833 3631 928 3705 Stygio
950 3641 1062 3706 pectora
1085 3631 1149 3688 lello
1172 3631 1290 3691 madens.

573 3715 647 3771 Nunc
669 3733 734 3788 age.
758 3715 881 3792 pervigili
905 3715 985 3773 modo
1009 3715 1098 3774 volvas
1121 3724 1210 3772 mente
1233 3711 1364 3774 libellum,

509 3817 535 3858 ua
641 3799 725 3867 Quem
748 3797 817 3856 levat
840 3801 924 3856 heroo
947 3801 1017 3858 lama
1039 3799 1090 3857 sub
1112 3808 1184 3856 astra
1208 3817 1289 3854 sono:

574 3885 633 3940 llort
654 3885 727 3940 dices
751 3885 856 3959 ‘genius
878 3885 952 3942 dabit
975 3884 1029 3941 illis
1052 3883 1149 3944 saecula
1172 3873 1281 3946 chartis,

641 3971 730 4044 Atque
752 3978 794 4026 est
815 3969 941 4044 apposito
963 3971 1060 4046 pagina
1081 3971 1161 4044 digna
1183 3969 1283 4028 cedru'.'

740 4155 843 4217 osvo.
858 4155 1013 4214 oormuo
1034 4135 1286 4212 ovooiiuunusrs'.

572 4292 631 4350 Nou
654 4309 724 4366 opus
746 4299 788 4348 est
810 4291 966 4365 anltlrum,
989 4308 1043 4348 non
1066 4291 1170 4348 discere
1192 4290 1262 4348 bella
1284 4289 1442 4362 Gigantum:

627 4377 746 4432 ¹Thorca
769 4375 842 4432 ierus
863 4375 967 4451 populo
989 4383 1102 4450 prestat
1123 4384 1241 4450 utroque
1264 4373 1358 4448 magis,

309 4549 329 4592 ρ
441 4527 447 4558 ¹
468 4525 511 4575 ut.
525 4524 579 4576 vol.
593 4525 628 4577 11.
641 4541 669 4590 p.
683 4522 740 4574 149.
754 4539 794 4589 sq.
813 4523 911 4574 Eidem
929 4523 1043 4575 Verlero
1061 4523 1233 4574 Andronicus
1256 4521 1408 4573 orationem
1430 4515 1463 4568 de
1483 4499 1609 4574 eloquentie

372 4609 498 4660 ranarum
515 4611 619 4676 napata
639 4624 663 4658 a.
680 4607 890 4660 tolerabilem
908 4609 1060 4674 inscripsit
1099 4607 1117 4677 ο,
1128 4607 1166 4659 or.
1180 4607 1249 4658 soc
1262 4606 1323 4658 silv.
1335 4605 1370 4656 11.
1385 4605 1444 4666 ao.
1457 4613 1508 4664 sqq.
1540 4588 1557 4622 ¹¹
1570 4585 1608 4636 ¹⁰²·

372 4711 470 4762 genum
489 4699 512 4746 l.
548 4695 571 4728 ²⁸
588 4695 741 4760 Praecipuae
760 4697 783 4744 1.
819 4695 842 4726 ³⁸
859 4693 1010 4758 Buchhom,
1029 4707 1101 4743 nunc
1118 4687 1343 4756 Friedrielulnsen
1362 4677 1608 4740 miscebuntur·

372 4783 497 4834 tieneem.
535 4779 558 4814 ⁸²
577 4779 718 4848 lepythum
737 4783 760 4830 1.
798 4779 953 4844 Gygentum
973 4781 995 4827 1.
1031 4775 1053 4810 ³⁸
1070 4780 1177 4840 perstet
1195 4777 1218 4826 1.
