3434 5512
341 391 414 462 3¹6
451 422 552 456 LEONIS
566 422 592 456 Χ.
606 421 716 458 cotim
729 423 880 458 tvnusnvrt
894 421 984 458 nsunt
997 417 1102 458 DATAb.
1112 423 1169 459 ivit.
1183 418 1277 458 Mfflll·
1291 427 1315 459 C·
1330 425 1454 459 IIV'I'THI
1470 425 1559 460 sorta.

427 577 483 648 (ini
502 578 620 650 quidem
640 593 761 636 errores
781 581 959 653 ¹respective
981 575 1090 653 bcotom
1110 581 1170 640 sint
1180 581 1334 656 pestiferi,
1358 595 1448 655 ptum
1463 585 1624 656 perniciosi,
1698 579 1701 590 “

338 693 428 752 quom
449 678 638 751 wandaleni,
665 693 756 753 onom
779 682 903 754 piorum
930 686 961 739 et
981 683 1160 756 simpliciora
1186 684 1325 741 mentium
1351 683 1509 754 munatio,
1541 701 1624 758 qnam

338 781 464 854 maique
478 781 538 838 unt
557 785 679 840 ‘contro
699 796 813 840 manem
833 781 1025 856 obstitorem,
1048 799 1086 842 ae
1100 779 1217 844 ‘suere
1232 783 1382 845 Romane
1398 787 1540 856 ecclesio,
1561 801 1624 844 uro-

338 883 393 941 tris
412 883 541 940 omnium
559 881 709 958 fidelium„
731 889 762 941 ot
778 885 950 956 'muninime
968 883 1043 956 fidei
1059 888 1256 944 reuerentiam
1279 893 1368 960 utque
1382 881 1518 946 'amum
1533 889 1624 946 eccls-

337 985 466 1044 siosticce
487 983 670 1059 disciptinae,
694 984 906 1044 ‘medantino
926 987 1056 1058 scilicet,
1090 1001 1160 1061 que
1185 986 1258 1059 foas
1282 995 1378 1047 estet
1397 991 1481 1062 oripo
1503 991 1662 1048 ιιιιιιιὶιιιιιι-

340 1239 387 1282 me
410 1220 507 1290 audis,
533 1238 591 1280 non
614 1227 681 1281 ente
704 1217 900 1300 cognibonem
925 1222 1078 1284 damnabis
1101 1223 1222 1284 tratrem
1240 1227 1344 1295 ¹tuum;
1368 1225 1438 1305 quin
1454 1226 1553 1305 potius
1575 1237 1625 1286 ‘re-

340 1321 483 1383 velatione
507 1321 582 1382 iecta
605 1322 746 1392 recitatio,
771 1323 856 1383 cedat
878 1341 963 1384 error
986 1323 1116 1396 veritati,
1146 1332 1179 1386 ut
1201 1331 1282 1388 recte
1304 1329 1335 1386 in
1359 1325 1488 1388 Concilio
1512 1327 1624 1388 Cartba-

339 1425 453 1502 gIncnsi
476 1425 589 1484 monuit
612 1423 753 1485 Zosimus,
791 1423 849 1484 Sed
865 1425 922 1484 iam
939 1425 1032 1504 pluris
1047 1446 1134 1505 (luam
1152 1430 1295 1510 oportuit,
1319 1427 1503 1506 interpellavi
1517 1435 1555 1496 to,
1578 1429 1625 1504 igi·

338 1533 396 1597 tur,
418 1523 511 1594 liulla,
527 1543 718 1604 prosequere.
790 1527 871 1586 'Hoc
887 1527 1067 1605 ‘respective'
1083 1528 1151 1607 quiid
1168 1529 1229 1588 est?
1251 1527 1298 1590 dic
1314 1537 1426 1609 aperte,
1444 1537 1475 1591 nt
1491 1536 1520 1591 te
1535 1531 1624 1608 cepia-

340 1644 415 1688 mus.
473 1623 522 1686 lSi
537 1627 573 1688 nd
589 1625 783 1688 insatiabilem
799 1633 878 1688 tuam
901 1631 1050 1690 avaritiam
1073 1631 1212 1709 respiciet
1234 1633 1309 1711 quis.
1366 1631 1434 1692 ‘llic
1457 1639 1538 1693 tuem
1561 1645 1652 1692 con-u

340 1731 491 1790 seientiam
514 1727 648 1808 appello,
672 1725 806 1797 Decime,
830 1730 886 1790 nisi
908 1749 996 1792 voces
1019 1729 1189 1792 charitatem
1212 1739 1243 1794 tu
1265 1731 1418 1803 servilem,
1442 1753 1509 1812 quae
1524 1733 1574 1795 tibi
1589 1733 1624 1800 fit,

342 1829 565 1892 subiectionem.
624 1827 783 1891 dViolentse
798 1831 978 1912 tyrannidis,
1007 1840 1036 1894 et
1051 1851 1115 1912 quae
1137 1833 1278 1894 lieri'nec
1305 1834 1409 1913 possit,
1440 1853 1497 1895 nec
1518 1833 1625 1904 debeat

341 1933 446 2012 cuique
469 1931 525 1994 boc
547 1933 711 2010 presertim
735 1935 987 2012 temporeresisti
1002 1934 1089 1996 debet
1104 1935 1325 1996 animosissime.
1395 1935 1530 2010 ’otialis
1553 1935 1624 1996 boue

341 2033 472 2104 Christe,
496 2033 564 2094 bdei
586 2035 725 2113 magistre
749 2043 807 2105 est,
830 2054 895 2115 quae
917 2034 1067 2116 publicem
1088 2035 1176 2099 iidem
1199 2035 1313 2108 abolet,
1337 2045 1366 2098 et
1380 2038 1538 2100 interfecto
1553 2039 1625 2098 lure·

340 2137 463 2197 iurando
486 2137 622 2216 peierare
645 2155 700 2197 nos
722 2137 825 2207 docet,
851 2157 867 2199 a
892 2136 1035 2217 religione
1057 2145 1154 2199 eutem
1170 2136 1264 2200 alieno
1280 2139 1353 2201 adeo
1370 2147 1425 2208 est,
1451 2146 1483 2199 ut
1502 2151 1652 2199 scomma¹⁵

339 2237 440 2299 Romae
462 2240 499 2298 sit
520 2237 597 2300 bene
621 2235 818 2300 Christianum
842 2239 919 2301 dicii
947 2247 976 2302 tc
998 2258 1068 2300 vero
1091 2239 1183 2310 ridet,
1212 2246 1355 2320 tuumque
1382 2249 1518 2302 sanctum
1547 2258 1625 2301 erun·

339 2338 448 2418 gelium
464 2339 553 2400 bellet
575 2358 631 2420 pro
654 2339 760 2400 fabula.
790 2340 885 2403 Perde
908 2359 978 2410 nos,
1002 2341 1132 2413 Christe,
1156 2344 1211 2403 nisi
1234 2341 1297 2404 brec
1320 2344 1357 2403 ita
1374 2341 1496 2404 babent.
1526 2339 1624 2412 Ὀιιιιι

340 2448 384 2504 est
412 2441 556 2504 imbecille
592 2460 714 2521 corpus,
751 2442 914 2522 quodquod
943 2441 1015 2505 illud
1043 2450 1100 2514 cst,
1137 2443 1216 2524 quod
1248 2443 1355 2506 talibus
1382 2447 1482 2506 utervis
1510 2446 1623 2524 regitur.

339 2543 447 2620 ‘llegis
470 2549 586 2623 oportet
607 2543 730 2605 obedire
758 2543 829 2614 (leo,
860 2562 948 2623 quom
977 2543 1161 2615 bominibus,
1192 2545 1326 2626 Decime,
1355 2544 1400 2606 Tu
1428 2553 1526 2626 eutem
1554 2550 1623 2621 {cum

406 2782 418 2814 ⁸
436 2797 490 2832 nou
503 2785 568 2832 ente
582 2779 670 2848 cogn]
685 2781 721 2832 ci.
735 2781 794 2832 Act.
809 2779 987 2848 apostxxv.
998 2779 1035 2832 to.
1078 2781 1109 2814 Μ
1128 2794 1204 2834 cone.
1219 2781 1362 2848 Carthagi
1377 2799 1402 2833 n.
1415 2782 1476 2834 256.
1496 2783 1624 2848 cypriano

339 2865 506 2932 praesidente
519 2867 581 2916 VII.
595 2865 629 2916 de
647 2866 789 2931 baptismo
798 2866 847 2916 111.
862 2867 973 2928 habito,
997 2867 1128 2932 pontifice
1147 2867 1302 2934 Stephano,
1326 2869 1355 2917 in
1379 2867 1516 2918 Ilerduirai
1535 2867 1623 2918 Conci·

340 2950 401 3001 lior.
414 2950 522 3001 collect.
537 2956 601 3002 tom.
616 2951 638 3003 1.
657 2967 682 3015 p.
698 2949 754 3000 159.
765 2966 817 3016 sq.‚
836 2951 864 3000 in
877 2950 1019 3016 Petrolog.
1033 2951 1075 3001 etl.
1088 2951 1182 3017 Migne
1201 2955 1265 3003 tom.
1277 2951 1327 3002 III.
1341 2969 1367 3018 p.
1384 2949 1456 3002 tubo.
1482 2951 1562 3018 (opp.
1581 2949 1625 3014 Cy·

341 3035 429 3101 prinu.
444 3035 485 3088 ed.
499 3035 602 3085 Bened.
616 3033 717 3101 past.)
770 3035 780 3068 ⁸
799 3032 931 3100 Zosimus]
952 3051 969 3085 e
987 3034 1128 3086 'I'barasse
1146 3035 1227 3087 disits
1251 3037 1434 3087 Revelstione
1458 3036 1538 3086 lacta
1559 3037 1622 3086 veri·

340 3121 408 3170 tetis
428 3119 511 3170 cedet
529 3135 604 3170 error
621 3120 749 3170 veritati:
772 3121 839 3185 qnia
857 3124 886 3170 st
902 3121 1002 3170 Petrus
1020 3120 1067 3184 qui
1085 3122 1161 3186 prins
1185 3121 1416 3180 circumcidebat,
1443 3122 1529 3171 cessit
1546 3119 1623 3171 Penio

339 3204 487 3256 veritatem
498 3202 690 3270 predicanti&
709 3205 838 3256 Heronio.
852 3204 870 3254 l.
885 3221 909 3255 o.
923 3221 949 3270 p.
958 3203 1015 3254 174.
1025 3204 1064 3255 n⁰.
1073 3220 1130 3256 nvn.
1151 3203 1194 3256 cf.
1208 3206 1351 3270 Augustus
1365 3205 1399 3254 de
1417 3205 1556 3272 baptismo
1568 3219 1623 3254 con-

340 3294 385 3340 tra
396 3290 536 3339 Donatist.
555 3289 604 3340 III.
625 3305 686 3356 cop.
700 3289 725 3338 7.
744 3289 819 3340 Isou.
834 3289 938 3342 decret.
951 3295 1021 3355 part
1034 3289 1081 3340 1v.
1100 3288 1229 3354 capilii.
1253 3293 1320 3340 item
1337 3291 1466 3340 Panorm.
1480 3290 1517 3339 11.
1536 3306 1561 3339 e.
1575 3287 1623 3337 lbi.

340 3373 470 3425 Gratiani
482 3374 557 3424 decr.
571 3388 632 3423 cen.
645 3373 670 3423 6.
684 3374 756 3424 Dist.
770 3373 845 3423 VIII.
864 3371 943 3438 [Cum
962 3373 1077 3440 primum
1096 3374 1261 3423 ad·Hutteni
1278 3373 1367 3423 locum
1386 3374 1420 3423 de
1433 3375 1542 3424 Zosimo
1560 3387 1624 3438 pape

340 3460 378 3522 (a.
390 3458 449 3508 tlt.
463 3455 518 3523 sq.)
538 3456 818 3522 Carthaginiensique
839 3457 957 3508 concilio
978 3463 1075 3509 contra
1088 3457 1234 3525 Pelagium
1251 3457 1361 3519 babitu,
1383 3458 1418 3507 no
1438 3458 1509 3524 quod
1527 3459 1624 3523 legstos

340 3558 404 3594 suos
421 3542 469 3594 ille
487 3543 615 3605 miseret,
639 3543 823 3607 cogitassem,
856 3558 890 3593 ex
912 3541 988 3593 illins
1008 3543 1089 3609 epist.
1108 3541 1220 3594 Aurelio
1243 3546 1272 3593 et
1292 3543 1369 3592 uuir.
1388 3542 1528 3609 episcopis
1549 3541 1623 3591 Afric.

340 3629 396 3690 §.In
403 3626 428 3678 6.
442 3627 575 3680 adnotavi
599 3625 650 3689 „Si
666 3626 739 3678 hauc
762 3627 849 3692 igitur
865 3627 1082 3680 moderationem
1101 3633 1179 3678 extra
1197 3631 1304 3693 septum
1323 3627 1388 3677 lidei
1406 3631 1509 3678 nosue
1526 3626 1623 3694 positus

341 3711 454 3782 [gentiiis
466 3714 555 3774 Folio,
575 3711 666 3764 Actor.
680 3711 698 3762 l.
714 3707 752 3778 e]
776 3713 867 3762 tenuit
885 3718 982 3763 contre
1001 3712 1203 3764 sacerdotalem
1221 3702 1370 3777 pudorem,¹
1390 3711 1507 3778 intlIgus
1523 3709 1622 3762 omnino

341 3797 490 3849 credulitas
509 3797 671 3847 absentibus
689 3797 717 3848 iu
736 3796 879 3847 absentes:
900 3803 998 3862 quotus
1017 3799 1089 3848 euim
1109 3798 1223 3862 quisque
1236 3797 1364 3846 immunis
1377 3797 1534 3846 Invenietur
1545 3812 1562 3844 ι
1573 3793 1622 3844 vul·

339 3899 420 3945 nere,
439 3883 464 3933 si
483 3883 518 3934 ad
536 3897 642 3934 omnem
661 3881 788 3932 ferientia
807 3882 891 3932 ictum
910 3881 1160 3948 credulumpcctns
1174 3881 1335 3946 aperituri.
1349 3917 1356 3930 .
1371 3916 1378 3929 .
1392 3879 1576 3931 Tolerabilius
1588 3883 1623 3928 est

259 3965 263 3972 “
341 3968 414 4018 enim
432 3967 606 4019 innocentem
626 3965 775 4032 quemlibet
793 3966 898 4016 tardius
923 3967 1055 4028 inveniri,
1081 3981 1162 4032 quem
1185 3966 1241 4016 cito
1264 3981 1313 4032 pro
1336 3969 1456 4016 nocente
1479 3959 1622 4016 damneri'.

339 4053 487 4104 Possumus
507 4053 591 4103 etiam
609 4051 644 4102 erl
660 4051 778 4104 Damasi
796 4051 882 4100 verba
900 4047 976 4116 (can.
991 4049 1031 4102 76.
1046 4049 1127 4101 Ceus.
1142 4051 1188 4101 XI.
1203 4049 1290 4116 qunti.)
1308 4051 1426 4100 referre:
1447 4049 1567 4112 „Eorum
1584 4047 1623 4112 qui

340 4141 520 4201 accusantur,
545 4149 645 4188 causas
666 4135 804 4187 discutere
827 4151 881 4186 non
904 4135 972 4187 licet
989 4136 1064 4202 prius
1083 4151 1163 4200 quam
1183 4135 1318 4186 canonice
1337 4134 1430 4186 vocati
1448 4133 1485 4184 acl
1502 4131 1622 4198 synodum

340 4221 469 4282 veniant,
489 4225 517 4271 et
535 4236 657 4286 presens
674 4237 721 4286 per
738 4227 904 4286 presentem
924 4227 1060 4286 agnoscat
1077 4221 1216 4272 veraciter
1234 4227 1263 4270 et
1281 4218 1422 4284 Intelligat
1440 4231 1501 4284 qnae
1520 4219 1547 4268 ei
1563 4215 1622 4268 obti-

340 4306 459 4356 ciuntur.
479 4305 549 4370 quod
567 4305 637 4355 bene
656 4310 684 4354 et
701 4320 751 4370 per
763 4305 937 4372 Sapientiam
950 4305 1104 4358 Salomonis
1123 4303 1242 4370 [Euclea.
1256 4305 1302 4354 xl.
1316 4301 1422 4370 7.sqq.]
1435 4302 1538 4354 dieitur
1556 4301 1622 4352 ‘Aue

341 4405 413 4456 quma
430 4392 566 4450 meris,
586 4405 617 4438 ne
634 4390 825 4453 reprebendos',
846 4389 974 4454 ‘Inteltipe
991 4393 1077 4454 prius,
1096 4397 1120 4440 et
1138 4397 1198 4442 trine
1215 4386 1340 4454 increpn'‚
1360 4389 1438 4440 ‘Ante
1456 4403 1530 4453 qm
1546 4385 1622 4435 Mlt-

340 4477 390 4532 ris,
410 4489 440 4522 ne
458 4473 635 4537 respondeas.
652 4475 689 4522 Et
706 4471 775 4524 licet
793 4474 970 4539 apertissima
988 4477 1026 4526 sit
1044 4475 1243 4526 contrariorum
1260 4473 1456 4540 reprehensio,
1479 4485 1571 4522 veruna
1588 4473 1622 4518 ts·

341 4573 403 4612 men
422 4562 531 4623 oportet
553 4557 588 4608 ab
612 4556 656 4608 his
680 4558 726 4622 qui
750 4559 809 4608 dati
832 4563 896 4610 aunt
914 4559 948 4612 acl
968 4574 1060 4610 eorum
1080 4559 1330 4620 examinationem,
1356 4557 1479 4610 orrlinsm
1502 4551 1622 4606 serveri-

341 4644 385 4696 Ci.
399 4643 482 4696 etism
500 4641 666 4694 Tertullinn.
684 4641 717 4693 de
736 4643 969 4708 praescriptiouib.
983 4661 1006 4694 c.
1021 4643 1062 4696 35.
1088 4643 1193 4707 ,mbos
1216 4645 1270 4694 erit
1291 4643 1476 4694 testimonium
1495 4637 1622 4694 sennis

340 4729 442 4795 ubique
461 4727 624 4795 occupantis
641 4725 868 4794 principatum.”]
905 4726 926 4760 ¹⁰
945 4726 1048 4794 Magis]
1060 4729 1122 4778 Act.
1136 4733 1223 4794 apost.
1238 4714 1316 4778 Uli.
