3464 5526
241 359 362 398 RWHNI
381 359 411 415 ¹¹,
430 358 522 406 DVGU
539 356 818 394 WfB'fEllPEllGllfssssbf
836 355 939 422 ortuo
957 355 1014 390 1111.
1040 355 1068 390 Ι.
1081 353 1145 390 tvo.
1158 353 1184 391 A.
1199 346 1256 390 1517.
1342 320 1389 394 73

124 513 290 576 immortales
312 513 496 594 prohibeant,
520 519 550 576 et
571 514 651 592 quod
673 532 760 578 nemo
783 520 827 592 est
848 513 898 592 qui
916 505 1099 590 suspicetur,
1121 508 1273 590 absulutus
1287 509 1389 578 fueris·

124 617 191 678 nulla
212 625 308 678 tamen
326 619 487 696 posteritas
509 616 610 678 credet
631 618 662 676 in
683 616 740 676 hac
766 615 875 694 patria,
905 613 962 674 hoc
991 619 1137 696 conventu
1163 613 1206 673 sic
1233 631 1281 682 me
1309 610 1390 688 loqui

123 737 212 780 ausum
234 720 341 794 fuisse,
365 720 419 780 nisi
442 725 474 780 tu
496 720 538 780 sic
560 717 694 789 fecissem
724 723 754 779 et
775 717 975 794 magnitudine
996 715 1040 775 tui
1066 712 1201 786 sceleris,
1230 711 1389 774 acerbitate
1456 700 1459 708 ’

123 821 172 882 odii
192 839 286 882 meam
310 820 514 914 confidentiam
534 821 701 880 metientur.
745 820 887 897 Agnoscis
905 826 933 880 te
948 819 1052 896 igitur,
1075 817 1224 896 agnoscis,
1246 815 1457 895 perditeftrie.

103 931 162 984 tant
181 922 248 1002 quid
270 921 326 986 sibi
348 921 477 983 usitilia
498 923 529 982 in
552 940 604 1006 ore
626 923 825 993 contumacia,
848 919 897 984 ille
920 919 1025 980 frontis
1046 919 1141 998 rigor,
1165 917 1213 980 illa
1237 917 1391 980 oculorum
1428 930 1431 936 ’

123 1025 246 1086 torvitas?
269 1023 369 1108 adhuc¹
386 1023 467 1086 ferus
489 1041 540 1110 es,
565 1022 661 1084 adbuc
683 1025 848 1102 prinoipem
865 1023 981 1092 refers,
1011 1012 1143 1082 vaesane'i
1171 1019 1230 1082 noli
1250 1027 1310 1082 tam
1333 1020 1390 1082 alte

121 1127 278 1205 suspicere,
302 1125 362 1186 noli
376 1127 474 1205 prisca
491 1127 635 1214 cogitare:
657 1127 797 1206 princeps
813 1131 874 1195 est,
895 1125 926 1184 in
942 1143 1000 1202 quo
1016 1123 1132 1188 abunde
1147 1131 1215 1185 sunt
1229 1125 1300 1193 ista,
1323 1139 1391 1200 gra·

123 1229 196 1296 ritas,
219 1229 307 1298 fides,
331 1227 502 1316 prudentia,
525 1227 645 1305 religio,
669 1227 837 1308 consilium,
859 1226 1041 1296 humanitas,
1065 1226 1188 1295 iustitia,
1216 1226 1389 1296 moderatio,

121 1315 328 1406 integritas;·in
350 1337 417 1390 tuos
438 1345 538 1392 mores
560 1347 619 1390 non
642 1330 720 1390 cadit
741 1329 804 1390 hare
819 1326 991 1408 appellatio;
1015 1346 1074 1390 non
1091 1334 1173 1406 potes
1191 1328 1266 1390 hanc
1281 1327 1391 1399 molem

98 1433 268 1494 ttsustinere:
292 1439 341 1492 tua
362 1431 478 1500 levitas,
500 1438 569 1493 tuus
591 1440 703 1502 tumor,
726 1438 777 1493 tua
798 1430 966 1512 insolentia,
990 1437 1039 1492 tua
1054 1432 1202 1502 atrocitas,
1225 1439 1292 1493 tuus
1305 1423 1406 1494 furor*

120 1552 170 1592 non
190 1519 295 1613 recipit
317 1533 393 1594 banc
415 1551 588 1612 personam,
612 1547 679 1613 quae
700 1534 820 1594 summis
842 1539 954 1594 tantum
976 1532 1133 1596 virtutibus
1154 1532 1288 1596 debetur.
1318 1534 1457 1611 igetur.

119 1653 180 1712 ergo
201 1635 237 1696 ad
259 1643 374 1696 veteres
396 1636 559 1698 Succorum
580 1637 729 1716 principes
751 1618 895 1713 originem
915 1642 995 1697 biam
1009 1635 1113 1705 refer,
1127 1634 1238 1708 scelus,
1262 1641 1312 1696 aut
1326 1627 1391 1696 Fri·

118 1736 297 1798 derichorum
319 1743 348 1798 te
370 1738 533 1816 posteritati
555 1739 667 1810 insere,
696 1731 952 1808 clarissimorum,
971 1756 1037 1800 curu
1060 1745 1092 1800 tu
1114 1739 1153 1800 sis
1175 1739 1391 1800 contaminatis·

117 1839 214 1907 simus.
238 1840 483 1912 fortissimorum,
501 1859 574 1920 -cum
590 1842 678 1902 tusis
693 1841 910 1918 ignavissimus,
935 1839 1245 1912 clementissimorum,
1270 1859 1336 1902 eum
1359 1845 1390 1902 tu

93 1949 110 1990 ¹⁵
119 1941 151 1999 sis
170 1941 397 2010 onustissimus:
420 1942 499 2020 atqui
521 1957 618 2020 neque
633 1941 670 2002 ab
687 1941 732 2002 his
747 1959 839 2020 genus
855 1943 951 2012 ducis,
974 1959 1069 2020 nuper
1085 1959 1200 2012 comes,
1222 1959 1319 2020 neque
1334 1942 1390 2014 bu·¹

117 2042 184 2102 marti
206 2044 235 2104 iu
257 2050 287 2104 te
310 2041 418 2122 aliquid
441 2045 633 2123 perspicitur:
656 2049 771 2104 tanturn
794 2043 877 2106 abest
898 2045 1039 2123 principis
1060 2050 1089 2104 te
1111 2043 1178 2105 loco
1198 2051 1231 2104 ut
1252 2045 1389 2122 dignetur

117 2145 186 2220 quis,
209 2152 259 2204 aut
281 2143 421 2206 Germani
443 2147 594 2224 sanguinis
615 2145 730 2226 prolem
744 2154 777 2207 ut
791 2145 961 2207 arbitretur.
1005 2139 1114 2206 Habuit
1129 2146 1286 2207 Germania
1301 2149 1377 2206 sicut
1391 2154 1457 2205 t-ttt·

116 2242 327 2306 alienationes
349 2247 469 2325 ignavos
491 2247 572 2326 saepe
583 2249 748 2327 principes,
772 2245 874 2308 babuit
890 2247 1002 2317 ebrios,
1025 2245 1220 2325 voluptarios,
1244 2246 1388 2319 imbelles,

115 2345 266 2425 superbos,
296 2351 401 2410 avaros'
429 2368 464 2410 ac
495 2348 672 2432 insolentes;
702 2358 732 2410 at
759 2367 829 2410 vero
851 2351 1003 2428 insigniter
1026 2347 1177 2430 crudelem
1198 2367 1258 2410 non
1287 2348 1390 2412 habuit
1494 2425 1496 2428 ,

88 2457 325 2530 penuquauutu
353 2449 503 2529 prodires,
540 2451 650 2538 furiosa
683 2469 789 2530 pecus,
823 2446 937 2512 norum
964 2453 995 2512 in
1023 2451 1180 2515 Germania
1215 2445 1406 2521 monstrum,-

115 2549 238 2614 iunestus
260 2553 364 2620 matris
386 2559 443 2612 tuae
464 2559 580 2632 partus,
611 2571 646 2614 ex
675 2555 754 2614 omni
781 2551 928 2617 scelerum
957 2573 993 2614 ac
1020 2554 1196 2631 flagitiorum
1225 2551 1388 2616 colluvione

114 2659 218 2730 cretus,
245 2655 296 2733 qui
319 2655 506 2726 Germaniam
530 2653 719 2716 clarissimam
741 2673 859 2733 semper
886 2656 1010 2735 patriam
1040 2663 1207 2717 exterarum
1236 2658 1387 2716 nationum

113 2752 256 2827 calumniis
273 2757 476 2834 patefaceres:
506 2758 564 2818 iam
586 2758 858 2836 enim‘reiicientur
879 2759 910 2818 in
932 2759 1096 2820 Germanos
1118 2775 1264 2840 ¹quaexnos
1285 2759 1455 2836 priuscm.

113 2859 218 2933 ‹puotics
240 2860 417 2934 integritatis
445 2861 591 2921 contentio
621 2840 713 2928 essct,
744 2858 896 2920 Gallorum
923 2860 1086 2938 superbiae,
1116 2858 1255 2922 italorum
1283 2857 1389 2922 levitati

87 2957 235 3020 uobiicere
255 2959 334 3020 soliti
356 2939 472 3022 sumus:
508 2969 537 3022 et
557 2967 589 3020 tu
611 2961 731 3038 quidem
754 2961 791 3022 de
813 2961 970 3024 Germania
1000 2963 1041 3022 sic
1070 2979 1101 3024 es
1128 2963 1262 3024 meritus:
1297 2979 1390 3040 quare

112 3060 172 3136 quid
194 3062 249 3122 tibi
272 3061 432 3132 debeatur,
456 3080 517 3123 nou
539 3062 666 3124 obscure
688 3061 837 3142 intelligis.
882 3047 966 3124 cuius
995 3081 1062 3127 cum
1090 3071 1169 3124 tanta
1191 3066 1228 3123 sit
1249 3063 1389 3142 improbi·

112 3167 162 3230 tas,
184 3163 258 3224 foris
281 3166 397 3240 cognita
419 3183 454 3226 ac
475 3163 671 3232 manifestata,
700 3165 770 3244 quid
792 3164 847 3225 sub
868 3164 918 3226 ilio
941 3166 1045 3232 corde.
1076 3173 1119 3228 tot
1145 3163 1290 3250 malorum
1319 3167 1388 3228 faci-

112 3280 208 3326 norum
231 3267 408 3336 seminario,
431 3264 522 3328 latere
544 3266 709 3345 putandum
724 3267 785 3327 est?
808 3265 917 3336 Quodsi
939 3275 1020 3328 tuam
1035 3275 1165 3330 mentem
1179 3275 1457 3346 perscrutatum-¹²².

111 3367 167 3443 quis
188 3366 280 3428 fuerit
301 3373 425 3446 tuasque
447 3369 641 3448 cogitationes
662 3369 755 3454 possit
776 3368 812 3428 ad
836 3369 1050 3431 confessionem
1073 3369 1208 3446 adigere,
1238 3376 1389 3448 quantum,

86 3467 145 3526 tedii
166 3467 250 3539 boni,
274 3469 436 3540 scelerum,
460 3478 602 3548 quantum
624 3471 819 3550 pessimorum
840 3471 1016 3548 flagitiorum
1033 3489 1068 3532 er
1082 3471 1140 3531 hoc
1155 3472 1274 3532 sinuoso
1288 3477 1388 3550 pecto-

111 3571 145 3628 ris
165 3572 207 3633 tui
229 3569 400 3651 labyrintho
422 3573 580 3633 acervatim
603 3572 753 3637 elfrmdesi
775 3571 866 3634 multa
889 3574 1022 3650 cogitasti
1045 3575 1123 3634 enim
1143 3589 1211 3652 qum
1227 3589 1286 3635 non
1301 3591 1390 3636 ausus
1449 3559 1455 3566 ’

111 3683 141 3728 es
156 3673 269 3735 facere:
300 3692 334 3734 ca
362 3679 412 3734 tua
434 3679 479 3734 est
500 3673 736 3754 pusidanimitas,
765 3673 856 3736 velles
883 3676 997 3746 omnia,
1025 3661 1093 3744 sed,
1124 3680 1156 3736 ut
1186 3673 1237 3734 tibi
1265 3674 1387 3743 ridetur,

110 3790 207 3848 pauca,
232 3781 266 3836 ut
287 3775 374 3836 nobis
394 3793 484 3856 reno,
507 3775 593 3836 nimis
614 3775 705 3840 multa
726 3777 885 3856 perfecisti.
922 3777 952 3837 id
974 3776 1052 3856 quod
1075 3776 1105 3839 in
1123 3777 1206 3837 istius
1221 3792 1293 3838 nece
1308 3789 1453 3855 per-rrae.

110 3883 233 3953 spectum
259 3883 318 3938 est:
342 3877 457 3955 quoties
479 3878 600 3939 timuisti
623 3879 701 3940 enirn
724 3895 760 3938 ne
782 3885 812 3938 te
834 3880 970 3958 superior
998 3886 1090 3948 esset,
1120 3880 1144 3939 si
1172 3877 1286 3956 primus
1313 3879 1389 3939 ictus

86 3983 210 4053 epraeter
232 3997 317 4059 spem
341 3979 494 4040 cecidisset
516 3999 550 4040 ac
572 3981 638 4058 ipse
658 3979 859 4042 defensionem
881 3983 926 4042 sui
948 3979 1077 4042 iniisset?
1099 3980 1178 4058 quod
1202 3979 1310 4041 factum
1333 3981 1386 4045 du-

111 4077 152 4138 bio
172 4081 278 4159 procul
302 4087 394 4164 esset:
417 4098 514 4160 neque
537 4082 615 4143 enim
638 4083 807 4144 metuissem
830 4081 907 4144 illius
929 4083 1009 4152 ritae,
1037 4082 1062 4142 si
1092 4081 1137 4144 vel
1160 4088 1262 4144 exerto
1285 4083 1388 4145 adver·

110 4197 165 4240 sum
187 4189 215 4242 te
239 4179 339 4260 gladio
361 4182 484 4244 salutem
506 4202 589 4244 suam
610 4186 688 4245 tueri
710 4185 838 4245 monitus
861 4185 976 4244 fuisset:
1000 4191 1030 4247 tu
1053 4184 1140 4260 igitur
1162 4183 1238 4247 illius
1254 4169 1407 4248 virtutem¹

110 4292 256 4352 metuens,
278 4291 338 4345 tuae
359 4282 552 4347 imbecillitati
574 4284 710 4349 diflidens
733 4285 839 4347 iussisti
858 4285 969 4346 nudum
992 4303 1056 4346 esse
1073 4284 1168 4356 illum,
1192 4288 1254 4366 ipse
1269 4293 1299 4348 te
1314 4287 1400 4350 elam'

110 4387 188 4445 umis
210 4386 377 4454 muniristi;
401 4384 457 4447 hoc
479 4386 624 4476 prodendi
647 4391 813 4448 commento
835 4393 915 4448 tuam
943 4388 1076 4464 ignavam
1105 4387 1285 4450 timiditatem
1309 4390 1386 4451 exei-
1431 4421 1435 4432 ·

84 4487 184 4554 tttasti,
211 4494 296 4548 tuum
325 4487 511 4566 desperatum
540 4487 693 4550 consilium
720 4493 918 4568 prosequutus
946 4505 992 4556 es;
1015 4489 1160 4567 'quodque
1188 4491 1250 4569 ipsa
1278 4497 1454 4554 osten-§.uc

108 4601 303 4616 —u———-

168 4671 301 4724 ‘mane
320 4677 346 4724 2.
400 4671 421 4706 ¹²
437 4673 640 4750 Eriderieorum
658 4678 684 4726 2.
719 4671 739 4707 ²¹
753 4711 760 4726 .
773 4670 910 4725 Funestus
928 4677 952 4725 1.
971 4640 1039 4724 coir.
1052 4675 1082 4725 n.
