3434 5512
331 405 402 475 332
479 433 600 468 liviri-:itt
621 433 657 467 AD
677 433 787 467 ΒΕΟΝΕΜ
806 433 832 468 X·
853 433 887 467 DE
908 431 998 468 BVLLA
1016 430 1125 475 CQNTRA
1145 431 1295 466 LVTREEV!
1315 431 1462 466 BPlSTVM.

857 670 905 731 lu
926 637 1089 732 ueouuu

271 851 315 902 §.t
414 826 484 887 llaec
505 841 596 903 super
619 821 701 883 Bulla
725 830 774 882 tua
797 821 965 892 habuimus,
987 821 1121 882 Pontifex
1144 822 1221 891 Leo,
1245 841 1332 901 quam
1348 823 1507 900 praestabat
1520 823 1616 884 liomre

329 929 472 990 contineri
495 925 572 1004 apud
595 930 729 985 sanetum
744 925 874 994 Petrum,
896 929 930 983 ut
951 931 1096 1002 perpetuo
1118 923 1236 993 lateret,
1261 943 1350 1003 quern
1372 931 1454 986 tanto
1477 943 1542 985 cmn
1563 943 1615 1002 pu·

329 1031 402 1092 dore
432 1029 466 1106 (si
494 1035 523 1090 te
553 1026 643 1087 modo
673 1025 763 1105 pudet
791 1023 954 1102 dedecoris)
985 1024 1064 1085 iores
1093 1027 1172 1085 etin
1194 1024 1292 1085 lucem
1316 1027 1416 1086 emitti.
1463 1025 1559 1095 Quare
1580 1045 1614 1086 ne

329 1151 388 1194 uon
411 1148 529 1208 semper
551 1127 659 1207 aliquid
682 1132 763 1188 recte
787 1143 959 1186 moneamus
981 1135 1025 1194 te,
1050 1128 1183 1204 precium
1207 1143 1307 1205 operae
1329 1133 1374 1188 est
1394 1127 1441 1187 isti
1458 1133 1516 1188 tuae
1530 1126 1633 1187 licen-⁵

330 1236 377 1295 tiae
399 1223 519 1292 modum
542 1231 672 1291 statuere
695 1235 724 1289 et
746 1227 912 1308 petulantes
933 1227 1022 1287 huius
1049 1227 1166 1306 generis
1188 1226 1287 1288 Bulles
1315 1229 1458 1297 fraenare,
1488 1247 1526 1288 ne
1555 1227 1616 1307 plus

270 1351 316 1400 aa.
330 1353 414 1414 aequo
437 1353 469 1394 se
492 1330 652 1392 ellundaut.
697 1328 806 1390 Paulus
829 1328 910 1389 iubet
932 1329 1019 1389 ctiam
1042 1347 1057 1388 a
1080 1329 1178 1406 specie
1201 1327 1270 1390 meli
1292 1327 1441 1391 abstinere
1468 1337 1513 1397 te;
1542 1337 1617 1389 tanto

329 1438 427 1502 minus
449 1433 539 1495 debes
562 1439 698 1512 apertum
722 1439 749 1492 te
772 1429 980 1491 offendiculum
1003 1427 1138 1510 praebere
1161 1429 1272 1510 populo
1289 1430 1471 1502 Christiano,
1495 1433 1542 1492 cui
1563 1433 1616 1492 iam

331 1553 506 1618 persuasum
529 1535 583 1615 ipsi
607 1551 724 1613 quoque
748 1538 806 1601 est,
830 1533 860 1592 in
877 1532 1033 1608 Germania
1056 1531 1236 1618 praesertim,
1261 1551 1295 1591 ex
1319 1531 1536 1610 pontificalibus
1551 1550 1617 1592 cou-

331 1637 546 1720 stitutionibus,
570 1643 602 1696 ut
624 1635 706 1695 numi
728 1631 815 1711 vrrlgo
838 1639 921 1702 sunt,
945 1639 1027 1694 tauto
1049 1651 1197 1712 quamque
1221 1633 1398 1696 deteriorem
1414 1651 1488 1704 esse,
1511 1641 1616 1713 quanto
1626 1651 1645 1687 u

273 1759 318 1810 §.a
334 1743 372 1802 sit
393 1740 549 1800 recentior.
595 1734 660 1796 Noli
683 1751 753 1795 vero
776 1741 958 1796 commutare
982 1735 1131 1795 veritatem
1157 1735 1202 1796 del
1226 1737 1255 1796 in
1283 1735 1485 1806 mendacium,
1517 1743 1546 1796 et
1565 1735 1619 1795 liu-

334 1859 436 1903 manas
459 1846 571 1902 vestras
593 1837 831 1905 constitutiones,
855 1833 891 1896 ab
915 1837 1032 1896 avaritia
1057 1843 1085 1896 et
1108 1836 1268 1898 ambitione
1291 1837 1496 1916 depromptas,
1520 1835 1618 1897 divinis

272 1957 318 2006 ta.
334 1942 475 2024 praelcrre
497 1939 642 2000 mendatis
664 1945 694 1999 ct
715 1938 762 1998 dei
785 1937 884 1998 uerbo.
922 1935 996 1998 lllud
1019 1939 1153 2016 inprimis
1175 1937 1282 1998 desiste
1305 1955 1405 2000 amore
1427 1937 1504 1998 lueri
1519 1939 1617 1999 divine

329 2045 484 2123 scripturae
511 2059 630 2102 sensum
659 2040 765 2118 iniquis
795 2039 971 2117 detorquere
994 2039 1089 2100 modis
1111 2047 1140 2100 et
1162 2039 1198 2100 ab
1221 2057 1254 2101 se
1276 2038 1402 2101 alienum
1425 2041 1561 2110 reddere,
1584 2058 1615 2099 ac

330 2146 474 2207 fascinare
504 2140 632 2204 tideliora
660 2149 792 2212 mentes,
825 2157 863 2201 ne
893 2141 1006 2202 veritati
1037 2140 1184 2203 obediant.
1230 2141 1303 2202 Nam
1332 2141 1401 2222 quid
1425 2141 1543 2202 conaris
1563 2147 1643 2202 tamo

331 2247 494 2308 manifestis
516 2246 573 2306 tuis
595 2243 711 2322 flagitiis
734 2242 803 2302 boni
826 2243 954 2320 speciem
977 2241 1135 2313 inducere,
1159 2261 1226 2304 cum
1250 2245 1376 2322 possim,
1400 2243 1477 2304 siin
1500 2259 1616 2303 eonce-

332 2351 472 2422 tationem
495 2365 542 2408 me
566 2345 756 2424 perduxeris,
787 2360 879 2404 unum
907 2346 937 2404 in
960 2333 1117 2405 Germania
1150 2345 1322 2424 episcopum
1349 2345 1508 2406 ostendere
1530 2344 1616 2405 omni·

272 2467 318 2518 ce.
332 2451 404 2521 bus,
433 2468 449 2510 a
471 2467 530 2529 quo
555 2449 580 2508 vi
603 2465 640 2513 ac
660 2444 765 2506 iraude
787 2446 934 2506 extorsisti
956 2452 1062 2525 quater
1083 2448 1216 2524 sexagies
1237 2446 1317 2509 mille
1340 2449 1466 2510 aureosi
1494 2447 1545 2508 Est
1565 2447 1617 2507 hoe

332 2553 456 2615 tondere
479 2549 570 2612 oves?
593 2556 643 2609 aut
665 2545 804 2627 spelunca
827 2546 975 2626 latronum
999 2548 1073 2608 iacta
1098 2555 1140 2608 est
1156 2548 1262 2610 domus
1277 2548 1404 2610 dominil
1425 2548 1556 2610 Tandem
1572 2566 1616 2608 cu·

331 2651 503 2735 piditatibus
525 2651 582 2711 tuis
605 2648 730 2717 obsiste,
761 2653 848 2727 atque
871 2651 956 2710 istam
979 2658 1111 2728 tempera
1134 2651 1325 2727 rapacitatem
1348 2657 1441 2719 tuam,
1472 2649 1644 2711 conlidense

332 2745 371 2818 in¹
385 2755 483 2817 verbis
505 2749 653 2814 mendacii
675 2769 710 2810 ac
732 2750 834 2812 dicens
857 2751 975 2812 cottidie
999 2749 1164 2831 ‘Templum
1188 2751 1314 2821 domini,
1338 2751 1482 2830 templum
1506 2749 1617 2813 domini'

333 2865 362 2919 et
385 2857 469 2924 ‘Pam
493 2853 567 2933 par',
591 2872 658 2915 eum
682 2870 742 2912 non
765 2853 803 2914 sit
824 2869 889 2932 pax.
934 2853 1009 2913 Nam
1030 2858 1062 2914 ut
1085 2851 1238 2913 hommum
1254 2848 1353 2933 genus
1363 2852 1531 2923 fallas,'his
1545 2853 1617 2914 irau-

274 2977 320 3026 υ..
334 2957 421 3019 dibus
444 2974 503 3016 nou
526 2963 610 3035 potes
632 2953 713 3016 illum
736 2953 828 3016 latere
853 2953 986 3015 cordium
1009 2961 1222 3025 scrutatorem,
1246 2954 1339 3036 qualis
1361 2957 1410 3016 sis.
1456 2955 1617 3016 lluuineris

335 3078 403 3120 uero
426 3055 533 3136 depelli
555 3056 738 3128 inundantis,
761 3055 812 3117 ubi
834 3055 978 3126 transibit,
1002 3075 1040 3117 nc
1063 3057 1159 3117 veniat
1181 3065 1315 3137 superte
1332 3056 1616 3136 eipscudecclesiem

334 3163 417 3222 istam
433 3153 513 3220 tuam
529 3167 678 3237 totamque
694 3157 786 3220 semel
802 3157 956 3218 conculcet
970 3159 1166 3237 pessimorum
1178 3157 1279 3219 Romae
1291 3159 1443 3219 hominum
1458 3157 1642 3220 colluviemu

273 3275 317 3326 tr.
334 3262 410 3333 Ouid
433 3261 511 3322 enim
534 3261 635 3322 Romae
656 3259 748 3323 habes
764 3267 871 3339 praeter
886 3255 1030 3320 inlinitum
1046 3257 1126 3320 illum
1142 3262 1323 3322 musicorum
1340 3269 1459 3321 tuorum
1475 3267 1505 3320 et
1521 3259 1615 3322 adsen-

333 3373 460 3426 tatorum
477 3379 608 3442 gregem.
632 3363 687 3422 nisi
704 3379 803 3423 meros
819 3362 909 3431 iures,
926 3379 1025 3422 meros
1041 3343 1227 3440 irrrpostores,
1250 3361 1445 3432 fraudatores,
1470 3361 1616 3440 predones

334 3473 384 3528 eut
405 3465 490 3526 alltcr
512 3463 605 3526 malos
626 3463 776 3532 homincs;
801 3465 851 3543 qui
873 3464 957 3542 quasi
978 3481 1108 3542 aucupes
1130 3470 1245 3541 ponunt
1265 3463 1388 3542 laqueos
1410 3471 1440 3524 et
1455 3463 1571 3542 pedicas
1584 3459 1615 3520 ad

273 3588 318 3638 es.
334 3567 509 3648 capiendum
531 3565 648 3627 cottidie
671 3565 740 3626 irinc
762 3565 890 3645 aliquid?
917 3566 1039 3626 Parcius
1066 3571 1210 3643 praeterea
1236 3563 1348 3626 lacesse
1371 3567 1504 3626 veritatis
1526 3564 1615 3625 adser-

313 3669 429 3740 ‘tores,
453 3687 490 3730 ne
513 3667 622 3730 melum
646 3666 723 3728 ultro
745 3665 798 3728 tibi
820 3666 973 3728 concilies!
996 3667 1057 3728 lem
1081 3667 1137 3727 lroc
1161 3667 1238 3728 anim
1254 3665 1381 3728 clamant
1395 3685 1465 3728 cum
1481 3665 1641 3748 prophetae

333 3772 441 3853 passim
463 3768 562 3840 multi,
591 3768 675 3839 ‘Quia
706 3770 819 3830 corruit
840 3771 869 3831 iu
892 3769 997 3848 plateis
1019 3770 1141 3838 veritas.
1172 3775 1201 3829 et
1229 3769 1349 3847 aeqrritas
1377 3786 1438 3828 non
1466 3769 1559 3847 potuit
1577 3767 1614 3826 iu·

333 3871 435 3951 gredi;
466 3877 495 3933 et
517 3870 592 3932 iacta
616 3877 661 3932 est
682 3872 789 3932 veritas
811 3873 840 3930 in
861 3869 1056 3938 oblivionem,
1087 3877 1117 3929 et
1138 3872 1189 3947 qui
1208 3871 1331 3931 recessit
1353 3887 1368 3930 a
1397 3869 1492 3940 malo,
1521 3865 1615 3947 prede

274 3994 320 4043 ee.
335 3972 444 4053 patuit'.
490 3973 588 4046 Quare
611 3989 710 4034 meum
734 3979 779 4033 est
807 3971 979 4040 consilium,
1008 3989 1046 4031 ue
1074 3987 1205 4050 unquam
1232 3972 1264 4031 in
1292 3979 1421 4032 mentem
1450 3972 1546 4032 veniat
1571 3967 1615 4028 tibi

335 4075 458 4140 ulterius
480 4075 618 4155 persequi
641 4075 804 4136 Lutherum
827 4091 894 4136 eum
917 4075 952 4134 iis
973 4090 1032 4134 una
1054 4091 1129 4152 quos
1152 4071 1200 4134 ille
1224 4073 1390 4133 commovit.
1438 4072 1539 4152 plures
1558 4075 1616 4130 sunt

903 4209 1055 4222 —-—

801 4260 843 4310 Cf.
857 4260 913 4311 vol.
926 4261 946 4310 Ι.
960 4275 1025 4326 pag.
1039 4257 1098 4311 431.
1112 4273 1153 4324 sq.

400 4411 513 4478 ⁷Peul.]
531 4429 573 4478 ep.
585 4413 606 4462 1.
622 4412 658 4462 ad
671 4412 857 4464 Thesa.V.2·2.
912 4412 931 4446 ¹¹
947 4409 1084 4478 commui]
1098 4411 1180 4462 Puuli
1193 4411 1308 4477 ep.1.ad
1321 4412 1397 4462 Rom.
1412 4413 1435 4463 1.
1449 4411 1490 4462 25.
1537 4408 1614 4458 ''ias-

334 4495 399 4564 cin.]
422 4495 503 4546 Pauli
522 4495 824 4562 ep.adGalat.111.l.
886 4497 918 4530 -¹⁷
935 4497 1029 4564 unum]
1051 4497 1249 4563 Mogontinnm.
1314 4495 1336 4529 ¹¹
1354 4495 1422 4562 spel.
1435 4495 1509 4562 late]
1529 4497 1614 4546 larem.

332 4583 394 4633 Vll.
411 4581 450 4631 ll.
514 4579 570 4624 Μ·
590 4581 688 4630 leram.
701 4581 762 4633 v11.
776 4583 801 4632 l.
815 4585 860 4632 l'l.
878 4584 915 4633 ll.
930 4584 1006 4633 Vlll.
1024 4581 1063 4634 ll.
1123 4579 1146 4613 ²³
1166 4580 1239 4632 cord.
1258 4579 1355 4646 serrat]
1378 4580 1415 4630 ci.
1430 4579 1551 4646 sapient
1565 4578 1583 4626 l.
1594 4573 1614 4622 11.

332 4665 354 4699 ¹⁸
373 4664 487 4734 flagell]
509 4665 825 4718 leat.xxv111.ta.18‚
896 4667 919 4699 ²⁸
937 4667 1017 4732 quasi
1036 4664 1107 4732 aue]
1130 4665 1227 4716 larem.
1241 4665 1274 4717 V.
1287 4663 1329 4714 211.
1394 4663 1417 4696 ⁸⁰
1435 4660 1538 4729 proph]
1559 4659 1614 4711 lesi.

333 4751 406 4802 htx.
422 4750 461 4800 lt.
476 4765 517 4816 sq.
