3410 5524
833 407 841 426 ι

87 456 201 491 armar
214 457 251 491 an
264 455 411 492 arrectus
422 457 507 495 onam
517 459 551 494 vr
562 459 672 494 accurat
683 459 782 495 evacis
797 457 936 496 tornatur
949 455 1175 500 nmonrnronu.
1188 447 1267 514 (itti)
1290 433 1303 506 l
1316 434 1360 506 15

86 609 180 670 ‘Ferre
202 627 359 688 possamus
376 621 425 674 ,ut
439 611 525 674 nohis
546 615 691 692 imperant
717 614 781 682 isti,
811 620 842 674 ut
864 631 919 675 nos
941 616 1140 686 comminuant
1161 618 1363 685 acdestruaut

85 711 157 773 terre
179 730 239 774 uon
262 715 439 792 poterimus;
454 701 618 794 'aliquando
640 716 782 794 quosdam
803 721 937 794 petemus
953 716 1049 778 tontes
1065 717 1141 780 uude
1157 720 1209 781 ista
1226 725 1363 782 emanant

84 813 179 884 exitim
209 814 365 894 aliqnando
388 821 490 877 contra
512 815 645 878 morbida
668 818 777 897 capita,
806 817 884 880 unde
913 819 960 880 isti
988 819 1171 890 descendunt
1192 820 1362 910 pestilentes

84 916 187 987 morbi,
219 918 245 978 ri
272 935 307 978 ac
333 917 467 980 violentia
495 905 698 996 insurgemus:
728 919 963 999 quandoquidem
991 923 1173 999 pereundum
1203 930 1262 992 est,
1291 921 1361 984 mali
1472 974 1477 985 .

66 1017 212 1092 aseneum
235 1020 292 1080 erit
313 1037 371 1080 uua
393 1037 460 1082 oum
482 1020 528 1081 his
550 1022 599 1100 qui
621 1019 792 1099 perditionis
814 1040 916 1083 caussa
940 1021 1058 1085 luerunt
1079 1023 1196 1103 perire’.
1235 1022 1304 1088 Halo
1319 1024 1429 1086 illico.

82 1119 193 1199 pridem
215 1119 391 1200 loquuntur,
422 1140 457 1182 ac
478 1139 583 1184 vereor
605 1139 643 1184 ue
667 1125 716 1203 qui
738 1125 797 1184 siut
819 1125 869 1204 qui
890 1126 948 1186 iam
970 1124 1073 1192 tacere
1097 1145 1213 1206 quoque
1241 1127 1266 1188 si
1294 1145 1362 1207 pos·

82 1213 260 1294 siutrelint,
283 1224 383 1302 quiin
406 1223 771 1294 vosduriusconsulaut‚
802 1226 852 1302 qui
875 1226 912 1286 ad
932 1226 1033 1288 ultima
1056 1228 1216 1308 adspirent.
1261 1245 1362 1308 quarn·
1474 1209 1481 1219 ⁰

81 1322 177 1385 obrem
200 1334 320 1404 tempus
341 1333 399 1396 est,
421 1327 588 1406 principes,
615 1329 744 1388 internas
774 1345 953 1408 componere
977 1328 1047 1392 lites
1074 1349 1109 1390 ac
1131 1331 1247 1409 penitus
1269 1330 1362 1392 entim
1475 1311 1484 1322 ⁶

81 1442 182 1501 guero,
213 1434 244 1487 et
272 1434 373 1488 cauma
400 1427 517 1490 luccas
539 1428 596 1490 hac
625 1429 1008 1494 animadveraaoccasioue
1037 1429 1172 1492 alacriter
1200 1449 1254 1494 uos
1282 1433 1362 1494 iuva·

54 1527 178 1594 ¹·deutes
200 1529 310 1607 aliquid
332 1530 467 1609 aggredi;
496 1538 611 1609 tempus
640 1537 698 1600 est,
726 1532 858 1618 mquam,
886 1531 1200 1598 concorditer'mutua
1227 1551 1281 1594 uos
1303 1545 1429 1612 opelos.

80 1632 151 1691 tueri
172 1649 209 1692 ac
235 1616 436 1694 imminentem
463 1631 548 1692 nobis
569 1634 737 1711 pernicicm
764 1629 953 1714 propulsare,
981 1651 1019 1696 ne
1048 1635 1083 1696 ad
1114 1642 1276 1698 extremam
1304 1636 1361 1698 acti
1440 1621 1444 1627 ⁵

80 1733 279 1794 necessdatem
301 1751 359 1798 non
382 1735 439 1796 iam
463 1749 521 1814 quo
544 1753 659 1807 murus,
683 1721 736 1797 sed
757 1736 905 1815 quomodo
929 1753 1101 1808 maneamus
1123 1754 1257 1816 quaerere
1273 1754 1361 1817 opor-

79 1840 146 1902 teat,
169 1835 201 1895 id
224 1842 350 1896 estnon
372 1835 637 1916 consulercquem
659 1836 891 1917 aliquem‘bello
917 1839 1111 1917 impetamus,
1139 1839 1194 1900 sed
1221 1838 1360 1918 quemad·
1437 1889 1443 1900 .

79 1936 195 1998 modum
218 1939 326 1998 mmm
348 1937 447 1999 afflicti
469 1957 503 2000 ac
525 1939 561 2000 ad
583 1939 684 2001 adtima
705 1942 800 2008 coacti
821 1939 945 2001 salutem
967 1941 1162 2008 inveniamus:
1185 1941 1214 2000 iu
1235 1957 1359 2009 summa.

54 2043 195 2118 *stempas
215 2045 262 2102 cst
289 2039 428 2102 aduersus
455 2057 523 2102 eum
550 2043 601 2120 qui
627 2047 782 2124 postquam
811 2042 967 2102 maximam
996 2042 1112 2121 imperii
1139 2049 1254 2120 partem
1275 2042 1361 2112 nohis

78 2138 196 2213 ademit,
218 2157 300 2204 nuuc
321 2143 407 2203 vitam
430 2145 502 2222 petit
523 2145 722 2235 ac‘upirersae
745 2133 908 2208 Germania
931 2143 1077 2204 excidium
1105 2141 1240 2214 molitur,
1270 2163 1358 2224 expc-

77 2241 133 2302 riri.
170 2242 270 2306 Facile
291 2244 348 2305 hoc
369 2245 433 2314 liet,
456 2247 480 2306 si
495 2245 613 2316 voletis;
637 2265 671 2307 ao
686 2247 740 2308 nisi
755 2245 819 2308 ltaec
834 2247 892 2308 sint
906 2245 1128 2324 impedimenta,
1152 2251 1253 2306 nostro
1271 2241 1358 2306 ctiam
1369 2263 1428 2313 aaa,

78 2344 245 2435 commodo,
268 2353 369 2407 nostra
391 2345 478 2408 laude
499 2365 534 2408 ac
556 2347 647 2426 gloria
671 2349 729 2410 fiet.
774 2347 847 2410 Cum
876 2347 994 2427 possitis
1017 2347 1104 2426 igitur
1125 2347 1246 2408 minimo
1267 2365 1359 2428 nego·

77 2443 112 2504 tio
133 2447 262 2509 maxime
282 2447 380 2517 vobis,
404 2449 530 2511 maxime
552 2449 689 2512 omuibus
710 2450 867 2528 prodesse,
891 2467 990 2530 quaeso
1012 2449 1042 2511 in
1063 2467 1249 2512 communem
1264 2450 1360 2512 redita

50 2561 188 2626 npaoem,
211 2567 248 2610 ac
261 2548 347 2611 istam
362 2556 405 2612 tot
426 2550 504 2614 hona
526 2570 628 2614 secum
649 2552 819 2614 atterentem
843 2552 1030 2615 concordiam
1045 2549 1261 2630 amplectimini.
1274 2552 1426 2624 *Quaem

77 2657 104 2710 ut
130 2653 316 2730 cognoscatis
344 2669 432 2732 quam
460 2669 513 2714 vos
537 2653 656 2725 deceat,
690 2655 780 2716 oredo
808 2671 926 2716 mecum
952 2655 1067 2716 sentitis
1095 2670 1239 2734 nusquam
1267 2653 1362 2732 magis

76 2754 229 2834 conuenire
258 2753 497 2834 tranquillitatem
525 2773 589 2818 esse
619 2775 654 2818 ac
675 2763 807 2818 mutuam
828 2757 927 2846 rigere
954 2739 1138 2816 dilectionem
1168 2771 1255 2834 quam
1284 2756 1362 2818 iuter

75 2853 172 2928 eidnec
194 2852 226 2916 et'
247 2847 389 2935 cognatos
410 2858 552 2935 primum,
576 2857 682 2919 delude
705 2861 781 2933 eires
803 2860 890 2922 etiam
912 2865 941 2919 et
962 2854 1127 2936 populares.
1157 2859 1194 2918 nt
1207 2864 1267 2920 tota
1282 2859 1356 2920 Ger·
1423 2854 1429 2866 '

75 2957 179 3026 mnia,
203 2964 239 3018 ut
260 2975 356 3038 nequo
375 2959 519 3022 atomum
540 2960 709 3022 introeamioi
723 2975 832 3040 neque
854 2959 1056 3040 popularitatis
1077 2965 1215 3038 respectu
1236 2957 1274 3021 ab
1295 2957 1356 3022 illis

46 3057 274 3134 ”pestilentibus
295 3060 448 3122 discordiis
460 3049 666 3133 ¹abducamini,
690 3080 778 3141 quam
800 3062 856 3123 lata
878 3069 936 3132 est,
965 3079 1052 3142 quam
1080 3059 1176 3140 ampla
1204 3079 1239 3122 ac
1260 3077 1364 3139 popu·

74 3157 143 3231 losa,
166 3181 227 3224 uua
250 3145 384 3242 quedam
406 3181 524 3244 semper
545 3163 669 3226 affinitas
692 3165 761 3233 luit,
783 3181 842 3229 una
861 3165 1014 3242 cognatior
1037 3163 1079 3223 sic
1100 3170 1285 3242 compertum
1308 3169 1419 3228 estam

74 3265 146 3324 enim
168 3265 316 3344 indigetes
338 3283 402 3327 esso
424 3265 601 3336 Germanos,
630 3283 685 3328 nee
713 3265 803 3327 ullam
831 3263 986 3344 aliquando
1017 3265 1183 3326 exterarum
1205 3265 1357 3326 nationum

73 3367 200 3427 mutandi
221 3365 364 3428 domicilii
387 3383 489 3429 caussa
511 3367 571 3431 huc
593 3368 790 3446 immigrasse;
819 3374 849 3428 et
875 3373 944 3428 suut
971 3367 1020 3446 qui
1049 3365 1086 3426 ab
1114 3365 1171 3426 hoc
1193 3367 1356 3429 Germaniae

74 3483 175 3530 nomeu
199 3487 215 3529 a
239 3469 350 3530 Latinis
377 3468 501 3531 inditum
521 3475 641 3549 putent,
675 3477 708 3532 ot
734 3467 873 3532 Germani
907 3469 989 3547 quasi
1023 3467 1128 3528 tratres
1162 3466 1298 3530 dicautur
1326 3475 1356 3528 ct
1470 3463 1472 3468 ’
1563 3497 1570 3510 ·

48 3572 213 3648 ”cognatio
226 3571 365 3660 quicquid
388 3577 445 3642 est,
468 3573 598 3633 unanimi
620 3573 698 3633 inter
720 3571 874 3632 historicos
893 3587 982 3630 seusu
997 3568 1132 3638 marcuit
1145 3563 1266 3648 s‘emper
1278 3568 1355 3630 hauc

73 3673 217 3736 radonem
239 3673 296 3736 sibi
318 3674 483 3734 constitisse
505 3693 539 3734 ac
562 3672 598 3734 ab
620 3691 652 3735 se
680 3670 871 3752 pependisse,
900 3690 935 3732 ea
963 3689 1053 3750 seque
1080 3677 1271 3751 propagatam
1299 3657 1373 3731 nac'

73 3789 197 3854 unquam
220 3783 409 3844 externarum
431 3777 561 3852 gentium
583 3776 777 3852 permixtione
798 3775 946 3836 iniectam.
991 3770 1062 3842 Quae
1090 3773 1203 3849 puritas
1230 3779 1260 3832 ct
1287 3783 1423 3850 per-§.ea

73 3877 190 3940 muitas
218 3857 298 3957 apud
325 3876 422 3938 nullos
448 3879 497 3958 qui
525 3877 642 3962 quidem
663 3877 779 3954 cogniti
803 3883 872 3938 suut
892 3873 1018 3954 populos
1046 3876 1084 3935 ita
1107 3881 1278 3934 conservata
1300 3879 1352 3944 cst,

73 3983 102 4036 ut
121 3995 179 4041 oon
211 3977 372 4058 aliquando
394 3997 443 4040 rea
471 3977 558 4040 simul
586 3997 621 4040 ac
642 3977 777 4040 homiues
803 3982 997 4040 mutarentur.
1042 3977 1089 4037 cui
1111 3974 1155 4036 rei
1176 3975 1353 4072 documento

47 4087 132 4141 ³tressa
154 4087 281 4161 possum
308 4080 422 4142 tluitimi
451 4082 577 4142 maxime
604 4083 712 4142 nostri:
743 4069 772 4140 io
799 4079 965 4140 Pannonias
991 4079 1171 4139 transierunt
1199 4075 1299 4138 lluooi
1325 4083 1355 4138 et

74 4180 196 4260 Scpne,
219 4184 250 4243 in
273 4182 447 4244 Sarmatiam
469 4183 570 4244 Getta
592 4191 621 4244 et
643 4181 726 4252 liaci,
750 4199 786 4242 ca
809 4182 1015 4250 contrieram,
1039 4184 1177 4248 utuunc,
1200 4177 1354 4242 laominum

74 4281 135 4344 olim
156 4283 345 4370 multitudine
366 4292 453 4346 terrea
476 4283 701 4346 lmcuudidatem
724 4289 881 4362 superante
904 4275 1110 4360 migraverunt¹
1124 4278 1213 4359 aliqui
1234 4282 1265 4344 in
1286 4275 1354 4342 Gal·

135 4505 199 4573 'ac
217 4525 329 4574 coruli.
359 4527 390 4572 ut
409 4523 463 4572 l.2.
551 4519 572 4553 ¹*
591 4523 655 4582 iam]
676 4521 716 4572 ita
734 4523 759 4570 2.
777 4520 825 4570 aed
841 4533 911 4570 corr.
924 4520 941 4570 ι’.
952 4519 974 4583 s.
1060 4515 1082 4550 ¹²
1101 4517 1207 4583 ,facile
1227 4522 1250 4568 1.
1264 4521 1289 4570 2.
1307 4519 1355 4568 aed
1466 4571 1470 4578 ,

73 4613 175 4660 cornil.
228 4607 424 4673 impedimento
443 4609 467 4660 2.
485 4605 683 4668 sedecimas.
738 4603 758 4636 ¹⁹
781 4619 814 4656 cc
835 4607 890 4654 1.2.
909 4607 938 4652 ct
955 4619 1023 4653 corr.
1036 4607 1077 4660 11„
1120 4599 1174 4642 ’Μ’
1191 4603 1308 4668 negocio
1328 4603 1352 4650 1.

72 4690 131 4758 adlp.
200 4687 308 4758 ”11qu
326 4691 400 4741 hunc
418 4695 443 4740 2.
460 4691 509 4740 red
524 4691 659 4754 eomas.
716 4687 772 4722 Μ
789 4695 818 4738 et
835 4688 948 4754 cognati
966 4689 1054 4737 addid.
1072 4691 1102 4738 n.
1154 4684 1176 4719 ⁸²
1195 4693 1222 4736 ct
1239 4689 1352 4736 cormff.

73 4789 128 4838 qaae
146 4777 205 4826 m.
1167 4815 1170 4824 .

1090 4851 1134 4914 8*
