3434 5512
720 1061 902 1129 vLittCllvs
924 1065 973 1128 DE
995 1063 1147 1127 HVTTEN
1169 1063 1289 1138 novus

706 1184 891 1236 semmuro
926 1183 1088 1236 ouutcvs
1123 1183 1302 1234 sacurem.

303 1372 349 1422 tr.
445 1356 521 1416 Ecce
549 1355 631 1416 vobis
660 1355 768 1431 Leonis
789 1353 900 1414 Decimi
922 1352 1051 1425 Rullum,
1082 1355 1135 1414 viri
1158 1333 1314 1423 Germani,
1344 1371 1402 1432 qua
1430 1360 1613 1428 remargenten

360 1457 407 1518 ille
430 1459 581 1518 veritatem
596 1456 789 1516 Christianam
813 1457 958 1516 remorari
979 1465 1118 1528 conatur,
1140 1473 1227 1534 quam
1250 1455 1406 1533 respiranti
1428 1453 1508 1531 longa
1522 1453 1613 1514 tandem

360 1559 578 1639 compressione
600 1557 728 1618 libertati
750 1567 872 1627 nostre,
896 1575 933 1618 ne
955 1559 1031 1619 vires
1054 1559 1177 1637 recipiat
1200 1575 1233 1637 ac
1255 1556 1342 1637 pinne
1357 1558 1516 1624 reviviscat,
1537 1554 1629 1615 obiicit

360 1669 390 1720 et
411 1661 542 1739 opponit
588 1657 640 1720 Cui
668 1675 724 1718 nos
751 1657 818 1719 talia
840 1657 972 1720 molienti
994 1675 1053 1719 non
1075 1659 1261 1740 obsistimus,
1291 1666 1342 1720 aut
1369 1657 1484 1738 publico
1509 1653 1613 1724 oonsilio.

360 1777 398 1821 ne
420 1759 537 1837 longius
558 1749 699 1840 pervadat
720 1777 792 1821 uere
813 1758 925 1845 aliquid
946 1777 1003 1838 pro
1024 1759 1151 1822 hominis
1178 1761 1329 1839 irrequieti
1356 1760 1510 1840 eupiditate
1534 1765 1559 1818 et
1576 1775 1614 1816 au·

302 1881 348 1930 aa.
361 1861 443 1924 dacia
466 1861 588 1932 eliioiat,
611 1860 702 1922 multo
725 1867 792 1922 ante
814 1861 968 1925 cavemus?
990 1859 1096 1931 Quaeso
1118 1881 1169 1922 vos
1191 1879 1245 1940 per
1266 1859 1462 1924 immortalem
1483 1860 1613 1923 cornua.

340 1961 476 2041 ,quando
498 1971 698 2042 opportunum
722 1965 822 2039 magis¹
842 1971 958 2041 tempus
988 1963 1056 2034 luit,
1086 1962 1202 2042 quando
1231 1962 1336 2025 melior
1350 1963 1476 2024 'occasio
1501 1961 1570 2023 dedit
1590 1975 1614 2018 sc

356 2063 465 2142 aliquid
488 2054 635 2146 Germano
658 2063 779 2140 dignum
802 2064 920 2124 nomine
947 2063 1088 2142 gerendi?
1117 2062 1221 2124 Omnia
1250 2064 1353 2126 uidetis
1381 2083 1416 2126 eo
1445 2064 1568 2130 tendere,
1590 2065 1614 2120 ut
1622 2066 1637 2106 ¹⁰

358 2182 425 2245 spes
447 2166 499 2236 sit,
522 2172 629 2244 quanta
652 2182 803 2243 nunquam
818 2164 915 2244 prius,
940 2166 1098 2226 extinctum
1113 2167 1149 2225 iri
1164 2165 1241 2226 hanc
1255 2165 1453 2244 tyrannidem,
1476 2165 1518 2226 isti
1531 2160 1613 2222 morbo

299 2286 345 2336 es.
358 2265 534 2328 medicinam
557 2265 733 2328 adiuturam.
778 2264 862 2336 Quod
885 2265 989 2327 audete
1016 2265 1133 2326 tandem
1161 2285 1196 2326 ac
1222 2265 1369 2345 perficite!
1404 2265 1467 2327 Non
1493 2262 1614 2326 Lutlrerus

355 2369 451 2446 agitur
473 2367 530 2428 hoc
552 2369 582 2427 in
604 2370 739 2446 negotio,
762 2368 815 2429 sed
837 2367 872 2428 ad
895 2384 998 2428 omnes
1020 2369 1162 2446 pertinet,
1186 2365 1327 2446 quicquid
1342 2373 1400 2434 est;
1424 2384 1477 2426 nec
1494 2367 1522 2424 in
1541 2377 1613 2422 unun

355 2471 523 2548 quempiam
545 2467 594 2528 hic
615 2468 767 2548 stringitur
789 2469 918 2547 gladius,
947 2469 998 2529 sed
1020 2467 1137 2546 publice
1165 2485 1388 2547 oppugnamur:
1416 2465 1517 2528 nolunt
1540 2461 1613 2526 recla-

355 2571 429 2630 mari
450 2587 511 2630 suae
532 2567 694 2648 tyrannidi,
718 2587 786 2630 snas
808 2568 926 2630 fraudes
941 2569 1039 2648 detegi
1055 2567 1173 2639 nolunt,
1197 2587 1326 2648 suosque
1341 2569 1448 2648 aperiri
1463 2570 1552 2635 locos,
1572 2575 1635 2624 suot

298 2670 451 2743 grimoni
472 2670 599 2752 obsisti„
612 2688 672 2730 suan
694 2675 870 2748 grassatura
891 2670 1131 2750 impedimentum
1159 2670 1232 2730 fleri.
1277 2670 1341 2731 lloc
1369 2671 1463 2750 ipsum
1490 2675 1530 2730 est
1552 2662 1613 2744 quod

353 2770 540 2849 indignantur
563 2770 701 2849 quodque
723 2771 854 2832 fremunt
875 2789 969 2849 usque
991 2771 1080 2842 adeo,
1102 2778 1136 2832 ut
1157 2789 1188 2833 se
1210 2772 1330 2833 minime
1352 2771 1459 2836 decore
1479 2774 1558 2848 agant
1575 2764 1612 2825 ihi.

353 2869 436 2941 Quod
459 2870 613 2933 manifeste
635 2859 767 2933 videntes
789 2889 854 2944 vos,
878 2872 949 2950 quid
972 2871 1089 2934 tandem
1112 2873 1220 2950 agetis?
1243 2869 1323 2949 quod
1342 2869 1494 2933 consilinm
1507 2865 1613 2932 iunius?

352 2971 399 3032 lle
421 2973 545 3056 quidem·
561 2973 586 3032 si
608 2973 744 3043 audietis,
768 2975 931 3034 Germanos
953 2989 1090 3035 osseum
1112 2973 1312 3034 memineritis.
1351 2970 1421 3042 Quae
1437 2991 1492 3034 uma
1506 2985 1612 3032 commo·

296 3074 425 3148 genitio
446 3074 516 3134 satie
537 3091 602 3134 esse
624 3072 727 3144 debet,
758 3081 791 3134 ut
818 3073 882 3135 hacc
904 3069 1064 3136 vindicetis.
1108 3074 1171 3152 ligo
1198 3092 1279 3136 nuuc
1306 3081 1402 3135 vestro
1433 3081 1462 3136 et
1488 3067 1635 3134 commonia

353 3174 472 3234 nominc
499 3171 667 3264 periclitorz
699 3173 749 3235 scd
763 3174 918 3250 libenter:
947 3176 1086 3254 primum¹
1104 3178 1182 3237 enim
1215 3173 1283 3237 lacti
1309 3176 1445 3236 conscius
1472 3171 1538 3234 milri
1561 3184 1611 3230 suu

352 3271 566 3352 pulcherrimi;'
588 3275 694 3338 deinde
717 3287 775 3335 non
797 3293 885 3354 spero
907 3276 981 3346 iam,
999 3275 1061 3338 sed
1089 3293 1145 3354 pro
1167 3283 1250 3338 certo
1272 3275 1367 3338 habeo
1397 3277 1498 3344 etiam,
1530 3284 1611 3333 omues

294 3399 340 3451 ga,
354 3393 403 3435 vos
425 3375 528 3437 eadem
543 3373 698 3454 aliquando
713 3394 838 3438 ausuros
853 3395 977 3442 mecum.
1014 3377 1083 3438 llaec
1099 3395 1169 3438 vero
1185 3375 1267 3438 Bulla
1284 3385 1317 3438 ut
1330 3374 1527 3455 publicaretur
1540 3386 1610 3432 nuuc,

352 3475 459 3537 author
480 3477 521 3537 lui
542 3476 580 3537 ob
602 3475 648 3548 id,
670 3484 704 3538 ut
726 3495 792 3539 cum
814 3476 965 3556 legeretis,
989 3477 1074 3539 lacile
1096 3477 1133 3539 ab
1150 3495 1208 3539 rina
1223 3477 1375 3539 disceretis
1390 3494 1501 3538 omnes.
1523 3470 1610 3533 l'alete

606 3661 677 3712 Vide
694 3661 818 3714 Iudicem
835 3661 1020 3730 bibliograph,
1039 3663 1154 3714 Huttsn.
1173 3677 1245 3714 num.
1263 3661 1378 3712 XXXII.

415 3812 508 3863 Verba
525 3813 629 3863 Leonis
646 3813 681 3864 X.
695 3815 778 3863 ermis
795 3813 824 3864 iu
843 3814 931 3866 fronte
950 3813 1039 3864 libelli
1062 3814 1271 3880 circumscripta
1295 3830 1329 3865 ex
1346 3803 1608 3866 Psalm.xn1111.l⁰·

348 3895 491 3961 desumpta
512 3900 591 3972 punt,
615 3897 662 3961 qui
684 3897 834 3948 seeundum
858 3899 1011 3950 versionem
1034 3899 1178 3964 vulgatum
1201 3899 1243 3950 sic
1260 3897 1346 3949 habet
1364 3899 1479 3949 “sstttn
1500 3894 1609 3961 regins·

348 3979 452 4030 dextris
469 3981 523 4030 tuis
541 3982 570 4030 in
586 3981 690 4032 vestitu
708 3982 851 4044 deaurato,
870 3983 1041 4033 circumdata
1058 3980 1224 4033 verietate.'’

347 4145 382 4194 D·
414 4059 437 4096 ¹⁴
454 4062 640 4172 Vergil’den.
652 4063 688 4118 11.
700 4061 743 4118 db.
754 4079 796 4128 sq.
818 4064 943 4131 „Accipe
965 4080 1038 4117 nunc
1050 4067 1183 4131 ,Danaam
1207 4065 1322 4116 insidias
1345 4071 1374 4116 et
1391 4068 1502 4118 edusius
1520 4063 1551 4114 ab
1566 4073 1607 4108 nat

373 4159 432 4194 nce
450 4149 560 4197 omnes!
900 4169 903 4175 ·
