3410 5524
339 389 386 462 76
470 404 593 458 nurum
612 421 641 456 ru
660 422 754 458 nvoerr
772 411 1050 462 arcesseremusne
1069 425 1171 478 omaro
1190 427 1246 466 1111,
1271 427 1298 464 ιι.
1313 427 1377 465 evo.
1390 428 1417 466 ι.
1432 423 1492 464 tata.

339 559 409 638 nibil
431 576 495 638 volo
517 595 604 658 quam
627 583 659 638 ut
679 585 712 640 tu
734 595 782 638 me
804 595 897 648 ames,
919 580 1009 642 immo
1031 586 1144 642 utnon
1166 587 1297 644 extremo
1319 582 1386 644 odio
1406 583 1533 646 babeas:
1555 603 1616 645 nam

269 693 384 754 §.osseo
406 681 472 759 quis
493 681 597 773 melior
619 680 696 759 apud
718 677 812 742 bonos
839 683 916 741 viros
943 691 1093 752 censetur,
1123 703 1180 764 quo
1208 683 1260 744 tibi
1281 684 1414 774 iffestior
1441 693 1493 747 est
1541 687 1616 748 audis
1668 731 1670 736 ν

336 801 406 861 orgo
435 781 507 844 illud
538 778 590 845 ‘Ne
620 801 669 844 me
697 801 777 852 ama,
798 783 857 844 ‘odi
878 789 976 846 autem
1005 786 1199 856 incessanter,
1228 794 1385 865 perpetuo,
1414 786 1506 850 livore
1538 791 1616 852 etiam

335 884 560 964 inextinguibili;
583 903 680 964 neque
700 891 763 945 tum
785 871 889 950 odisse
903 885 1019 955 desine,
1043 905 1111 948 cum
1133 888 1169 950 ad
1191 906 1225 950 ea
1247 890 1409 950 animarum
1431 889 1496 952 loca
1518 910 1617 972 perve-

335 989 413 1048 neris
435 1006 500 1067 quae
521 989 621 1050 nescio
643 1005 681 1048 an
703 1005 767 1048 esse
790 987 908 1057 credas:
937 995 1008 1050 tunc
1029 988 1148 1068 quidem
1177 996 1258 1052 retro
1285 998 1419 1053 actorum
1444 991 1637 1056 oblivionemt

326 1107 374 1156 ‚ne
395 1089 499 1152 induas
520 1107 634 1152 summe
657 1094 742 1168 opto,
767 1106 840 1167 quo,
869 1090 1030 1172 cumbolis
1052 1090 1171 1153 abolere
1194 1101 1368 1172 conceptum
1389 1096 1420 1154 in
1441 1113 1489 1156 me
1511 1096 1615 1164 οάἰιιιιι,

268 1203 402 1254 §.menon
425 1189 537 1271 possis!
581 1192 642 1270 Ego
665 1209 782 1252 omnem
797 1191 850 1254 tibi
863 1191 1071 1262 infelicitatem,
1093 1195 1191 1254 omnia
1206 1194 1495 1266 acerbissimarum,
1519 1215 1616 1258 omues

246 1294 250 1302 “
335 1290 470 1363 morbos,
501 1311 603 1356 omnes
625 1313 743 1364 moces,
772 1275 899 1373 denique
920 1295 1058 1374 quicquid
1080 1296 1142 1356 istis
1164 1297 1248 1374 peius
1270 1297 1405 1360 accidere
1427 1296 1542 1368 homi
1569 1317 1616 1377 po·

334 1402 405 1466 test,
427 1397 592 1476 imprecor;
615 1414 711 1476 neque
733 1403 791 1458 tam
815 1414 869 1474 ego
885 1415 979 1476 quam
1001 1413 1104 1458 omnes
1118 1399 1165 1470 isti
1180 1396 1286 1476 quibus
1300 1406 1332 1461 tu
1347 1399 1443 1461 luctus
1457 1403 1615 1468 materiam,

336 1498 394 1562 odii
417 1517 535 1562 causam
556 1497 698 1566 tribuisti,
721 1496 943 1569 scelestissime;
967 1516 1054 1577 quem
1077 1500 1196 1580 quidem
1218 1500 1354 1563 omnibus
1376 1501 1546 1564 fedissimis
1559 1509 1645 1561 tur-u

336 1600 499 1679 pitudinum
523 1601 599 1661 uotis
621 1597 742 1662 oblitum
766 1619 832 1662 cum
854 1599 951 1662 letica
974 1601 1120 1670 videmus,
1150 1609 1180 1662 at
1206 1601 1300 1664 laetius
1321 1601 1417 1674 adbuc
1439 1603 1535 1664 multo
1556 1620 1616 1664 cru·

336 1703 453 1764 citixum
476 1704 729 1781 conspicaremur;
752 1720 820 1763 nam
843 1702 896 1763 etsi
917 1703 981 1763 baec
1002 1704 1120 1764 infamis
1136 1712 1185 1766 tua
1200 1705 1407 1768 iucundissime
1422 1705 1515 1768 aflicit
1528 1704 1617 1766 bonos

221 1837 223 1840 ·
335 1805 429 1873 viros,
458 1806 524 1884 quia
553 1811 651 1866 tamen
679 1803 792 1866 nullum
821 1821 977 1866 moerorem
1007 1805 1114 1868 aliems
1142 1805 1194 1868 tibi
1215 1807 1361 1885 perfrictae
1383 1807 1490 1868 frontis
1513 1807 1617 1868 bomiei

267 1905 464 1977 §.rarmidetun
487 1908 583 1968 minus
602 1913 716 1969 saturat
737 1914 869 1968 nostmm
884 1909 921 1970 de
935 1913 964 1969 te
980 1907 1175 1988 desyderium.
1219 1909 1313 1969 Porro
1329 1911 1558 1975 neminomesse
1572 1929 1617 1970 ve·

334 2013 442 2078 strum,
472 2011 626 2098 Germani,
655 2010 804 2088 suspicor,
834 2011 883 2088 qui
912 2028 928 2070 a
950 2008 1111 2072 maledictis
1133 2009 1339 2072 abstinendum
1360 2010 1447 2074 nobis
1468 2019 1532 2072 tam
1554 2023 1646 2072 cru-1⁵

334 2097 439 2172 deliter
468 2113 633 2190 provocatis
660 2114 780 2173 sentiat:
809 2129 847 2172 an
875 2117 920 2172 est
948 2109 1066 2191 aliquod
1093 2119 1153 2172 tam
1181 2114 1381 2174 necessarium
1404 2113 1496 2188 officii
1517 2108 1643 2191 g'enus,¹

334 2215 427 2300 euius„
437 2232 497 2275 uon
520 2197 729 2292 oblivisci'quis
744 2214 773 2274 in
789 2219 870 2274 tauto
886 2212 988 2274 dolore
1002 2214 1111 2291 possiti
1133 2213 1192 2283 Tu,
1215 2213 1391 2276 adamantini
1406 2215 1506 2276 cordis
1522 2215 1617 2285 bomo,
1668 2219 1673 2230 ’

334 2317 432 2378 futura
454 2315 517 2376 hnc
538 2315 666 2384 sciebas,
690 2323 719 2376 et
739 2323 772 2376 ut
786 2317 890 2377 fierent
904 2315 1033 2377 studium
1048 2315 1207 2378 adhibuisti
1221 2321 1319 2386 tuum,
1342 2325 1372 2378 et
1385 2319 1442 2396 iam
1457 2318 1618 2396 perfecisse

334 2424 363 2483 te
385 2418 476 2487 iuvat,
499 2423 528 2477 et
550 2417 634 2478 nobis
657 2417 823 2479 dolentibus
845 2424 877 2478 tu
900 2416 1026 2495 quodam
1048 2419 1216 2496 importuno
1239 2418 1344 2495 gaudio
1366 2418 1489 2482 insultas
1511 2439 1548 2480 ac
1568 2421 1618 2479 mi·

265 2527 435 2580 §.assertos
449 2520 541 2580 riustri
563 2537 648 2600 poena
671 2519 765 2600 afficis
785 2537 860 2598 quos
880 2525 975 2599 potes.
1020 2537 1057 2580 an
1078 2537 1138 2580 non
1153 2517 1234 2581 illum
1249 2521 1355 2582 iteriuu
1370 2523 1500 2600 equitem
1515 2533 1647 2600 magnes

333 2622 409 2684 inter
431 2619 557 2701 aequales
578 2620 666 2684 laude
687 2629 849 2691 versatum,
879 2620 956 2700 quod
978 2622 1164 2682 innocentem
1184 2620 1237 2692 abs
1258 2628 1288 2683 te
1301 2624 1440 2684 occisum
1461 2619 1619 2703 deplorare

327 2715 423 2786 ,ausus
445 2729 536 2791 esset,
566 2721 684 2784 confodi
706 2723 830 2783 iussisti?
859 2729 909 2783 aut
936 2739 1028 2800 negas
1049 2722 1102 2784 abs
1124 2733 1153 2784 te
1175 2725 1321 2784 immissos
1342 2742 1393 2786 eos
1415 2743 1618 2803 percussores,

333 2822 377 2882 vel
403 2831 432 2884 te
459 2825 558 2884 nescio
587 2824 628 2884 ais
657 2831 685 2884 et
712 2842 771 2884 nou
793 2823 973 2886 subornante
995 2823 1066 2886 illud
1088 2831 1242 2903 peractum
1264 2803 1432 2903 negotium?
1459 2845 1524 2888 non
1547 2827 1618 2888 adeo

335 2923 460 2986 obscure
484 2925 592 2986 factum
614 2930 673 2994 est,
696 2931 729 2985 ut
750 2944 808 3004 quo
831 2933 935 2988 autore
956 2927 1066 2988 factum
1081 2928 1118 2987 sit
1132 2929 1302 3006 ignoretur:
1325 2930 1367 3008 sis
1382 2930 1470 3006 igitur
1487 2937 1619 2991 eunome

334 3027 492 3087 atrocitatis
514 3023 708 3105 appellatione
730 3028 937 3092 misericordie
959 3029 1080 3107 punitor
1100 3031 1214 3098 vocari,
1237 3037 1287 3093 aut
1303 3047 1356 3091 our
1370 3047 1429 3091 non
1445 3029 1528 3100 velis,
1553 3045 1647 3092 cau-2⁵

210 3163 214 3170 -
265 3137 402 3190 §.mosam
425 3127 535 3190 babes?
565 3127 747 3207 Nequissimo
770 3131 900 3192 omnium
928 3130 1082 3208 bipedum,
1114 3132 1161 3192 cui
1183 3137 1225 3190 tot
1246 3132 1386 3196 ominosas
1408 3132 1620 3210 appellationes

333 3231 523 3299 consueuiunt,
556 3229 634 3291 nulla
662 3232 732 3292 satis
761 3239 819 3302 est,
848 3237 880 3292 tu
908 3233 1018 3292 tamen'
1033 3240 1149 3296 erectus
1179 3252 1225 3302 es,
1255 3234 1351 3295 audax
1372 3239 1402 3294 et
1423 3233 1570 3306 insolens,
1592 3243 1620 3296 et

333 3351 397 3412 quae
419 3346 473 3392 ons
494 3332 530 3394 de
553 3333 666 3393 iniuriis
687 3351 722 3394 ac
743 3334 883 3411 pravitate
906 3341 954 3396 tua
977 3333 1179 3413 deploramus,
1202 3341 1233 3396 tu
1255 3337 1285 3396 in
1307 3337 1399 3396 risum
1413 3337 1513 3406 vertis,
1539 3356 1619 3398 cum·

333 3453 390 3516 que
411 3434 502 3500 semel
523 3434 703 3513 perfregeris
726 3435 912 3498 circundatos
934 3435 1050 3496 malitiae
1071 3443 1130 3499 tua
1145 3434 1291 3512 caucellos
1307 3445 1384 3501 etex
1400 3445 1522 3499 tuorum
1540 3439 1619 3500 forro

333 3537 505 3598 asumma
528 3535 701 3607 evolaveris,
725 3555 843 3616 quoquo
863 3539 1033 3618 pervenias,
1063 3537 1103 3598 ibi
1131 3539 1323 3614 grassandum
1353 3538 1418 3600 tibi·
1434 3557 1500 3601 esse
1522 3547 1649 3618 putasae

257 3638 446 3708 ¹sciolorum
469 3639 531 3699 nisi
546 3638 643 3700 omnia
665 3655 720 3699 nos
742 3639 845 3701 fallunt
867 3645 895 3700 et
916 3637 988 3704 nibil
1010 3639 1118 3719 ubique
1139 3640 1231 3701 lidum
1253 3647 1305 3710 est,
1329 3642 1436 3702 sentiet
1450 3643 1619 3711 Germania,

331 3758 498 3818 quanquam
521 3746 602 3800 tanto
623 3738 791 3808 intervallo,
821 3758 908 3820 quam
936 3759 995 3800 non
1023 3742 1083 3820 apti
1110 3743 1201 3802 sinum
1223 3759 1297 3820 quos
1319 3747 1350 3803 tu
1372 3743 1414 3802 sic
1435 3750 1619 3813 eontemnas,

331 3841 448 3920 aliquod
475 3841 504 3902 iu
532 3840 617 3902 nobis
643 3844 774 3921 pristine
802 3840 944 3904 libertatis
970 3842 1098 3910 studium
1126 3843 1248 3912 videbit,
1282 3843 1394 3922 aliquas
1415 3846 1493 3906 ures
1514 3829 1619 3908 contm

331 3950 411 4004 tuam
438 3925 605 4013 audaciam,
633 3949 717 4006 tuum
746 3943 879 4005 furorem
910 3945 1050 4022 inveniet;
1073 3945 1277 4026 ‘quoniamque
1299 3945 1453 4025 desperata
1472 3965 1567 4009 causa
1590 3949 1618 4008 in

261 4067 263 4074 ·
331 4045 420 4105 aruris
442 4045 610 4124 presidium
630 4043 747 4114 locasti,
775 4063 858 4108 arma
881 4047 1053 4126 experieris,
1086 4065 1147 4108 non
1175 4055 1203 4108 to
1223 4031 1325 4124 digna,
1352 4048 1405 4108 sed
1428 4055 1539 4110 noerae
1568 4069 1650 4110 nes

213 4205 221 4212 .
332 4147 459 4208 cessitati
479 4145 591 4215 debita,
614 4148 697 4207 utin
719 4165 807 4208 omno
828 4166 922 4210 evum
943 4155 1080 4210 testatum
1103 4167 1167 4212 esse
1189 4151 1281 4228 possit
1302 4167 1389 4228 quam
1412 4167 1468 4210 nos
1482 4151 1620 4213 dolenter

309 4248 415 4307 -istam
438 4245 590 4308 tulerimus
612 4249 761 4317 iniuriam,
785 4255 815 4310 et
836 4268 921 4330 quam
945 4267 1003 4311 non
1027 4250 1207 4314 defuerimus
1228 4249 1314 4312 nobis
1328 4269 1362 4311 ac
1378 4238 1527 4314 communi
1545 4256 1619 4316 Ger·

265 4349 441 4420 §.leumaniae
464 4341 567 4410 causae.
612 4349 717 4411 deinde
733 4368 800 4410 cum
821 4351 1001 4430 iniquissime
1023 4352 1077 4413 abs
1098 4359 1126 4414 te
1148 4352 1209 4412 laesi
1230 4351 1387 4415 fortissime
1410 4372 1444 4414 ac
1467 4357 1619 4417 conliden-

399 4567 420 4602 ιι
435 4568 558 4630 Ιιιιιιιιειι
575 4569 642 4623 scer.
660 4567 723 4634 (sse
741 4539 873 4638 oasam)
891 4587 984 4624 omnes.
1052 4571 1075 4606 ω
1091 4572 1132 4624 ιιι.
1147 4569 1241 4639 equae]
1265 4571 1371 4624 nomeu
1393 4573 1499 4634 nesam
1525 4573 1618 4640 speum

331 4653 421 4710 scelus
439 4655 540 4718 saepius
558 4669 601 4704 me
618 4653 712 4720 legere
730 4658 849 4710 memini.
882 4656 928 4708 'res
954 4658 1054 4712 incidit
1077 4659 1116 4708 in·
1130 4657 1310 4708 crudelitates
1328 4663 1425 4709 eontra
1442 4659 1622 4724 Breuningosf

332 4739 477 4789 exereitus.
529 4737 580 4770 Μ
599 4737 732 4804 .Cunque
751 4744 775 4790 1.
827 4740 849 4773 ¹⁰
867 4739 1035 4796 circumd'sz.
1086 4742 1109 4776 ⁸⁰
1127 4757 1189 4794 esse
1206 4743 1326 4806 delmi.
