3464 5526
225 463 350 498 ssVT'lENl
371 463 399 498 lif
418 463 511 498 nvem(
530 463 807 498 'rl'llf'l'ldldl'llRGEllSBlf
826 463 928 497 ORATtO
949 463 1004 495 1111.
1025 462 1052 497 ld.
1067 463 1129 496 Ai'G·
1144 464 1169 496 A.
1184 456 1243 498 1517.
1328 435 1374 504 ὕ3

538 563 560 592 0.

92 618 245 680 audiamus
267 615 404 698 epistolas
426 611 519 696 super
536 617 592 678 hae
615 636 648 679 re
671 619 809 680 emissas:
837 619 926 678 recita
954 616 1081 694 primum
1104 607 1263 678 Ludovichi
1285 619 1375 697 patris

91 720 126 780 ad
149 719 259 791 lilium,
282 723 372 782 recita
396 719 525 782 eiusdem
547 720 584 780 ad
607 719 773 782 Couradum
789 718 931 779 Dommen
953 714 1004 776 lilii
1025 733 1177 787 socerum,
1202 719 1290 778 recita
1305 721 1373 779 item

92 823 209 888 loannis
230 824 282 885 filii
305 824 535 901 responsoriam,
559 823 648 883 recita
672 821 798 882 Conradi
814 819 957 882 Dommeu
979 817 1015 878 ad
1031 816 1228 880 Ludoriohum
1252 838 1372 900 respon-

91 925 213 986 soriam!
236 933 268 986 tu
290 927 377 1004 igitur
399 925 533 1002 agnoscis
555 941 659 984 manus
682 907 830 999 et'signal
859 941 894 982 ac
921 927 1015 984 totum
1044 927 1126 982 tuom
1149 919 1256 982 factum
1280 923 1369 984 maniae

76 1027 228 1090 ⁵testatum
251 1027 359 1090 ridesf'
373 1026 484 1090 Audisti
506 1025 652 1108 quomodo
674 1025 711 1086 de
734 1031 782 1086 tua
805 1025 904 1084 insana
927 1020 1047 1110 libidine
1070 1030 1099 1118 et
1119 1021 1168 1082 illo
1191 1023 1268 1104 quod
1291 1025 1441 1087 insti-§.oa

91 1129 195 1190 metas
217 1128 359 1192 adulterio
381 1131 458 1208 patri
480 1127 557 1190 filios
573 1128 724 1206 scripserit
738 1146 773 1188 ac
788 1123 941 1186 consilium
957 1123 1084 1203 petierit,
1107 1126 1255 1202 quomodo
1270 1132 1373 1188 contra

91 1239 118 1292 te
140 1250 225 1294 suana
247 1219 371 1293 usonem
393 1231 544 1292 tueretur?
576 1229 682 1292 deinde
704 1236 788 1308 pater
810 1227 880 1308 quid
908 1227 1106 1304 responderit,
1136 1245 1170 1287 ac
1196 1227 1274 1288 idem
1303 1228 1373 1308 quid

91 1334 125 1394 ad
147 1341 231 1395 tuum
255 1333 424 1412 magistrum
447 1335 577 1412 equitum
600 1332 766 1414 scripserit,
800 1333 829 1390 ct
851 1329 887 1390 ab
911 1347 945 1390 eo
968 1328 1044 1408 quod
1068 1329 1154 1389 dete
1177 1331 1372 1392 testimonium

91 1437 265 1498 extorserit?
287 1453 384 1496 nonne
407 1436 503 1496 omnia
525 1433 591 1498 luce
613 1432 737 1495 clariora
761 1432 847 1492 sunt?
869 1448 967 1490 nonne
991 1450 1026 1491 ex
1049 1429 1185 1491 omnibus
1206 1429 1277 1490 nilril
1300 1432 1372 1494 ulte·

69 1549 85 1588 o
93 1539 160 1599 riori
182 1539 385 1599 testificatione
406 1537 533 1616 indiget?
562 1535 619 1598 Sed
641 1545 690 1600 tua
713 1549 926 1614 prosequamur
952 1532 1117 1620 mendacia:
1147 1532 1304 1594 ‘abscessit'
1326 1535 1439 1601 ln·t.aa.

92 1643 164 1720 quit,
200 1639 365 1719 ‘paulopost
385 1640 497 1702 iniussu
525 1657 606 1710 meo,
640 1637 717 1720 quod
748 1651 803 1712 ego
832 1632 978 1705 ferebam,
1013 1642 1111 1695 certus
1139 1653 1198 1694 nou
1224 1635 1369 1715 recipere,

92 1725 266 1822 ‘marronam
287 1740 370 1804 multi
390 1741 492 1803 scdulo
514 1739 748 1808 intercederent,
777 1739 826 1818 qui
856 1756 903 1798 me
930 1735 971 1798 illi
998 1733 1189 1797 reconciliare
1218 1735 1369 1805 volebant'.

92 1821 276 1921 flagitiosum
298 1843 355 1904 hoe
375 1851 458 1906 tuum
480 1850 677 1905 commentum
700 1849 753 1902 est.
800 1839 904 1900 ‘Rediit
931 1845 1031 1918 postea
1055 1857 1113 1898 nour
1136 1840 1311 1907 accersitus,
1342 1847 1438 1906 ettae.

93 1947 188 2006 ‘inrito
210 1964 257 2006 me
279 1947 308 2007 in
331 1945 425 2008 aulam
448 1963 479 2006 se
501 1947 638 2014 inseruit,
670 1962 736 2005 cum
759 1945 876 2004 interim
900 1938 970 2001 nihil
992 1938 1030 2001 illi
1054 1938 1233 2002 familiariter
1256 1942 1371 2002 confer·

70 2057 177 2118 trram,
213 2054 242 2108 et
269 2046 348 2108 tulto
376 2049 485 2126 pariter
511 2065 546 2108 ac
572 2065 709 2110 sermone
737 2053 874 2115 testarer,
908 2062 967 2122 quo
995 2043 1025 2102 in
1054 2061 1119 2103 eum
1148 2045 1244 2104 auimo
1267 2063 1370 2106 essem.

95 2149 205 2211 'dunde
227 2167 295 2210 cum
318 2151 427 2210 exirem
450 2149 564 2230 aliquo,
592 2157 703 2210 temere
726 2149 879 2208 comitatus
901 2151 958 2215 est,
987 2163 1002 2204 a
1026 2143 1124 2205 multis
1146 2147 1227 2222 prius
1249 2164 1286 2207 ne
1314 2147 1371 2207 hoc

66 2263 70 2270 '
94 2251 209 2311 ‘faceret
230 2251 371 2312 monitus:
395 2251 470 2312 forte
493 2253 570 2313 enim
593 2251 723 2312 futurum
746 2248 786 2311 illi
808 2247 957 2316 dicebam,
981 2253 1013 2306 ut
1034 2247 1124 2324 ipsius
1139 2246 1216 2326 apud
1232 2265 1279 2309 me
1296 2267 1369 2328 prae·

95 2353 189 2412 ‘sentia
211 2353 318 2414 veteris
340 2353 507 2415 offensionis
529 2353 764 2415 recordationem
786 2329 926 2414 adferret.
965 2367 1037 2428 rpuas
1059 2346 1107 2408 ille
1131 2335 1371 2412 commonitiones

95 2453 258 2516 ‘insolenter
280 2453 385 2525 illusit,
409 2469 491 2516 suam
514 2454 635 2517 loricam
658 2443 822 2523 ostentans,
846 2469 913 2512 cum
929 2451 1039 2512 diceret
1062 2449 1231 2520 „ator-teror
1254 2451 1370 2518 ille-me

67 2555 209 2628 o‘rerhis,
233 2563 264 2618 et
286 2573 341 2634 ego
362 2553 506 2636 intrepide
528 2557 729 2638 respondebo,
758 2575 814 2618 nec
842 2561 886 2616 est
907 2552 986 2633 quod
1007 2550 1182 2636 ructuarn.·‘'
1227 2551 1251 2614 Ο
1274 2557 1438 2634 impu-§.as

95 2657 215 2719 dentiam
238 2651 431 2738 singularem!
465 2660 555 2721 audes
584 2661 682 2721 dicere
710 2676 878 2739 quenquam
908 2663 935 2716 te
964 2655 1051 2716 invito
1079 2655 1108 2714 in
1138 2664 1186 2715 tna
1209 2656 1369 2726 assecula,
1470 2701 1474 2714 .

95 2761 278 2838 perfidiosum
306 2763 469 2839 prasertim
497 2763 677 2842 proditorem
708 2781 742 2822 ac
771 2757 990 2822 insidiatorem?
1025 2756 1076 2817 Cui
1098 2765 1195 2818 autern
1219 2757 1371 2820 verisimile

97 2861 203 2924 ridetur
225 2881 259 2928 ea
281 2861 361 2924 illum
385 2862 474 2925 fuisse
495 2865 631 2934 audacia,
655 2871 688 2924 ut
710 2881 777 2925 oum
800 2871 827 2922 te
848 2862 907 2924 sibi
926 2859 1113 2920 vehementer
1136 2861 1228 2930 irasci
1237 2869 1372 2922 cerneret

97 2981 128 3022 ac
148 2963 244 3044 flagitii
266 2963 322 3026 sibi
345 2967 478 3028 conscius
495 2959 594 3037 'essem
617 2965 695 3028 ultro
723 2973 821 3028 tamen
849 2966 892 3024 sic
921 2969 1066 3022 commoto
1096 2961 1162 3032 tibi,
1190 2964 1231 3023 sic
1259 2963 1370 3024 offenso

68 3059 263 3128 consereret?
286 3065 466 3151 Contempsit
493 3075 521 3130 te
544 3087 613 3130 vero
635 3087 670 3128 ac
697 3067 793 3130 verbis
821 3067 937 3127 irritare
965 3063 1055 3124 voluit
1083 3065 1133 3142 qui
1155 3081 1207 3143 per
1229 3066 1369 3127 interces-

98 3183 172 3228 sores
193 3171 266 3248 egit,
290 3175 323 3230 ut
343 3189 444 3232 secum
466 3171 579 3232 redires
601 3171 629 3231 in
652 3169 793 3250 gratiam?
814 3169 923 3230 lterum
939 3163 1009 3226 nihil
1025 3167 1172 3236 convenit,
1196 3169 1291 3228 omnia
1312 3168 1437 3230 dis-tar.

99 3279 225 3348 crepant:
247 3289 297 3333 res
318 3273 356 3332 ita
372 3272 475 3334 habet:
492 3272 594 3353 ‘neque
609 3280 640 3334 tu
655 3271 736 3337 illum
752 3271 918 3340 dimiseras,
941 3287 1036 3348 neque
1052 3267 1104 3328 a'bs
1119 3276 1148 3328 te
1163 3269 1209 3328 ille
1231 3270 1370 3331 discesse-

100 3378 152 3440 rat,
173 3375 239 3436 etsi
254 3374 449 3446 discessisset,
466 3393 526 3436 non
542 3375 684 3437 rediisset.
723 3375 775 3436 sed
790 3379 910 3436 venerat
924 3372 970 3433 hic
986 3370 1171 3432 Ludoviclrus
1187 3371 1249 3432 eius
1268 3372 1369 3441 frater,

100 3475 144 3549 qui
157 3479 245 3554 patris
261 3477 381 3538 nomine
397 3477 573 3548 abduceret,
591 3497 657 3538 cum
673 3483 704 3538 tu
720 3477 909 3540 obnixissime
925 3475 1082 3544 retineres,
1099 3491 1154 3533 nec
1169 3481 1218 3534 aut
1233 3491 1369 3535 sermone

72 3582 144 3635 aaut
154 3574 230 3638 rultu
242 3575 332 3638 ullam
344 3579 432 3640 animi
444 3579 669 3642 commotionem
685 3597 746 3660 prae
762 3585 789 3640 te
804 3578 905 3640 ferres.
930 3577 1014 3647 Quod
1030 3594 1084 3654 ego
1100 3576 1230 3636 omnium
1246 3577 1436 3638 monimento.

83 3676 235 3750 admiror,
259 3680 406 3759 quomodo
428 3681 527 3744 dicere
548 3700 637 3743 ausus
659 3683 698 3743 sis
717 3680 788 3742 nihil
804 3679 984 3742 familiariter
1000 3677 1171 3750 contulisse,
1195 3696 1261 3739 corn
1276 3678 1370 3758 pridie

102 3779 156 3840 eius
175 3779 230 3841 diei
253 3800 308 3860 qua
332 3783 441 3844 caedem
463 3785 601 3862 peregisti
628 3791 726 3845 tecum
754 3781 802 3844 ille
830 3785 860 3844 in
890 3801 968 3844 creua
998 3782 1100 3842 eodem
1129 3780 1255 3842 triclinio
1285 3799 1370 3842 acrau-

102 3877 200 3974 huerit:
222 3891 273 3944 aut
293 3901 354 3956 non
376 3891 439 3946 erat
459 3874 523 3945 lraec
544 3903 657 3948 summa
680 3884 857 3947 familiaritas
871 3872 1011 3946 arllribere
1026 3902 1135 3947 meusae
1150 3903 1184 3943 ac
1199 3902 1255 3944 noa
1273 3883 1369 3946 cibum

103 3988 217 4058 caperet
246 3983 298 4046 sod
321 3985 508 4066 alloquutus
531 3986 565 4050 es
584 3989 773 4058 matrissuae,
803 4005 856 4048 nec
879 3986 970 4049 ullum
993 3989 1023 4048 in
1051 3993 1079 4048 te
1106 3994 1297 4066 perspectum
1317 3987 1370 4046 im·

75 4087 195 4146 annau
215 4087 304 4148 animi
326 4089 455 4164 signum,
480 4095 508 4150 et
530 4095 626 4150 tecum
649 4090 728 4152 exire
751 4091 858 4152 iussisti
880 4092 1023 4152 acimum
1038 4091 1155 4150 interim
1169 4088 1384 4182 Ludoviohum0
1481 4135 1484 4142 .

105 4194 244 4262 expectare
266 4207 353 4250 suum
376 4189 496 4251 fratrem
519 4189 796 4256 brerirediturum.
836 4191 891 4252 Sed
916 4199 994 4252 tuom
1017 4190 1166 4254 historiam
1191 4198 1438 4270 prosequantur.

105 4293 236 4362 ‘messus
258 4289 382 4362 urbem',
405 4293 443 4352 ait
466 4302 543 4354 ‘cum
566 4294 676 4354 iniussu
699 4311 765 4356 meo
788 4304 961 4374 sequeretur
982 4292 1045 4364 ille,
1070 4312 1173 4356 omnes
1193 4309 1275 4356 meos
1290 4292 1369 4356 able-

104 4433 289 4456 ''Qun—n-

161 4525 169 4560 ¹
187 4545 225 4594 ep.
240 4527 393 4606 Lndoricbi
411 4529 446 4580 H.
466 4529 500 4580 ad
518 4527 612 4597 filiuni]
632 4529 685 4582 vol.
699 4533 721 4582 1.
735 4547 761 4602 p.
771 4529 812 4582 80.
826 4547 867 4598 sq.
936 4531 946 4566 ²
965 4533 1051 4584 eiusd.
1066 4549 1108 4599 ep.
1128 4533 1163 4584 ad
1176 4515 1254 4586 (lom.
1267 4529 1370 4598 Thurin]

105 4605 162 4660 ibid.
172 4629 196 4680 p.
208 4611 248 4666 81.
311 4613 452 4666 'Ioannis
470 4616 505 4666 ad
521 4621 628 4684 patrem
647 4621 701 4682 ep.]
721 4616 786 4666 ibid.
800 4633 825 4683 p.
839 4615 880 4666 82.
904 4657 906 4662 .
942 4617 1061 4668 Conradi
1079 4617 1182 4668 Thumb
1201 4635 1243 4684 ep.
1264 4618 1298 4668 od
1317 4619 1370 4672 Iau-

105 4691 248 4764 tonnam]
267 4699 334 4750 ibid.
387 4699 449 4754 ‘ao
468 4705 492 4750 1.
513 4706 541 4750 et
557 4706 588 4751 11.
642 4697 663 4732 ¹⁰
681 4701 724 4754 Cf.
738 4701 790 4754 vol.
804 4703 824 4752 1.
837 4717 863 4766 p.
877 4700 919 4752 tm.
978 4700 996 4734 ¹¹
1016 4703 1212 4754 intumum.
1277 4699 1370 4750 ”Fa-

106 4776 218 4836 gitiosom
231 4787 254 4838 f.
308 4783 329 4816 ’ἲ
347 4785 418 4849 apud
437 4801 478 4834 me
498 4789 521 4834 f.
541 4786 606 4836 milri
625 4790 654 4834 H.
706 4783 728 4818 ³⁷
747 4786 788 4836 Cf.
808 4785 860 4836 rol.
881 4787 900 4835 1.
920 4802 945 4852 p.
958 4784 1000 4835 dil.
1129 4767 1133 4774 ¹
