3434 5512
351 379 425 450 258
462 407 597 444 utentum
612 407 785 444 ntnrttomttt
799 405 902 444 ontrto
915 407 950 442 111
964 407 1150 444 1111811111οΜ
1163 407 1273 442 CONTRA
1286 408 1392 442 TVRGAS
1407 406 1589 446 ΕΠΟΙΡΙΙΙΜ.

350 568 409 624 ilum
433 568 489 622 lere
513 565 680 639 temporibus
710 563 765 622 haec
792 565 945 638 contigere.
976 564 1111 638 quibusa
1134 563 1269 622 Celsstino
1285 566 1344 626 ,lll.
1368 565 1495 640 pontiliue
1522 565 1620 622 marimo

350 653 572 726 archiepiscopus
591 650 765 723 blaguotinus
787 658 815 705 et
830 649 953 706 Saxoniae
975 651 1029 706 dur
1050 665 1110 706 cum
1134 651 1325 724 potentissima
1340 651 1533 708 Germanorum
1554 639 1620 708 uranu

350 738 378 794 iu
399 738 489 794 Asiam
512 736 587 792 missi
611 744 688 795 sunt,
711 742 840 808 certeque
863 734 929 791 illud
952 733 1086 790 affirmare
1109 735 1209 796 ausim,
1233 735 1286 790 nisi
1308 734 1434 792 Germani
1457 735 1532 810 (pace
1546 743 1621 792 autern

349 821 442 878 eorum
465 821 565 877 dictum
589 819 636 895 sit)
659 820 705 894 qui
729 820 756 875 io
781 819 841 874 Asia
866 827 928 876 tunc
950 818 1116 882 militabant,
1144 837 1207 876 cum
1228 819 1336 878 lleuriei
1366 821 1537 896 imperatoris
1562 837 1622 876 mor·

271 937 281 958 .
349 916 403 964 tem
426 905 637 966 intellexissent,
667 903 764 960 relicto
788 905 906 960 Asiatico
936 903 1007 962 bello
1037 904 1063 963 in
1086 904 1305 978 Europam'cum
1333 906 1448 962 maximo
1471 905 1638 962 Christiano-s

349 1009 409 1048 rum
431 992 543 1052 damno,
567 990 613 1045 sed
637 989 807 1063 potissimum
830 989 1015 1064 loppcnsium,
1044 989 1071 1046 in
1094 1007 1163 1062 quos
1186 991 1259 1046 ornni
1282 1008 1334 1064 ope
1356 990 1504 1047 destitutos
1526 989 1623 1046 'llrurce

349 1077 527 1150 Saracenique
551 1075 679 1148 impetum
703 1073 831 1130 facientes
854 1091 948 1130 omnes
970 1073 1003 1130 ad
1020 1091 1101 1130 uniam
1118 1075 1325 1135 iuterfecerunt,
1351 1075 1535 1136 traiecissem,
1556 1073 1622 1130 facile

349 1159 507 1218 crediderim
531 1158 595 1214 illud
613 1158 886 1234 llierosolymitauum
910 1175 1022 1231 regnum
1044 1158 1270 1218 subtlbristiunis
1292 1159 1461 1235 principibus
1483 1160 1567 1218 adbuc
1583 1159 1624 1213 du·

281 1252 480 1306 §straturum
517 1245 580 1299 lndc
602 1241 731 1318 paulatim
754 1243 898 1300 Christiani
919 1244 1038 1300 norrrinis
1059 1245 1168 1300 lurtuna
1190 1243 1270 1300 siuml
1286 1261 1317 1300 ac
1330 1244 1441 1318 pietatis
1457 1245 1547 1300 lerror
1560 1251 1623 1300 retro

349 1331 405 1388 labi
428 1331 548 1403 occepit:
571 1347 630 1384 nam
653 1330 752 1402 saepius
774 1327 927 1388 buiusmodi
949 1328 1028 1385 nohis
1051 1329 1215 1402 provinciam
1231 1329 1370 1403 aggressis
1385 1330 1513 1392 maxima,
1535 1337 1564 1384 ut
1581 1326 1649 1384 subu

350 1413 482 1489 Gregorio
506 1429 579 1470 nouo
601 1412 728 1486 pontifice
752 1413 865 1470 maximo
888 1413 1017 1487 contigit,
1041 1414 1143 1470 iactura
1166 1411 1240 1470 illata
1263 1422 1314 1471 est.
1357 1415 1500 1470 lterirerat
1522 1429 1623 1485 norpa-

348 1518 409 1556 rmu
431 1501 517 1554 virtus
540 1507 567 1554 et
589 1497 676 1570 gloria
699 1499 726 1553 in
749 1497 851 1554 nostris
873 1498 1042 1572 principibus
1064 1499 1115 1554 sub
1130 1497 1248 1562 Galixto,
1273 1506 1433 1573 tantumque
1455 1498 1623 1556 fortunarni·

348 1583 443 1640 litibus
465 1584 568 1640 nostris
590 1583 661 1656 apud
676 1582 835 1658 belgradum
858 1583 986 1658 oppidum
1001 1581 1169 1640 certantibus
1184 1591 1349 1647 accesserat,
1372 1591 1403 1639 at
1424 1584 1478 1640 nisi
1494 1582 1623 1640 Christiani

349 1669 486 1726 intestinis
514 1666 591 1724 malis
619 1667 827 1730 laboravissent,
856 1667 889 1722 de
917 1668 1083 1724 Thuscarum
1110 1669 1233 1731 nornine,
1267 1667 1493 1742 quemadmodum
1521 1667 1623 1724 Calixtus

346 1755 416 1810 idem
439 1751 617 1830 praedicabat,
645 1761 733 1808 actum
757 1752 871 1808 luisset:
895 1767 955 1810 uam
971 1761 1072 1826 praeter
1087 1753 1286 1810 memorabilem
1301 1753 1420 1810 hostiurn
1435 1754 1552 1814 casdem.
1572 1767 1648 1824 qttett

347 1857 362 1894 a
384 1839 476 1913 paneis
498 1837 712 1893 Christianorum
734 1836 850 1894 militum
872 1837 941 1893 lacta
964 1846 1017 1898 est,
1041 1838 1073 1894 ael
1096 1847 1204 1894 centum
1227 1845 1254 1894 et
1269 1839 1467 1912 quinquaginta
1483 1836 1623 1896 bombardae

346 1941 378 1980 es
400 1923 519 1980 hostium
542 1923 638 1980 castris
660 1922 774 1996 direptae
796 1930 869 1980 suut.
905 1922 1084 1989 Quamobrem
1113 1922 1136 1979 si
1159 1931 1308 1980 anteactam
1330 1933 1483 1980 aestrorum
1508 1925 1624 1979 maiorum

346 2008 428 2064 vitam
450 2026 480 2064 ac
503 2007 574 2062 lauta
594 2006 739 2080 complecti
760 2007 850 2063 animo
873 2005 1028 2070 volueritis,
1052 2025 1106 2063 non
1129 2025 1162 2064 ne
1184 2011 1259 2083 ipsos
1281 2007 1375 2064 beatos
1397 2025 1459 2065 esse
1482 2009 1529 2081 qni
1544 2015 1624 2080 etpro

278 2102 337 2154 §.aa
347 2091 471 2150 libertate
488 2101 516 2148 et
531 2108 580 2166 pro
598 2091 740 2148 immortali
756 2090 843 2166 gloria
858 2093 991 2155 cecidero.
1009 2092 1222 2148 arbitrabimini?
1238 2093 1364 2150 llortasse
1380 2093 1456 2150 etde
1472 2093 1624 2168 imperatore

346 2178 480 2235 exercitus
501 2177 626 2250 eligendo
649 2176 826 2250 ambigimus?
856 2176 934 2232 absia
957 2178 1028 2250 quod
1052 2178 1104 2234 lroc
1125 2176 1153 2233 in
1174 2179 1384 2234 controversiam
1406 2177 1500 2234 cadat:
1528 2193 1585 2234 naor
1605 2175 1648 2229 sira

345 2271 419 2322 tuam
441 2263 481 2319 rei
503 2259 627 2318 militaris
650 2262 802 2324 scientiam,
826 2262 1005 2318 sacratissime
1029 2263 1189 2336 imperator,
1212 2262 1245 2319 de
1270 2271 1295 2320 te
1318 2262 1388 2320 eninr
1403 2261 1482 2318 lubet
1498 2260 1624 2336 paulisper

345 2347 429 2424 loqui,
452 2365 482 2404 ac
497 2346 577 2404 animi
594 2348 633 2404 tui
647 2347 860 2421 magnitudinem
876 2347 975 2403 intueri
991 2346 1127 2410 volumus,
1150 2363 1218 2421 quas
1233 2347 1340 2422 quidem
1355 2347 1471 2403 virtutes
1488 2348 1517 2404 iu
1531 2361 1624 2402 sunno

347 2435 510 2506 imperatore
533 2432 621 2488 inesse
643 2433 774 2508 imprimis
798 2431 920 2488 existimo
944 2441 1086 2506 oportere,
1122 2433 1182 2506 qais
1210 2439 1237 2489 te
1266 2431 1307 2488 vel
1334 2432 1452 2508 peritior
1472 2430 1516 2488 rel
1538 2429 1625 2487 tortior

347 2535 465 2593 uuquam
488 2516 585 2580 luerit,
609 2518 777 2592 reperiemus
799 2517 922 2590 prolecto
945 2517 1086 2572 nemiuem.
1123 2517 1253 2574 referrem
1276 2515 1400 2572 militaris
1421 2516 1573 2590 disciplinas
1592 2514 1625 2568 in·

345 2603 492 2664 cunabula,
516 2601 567 2658 nisi
591 2601 624 2660 ab
647 2603 757 2658 ineunte
780 2609 859 2658 aetate
882 2619 912 2656 ea
935 2601 1124 2675 praestitisses,
1152 2609 1272 2664 utente
1303 2609 1409 2676 tempus
1438 2601 1546 2658 maximi
1573 2601 1648 2672 ipssa

279 2688 481 2749 §.aoerercitus
503 2687 651 2760 imperator
674 2688 791 2744 omnium
814 2703 948 2743 consensu
971 2685 1070 2760 diguus
1093 2686 1225 2744 iudicatus
1249 2685 1347 2750 lucris:
1374 2703 1460 2760 quare
1482 2685 1579 2742 merito
1597 2682 1624 2738 de

345 2781 372 2828 te
394 2769 460 2827 illud
482 2771 569 2826 ausim
592 2772 695 2834 dicere,
719 2771 791 2845 quod
814 2772 847 2827 do
869 2771 984 2828 maixiuro
1008 2771 1170 2845 imperatore
1192 2771 1294 2828 dictum
1317 2772 1388 2831 seio,
1412 2769 1502 2827 ‘Plura
1525 2765 1623 2843 gessisti

311 2926 313 2930 .
348 2855 415 2912 bolla
439 2873 518 2929 quam
541 2857 633 2912 caeteri
656 2855 787 2929 legerim,
810 2855 904 2930 plures
927 2856 1078 2930 provincias
1100 2856 1252 2913 coniecisti·
1266 2871 1345 2929 quam
1360 2853 1406 2910 alii
1421 2853 1624 2929 concupiverim.

345 2933 446 3015 srspius
468 2957 528 2996 curu
551 2939 630 2996 hoste
652 2940 795 2996 conllisisti
819 2929 898 3014 quam
928 2940 1070 3015 quisquam
1097 2959 1158 2998 cum
1185 2939 1294 2998 inimico
1323 2939 1492 2998 certaverit':
1522 2937 1624 3014 quadra·

345 3027 420 3104 ginta
443 3017 514 3082 enim
536 3041 622 3081 anuos
643 3035 671 3080 et
693 3023 808 3100 amplius
830 3041 884 3099 non
909 3025 984 3087 ocio,
1008 3043 1062 3081 riou
1083 3025 1197 3086 desidia.
1228 3025 1274 3082 sed
1297 3025 1434 3082 continuis
1462 3024 1647 3096 diversisqneu
1691 3047 1692 3105 ι

345 3109 425 3166 bellis
448 3109 607 3166 exercuisti:
631 3117 716 3166 testes
739 3119 803 3165 snut
817 3107 959 3166 Pannones
981 3109 1052 3182 (uam
1075 3117 1136 3166 tuas
1158 3125 1231 3184 aegre
1246 3110 1318 3166 terre
1333 3107 1426 3166 laudes
1443 3127 1499 3168 non
1513 3105 1622 3176 debeat).
1691 3153 1692 3174 ,

345 3196 391 3272 qui
414 3211 474 3250 cum
497 3195 525 3249 in
548 3195 782 3268 provinciastuas
803 3191 984 3269 irrupissent,
1012 3195 1053 3250 vir
1083 3202 1171 3252 tecum
1198 3203 1295 3268 postea
1321 3195 1450 3252 ‹lirnicare
1472 3194 1532 3252 ausi
1554 3198 1622 3248 strata

343 3282 423 3336 testis
446 3278 612 3336 ferocissima
634 3277 773 3336 Gallormn
793 3275 882 3354 gens,¹
898 3297 977 3356 quam
1000 3279 1095 3336 crebro
1117 3287 1145 3336 et
1167 3295 1247 3353 quam
1268 3297 1347 3352 aequo
1370 3277 1454 3336 llarte
1479 3263 1623 3354 pugnaturis

344 3365 395 3428 sit;
419 3365 496 3420 testis
518 3365 633 3438 donique
656 3367 754 3422 itenrm
781 3373 809 3420 et
837 3365 937 3438 saepius
959 3363 1049 3427 laclia,
1079 3381 1139 3438 que
1166 3372 1239 3422 tuam
1268 3365 1417 3439 potentiam
1448 3382 1478 3420 ac
1506 3361 1622 3420 militaris

344 3448 510 3524 disciplinam
533 3451 598 3506 satis
620 3450 752 3512 novisset,
783 3449 806 3504 si
833 3466 925 3506 reruni
946 3465 1088 3506 successus
1118 3447 1158 3504 rel
1180 3449 1292 3506 deorum
1315 3446 1454 3506 voluntate
1476 3447 1518 3504 rel
1540 3444 1647 3503 boni-s

344 3553 408 3590 uum
430 3535 480 3591 lide
504 3552 558 3590 non
580 3535 720 3592 caruisset.
758 3533 831 3607 quod
854 3551 921 3606 crgo
943 3549 1030 3607 genus
1059 3533 1122 3590 belli
1150 3534 1297 3608 excogitari
1326 3541 1434 3608 potest,
1464 3535 1491 3589 in
1521 3548 1575 3606 quo
1601 3536 1622 3583 te

276 3618 385 3680 §.aurel
409 3618 557 3692 gloriare!
581 3619 690 3676 lortuna
712 3635 766 3674 non
790 3618 957 3674 exercuerit?
979 3617 1007 3674 Si
1031 3618 1185 3675 bellicarum
1207 3618 1349 3679 virtutum,
1374 3635 1442 3692 quas
1466 3617 1492 3674 iu
1517 3625 1543 3673 te
1562 3631 1622 3690 pre·

341 3704 435 3778 cipnas
457 3695 634 3762 essc'omues
656 3712 773 3761 externas
796 3711 905 3776 gentes,
928 3703 1025 3760 nedum
1047 3703 1185 3760 Germanae
1207 3701 1378 3776 intelligunt,
1408 3703 1506 3760 seriem
1536 3714 1622 3775 prose·

1691 3797 1692 3844 l

346 3869 446 3880 -fi--m-
451 3873 547 3880 --n—

411 3973 518 4024 libum.
533 3977 557 4022 2.
597 3971 748 4036 ²Mogunt.
764 3974 787 4020 2.
821 3969 1271 4037 vllrchiepiscopdblaaguutim'r1.
1297 3969 1443 4028 Gouradus,
1463 3968 1619 4020 Ottorsisllll·

349 4057 566 4106 Wa'tlelsbareusis
583 4057 678 4126 consitis
692 4059 771 4118 filius,
791 4072 815 4105 a.
829 4057 902 4106 1160.
921 4057 1127 4120 archiepiscopio
1144 4055 1215 4120 Mop.
1232 4055 1326 4119 saetas.
1351 4071 1375 4104 a.
1395 4057 1470 4106 1197.
1488 4059 1619 4120 expetente
1691 4119 1692 4122 Ἴ

346 4139 477 4190 Coelestiao
490 4146 532 4189 111.
546 4142 577 4189 P.
591 4141 629 4190 M.
643 4157 694 4205 pro
712 4141 827 4190 Ileurieo
844 4145 879 4189 Vl.
899 4145 1037 4191 eneruituur
1056 4141 1080 4188 iu
1100 4129 1263 4190 Poloestin'aru
1281 4141 1364 4190 decrit.
1403 4139 1505 4190 ll'tlkess
1523 4138 1542 4189 l.
1557 4155 1579 4188 c.
1592 4137 1619 4184 l'·
1691 4181 1692 4188 ,

346 4223 385 4274 10.
395 4241 453 4288 sqq.
507 4225 623 4288 Saxorrip
642 4225 708 4276 duci
727 4229 750 4275 1.
773 4209 1061 4279 Psessoi-teratrum
1078 4225 1150 4276 dux?
1206 4223 1217 4287 ,⁴
1234 4224 1372 4276 Henricus
1386 4225 1433 4276 Vl.
1448 4229 1568 4274 mortuus
1585 4227 1621 4271 est

343 4309 480 4358 Messanae
493 4311 518 4358 d.
532 4307 572 4358 28.
585 4309 660 4374 Sept.
675 4326 700 4358 a.
717 4308 790 4359 ltus.
844 4309 862 4342 ¹¹
882 4310 1030 4376 Gregorius
1048 4311 1078 4359 P.
1090 4309 1127 4358 M.
1140 4309 1187 4360 1x.
1206 4308 1241 4372 (ιι.
1258 4307 1440 4372 testitum.)
1460 4307 1620 4358 llalaumels·

345 4396 401 4457 nis,
421 4395 473 4444 nisi
492 4394 644 4443 Christiani
656 4391 766 4454 fierent,
784 4409 904 4445 summes
917 4406 1012 4460 poenas
1025 4409 1054 4444 se
1068 4394 1242 4444 inmissurum
1255 4409 1315 4444 csse
1335 4395 1530 4454 comminatus,
1550 4389 1620 4440 Glari·
1691 4399 1692 4410 ¹

345 4479 444 4528 stiunis
464 4478 694 4536 cosinlensiores
707 4473 833 4528 reddidit.
848 4479 883 4529 cf.
896 4477 1241 4546 Willreul.c.V1.5ll·2.sqq·.
1281 4471 1300 4510 ¹²
1313 4477 1422 4528 Calixto
1434 4478 1484 4528 111.
1521 4473 1621 4540 ”apud
1691 4511 1692 4514 ,

343 4559 446 4628 Belgr.]
467 4561 943 4628 ιι.1456.01.11ἀιισῐεν,1.ο.11287.
1001 4561 1020 4594 ¹²
1038 4561 1350 4614 iut.msl.cm.tsb.2.
1398 4559 1419 4593 ¹⁸
1437 4561 1507 4613 idern
1524 4559 1585 4610 cst.
1598 4561 1620 4606 1.

344 4646 364 4680 ¹⁷
382 4649 444 4698 mai.
459 4653 538 4696 costr.
553 4653 577 4698 2.
612 4645 634 4679 ²³
652 4649 776 4712 inprimis
788 4651 813 4698 2.
849 4647 871 4680 ²⁷
888 4648 930 4697 De
944 4647 1074 4714 Pompeio
1087 4647 1155 4698 dixit
1168 4647 1226 4700 Cic.
1240 4663 1288 4712 pro
1301 4647 1333 4696 L.
1348 4645 1443 4696 Manil-
1458 4635 1533 4710 10‚2s'.
1547 4658 1620 4710 quern

343 4733 371 4782 in
390 4749 447 4800 sqq.
462 4749 568 4798 quoque
587 4733 716 4798 compilat
728 4733 913 4784 Burtboliuns.
949 4731 971 4764 ²⁰
990 4735 1192 4785 concertaverit
1203 4737 1228 4782 2.
1250 4731 1286 4782 ci.
1301 4732 1358 4782 Cic.
1373 4726 1390 4780 1.
1404 4747 1426 4780 c.
1444 4729 1518 4790 tiso.
