3464 5526
363 421 409 494 18
506 451 630 488 Hv'r'l'mll
646 451 677 487 l!
696 451 840 488 VLBIGEV!
858 439 1135 488 WIB'lEHPRBGHflU
1153 452 1256 488 ΟΙΔῊΟ
1275 453 1294 488 l.
1319 453 1385 489 EST.
1398 453 1423 488 Δ.
1439 446 1497 489 1515.

290 605 444 667 §.st-vobis
472 607 592 667 minime
619 608 671 675 sit,
700 607 748 686 qm
774 607 816 668 sic
843 607 965 668 allectus
991 614 1050 677 est,
1073 607 1141 686 quid
1170 615 1328 669 mereatur.
1370 607 1429 668 lam
1452 608 1521 670 illnd
1547 617 1641 670 anum

300 703 301 708 ’
359 727 446 788 quam
468 726 527 768 non
546 708 768 788 suspicandum,
791 709 869 788 quod
888 708 1060 770 obiecturus
1078 708 1233 770 interiecto
1249 711 1360 771 odmen
1377 709 1431 770 snt
1453 711 1516 780 eni,
1539 709 1640 788 siquod

359 809 461 879 babet,
485 828 538 870 cur
557 818 607 870 aut
628 829 687 871 non
711 819 777 873 ante
799 812 908 872 caedem
930 811 1052 881 obiecit,
1076 819 1126 873 ant
1145 810 1197 872 ubi
1218 810 1555 872 commisso·bomicidi0
1576 829 1639 888 pas-

359 912 412 970 sim
435 912 562 989 primnm
585 912 660 974 rnale
682 913 819 974 audiebat
839 915 1098 974 commemoravit?
1119 919 1170 974 aut
1190 913 1214 972 si
1237 913 1372 991 pudenda
1395 920 1439 974 est
1460 913 1562 991 culpa,
1590 931 1641 972 eur

359 1011 474 1090 culpam
493 1021 594 1084 rorat,
619 1031 705 1095 quam
727 1016 889 1094 impingere
911 1033 969 1076 non
992 1015 1099 1076 audet?
1120 1013 1220 1084 lllum‚
1248 1015 1272 1075 si
1298 1013 1480 1094 deliquisset,
1508 1017 1658 1075 accusaris
1709 1021 1711 1026 '

358 1114 444 1192 plane
466 1121 517 1176 aut
538 1133 622 1176 reum
644 1117 691 1193 agi
713 1118 857 1194 oportuit;
879 1117 972 1186 hunc,
1001 1118 1075 1178 siin
1097 1122 1258 1178 merentem
1281 1117 1513 1178 animadvertere
1536 1113 1641 1176 voluis·

359 1224 417 1287 set,
441 1224 469 1277 et
490 1219 533 1278 ira
555 1235 678 1278 vaenum
700 1235 765 1278 esse
788 1225 817 1279 et
837 1238 870 1279 ex
891 1218 990 1296 legum
1013 1218 1070 1278 boc
1091 1219 1263 1297 praescripto
1283 1218 1403 1298 exeqrrit
1424 1223 1454 1280 at
1474 1237 1572 1298 neque
1594 1235 1640 1278 ac·

360 1321 469 1380 cusavit
487 1337 588 1389 reum,
613 1327 640 1380 ot
663 1320 769 1381 indicta
792 1337 877 1381 carisa
896 1322 1010 1381 necavit
1032 1326 1061 1380 et
1082 1320 1117 1380 ad
1132 1318 1226 1380 nullas
1241 1318 1321 1396 leges
1337 1321 1480 1400 respexit,
1501 1339 1557 1380 nec
1573 1337 1641 1398 per·

292 1421 478 1482 §.saturatus
500 1421 658 1500 parricidio
680 1421 765 1482 irasci
782 1421 899 1483 destitit.
937 1423 1046 1484 lterum
1069 1422 1158 1500 igitur
1179 1420 1245 1482 dico
1268 1420 1348 1491 ‘Ouia
1363 1424 1458 1484 reniae
1479 1421 1565 1483 locus
1580 1421 1641 1492 esti

313 1561 315 1566 -
359 1528 409 1582 ant
430 1523 508 1583 unde
530 1523 723 1584 miserationis
745 1525 929 1585 occasionem
948 1521 1122 1604 arripietisi'
1151 1522 1215 1583 Non
1239 1523 1330 1585 babes
1352 1531 1462 1602 quote
1492 1521 1671 1602 expediasro

360 1625 506 1685 camilex:
529 1604 623 1686 lassus
643 1643 675 1684 es
697 1623 850 1695 delictum,
873 1624 1056 1705 promulgata
1080 1631 1124 1685 est
1147 1623 1246 1703 cnlpa;
1276 1643 1351 1686 noro
1374 1632 1403 1686 et
1424 1625 1555 1687 inaudito
1576 1643 1640 1686 see·

359 1726 421 1787 lere
440 1725 569 1805 polluisti
583 1727 793 1796 'Germaniam
823 1728 958 1789 omnibns
979 1729 1089 1790 invisus
1111 1744 1158 1795 es,
1186 1728 1369 1805 perniciosus
1396 1726 1502 1788 multis.
1546 1725 1641 1787 indal-

347 1823 421 1887 'tum
444 1829 513 1888 satis
531 1828 640 1888 lurori:
669 1827 739 1889 binc
760 1827 949 1890 abducendus
971 1847 1002 1890 es
1023 1830 1054 1890 in
1077 1845 1183 1888 caecam
1211 1826 1337 1908 aliquam
1361 1835 1390 1891 et
1418 1829 1641 1890 subterraneam

359 1930 496 1999 domum,
521 1929 572 1990 ubi
593 1937 622 1990 te
645 1947 704 1992 non
726 1932 875 2008 contingat
898 1928 975 1990 illius
997 1929 1065 1992 solis
1086 1929 1201 2000 lumen,
1230 1933 1280 2010 qui
1306 1949 1338 1991 se
1366 1932 1426 1992 tutis
1452 1930 1642 1992 sceleratissi-

361 2033 416 2092 mis
437 2030 598 2092 sceleribus
614 2030 703 2110 pollui
718 2038 813 2110 putat,
836 2031 886 2092 ubi
907 2033 963 2092 situ
981 2049 1016 2092 ac
1035 2032 1154 2110 paedore
1176 2030 1420 2096 conlectusillam
1440 2033 1526 2092 vitam
1545 2031 1673 2098 finiasn

292 2141 425 2212 nonme
446 2132 501 2192 diis
519 2133 735 2238 immortalibus
757 2133 872 2202 odiosa,
895 2133 1022 2193 humano
1042 2135 1143 2210 generi
1163 2135 1325 2211 perniciosa
1345 2141 1398 2194 est.
1435 2133 1564 2195 Debetur
1584 2132 1644 2192 boc

360 2242 411 2296 tue
432 2233 587 2313 profligato
615 2235 733 2304 sceleri;
768 2236 891 2300 debetur
918 2233 1006 2296 huius
1031 2235 1158 2298 canonis
1186 2236 1361 2312 integritate
1396 2233 1521 2296 debetur
1548 2233 1642 2302 vobis,

359 2337 461 2405 Suevi,
485 2336 592 2414 quibus
613 2337 806 2422 auferendum
830 2343 874 2398 est
894 2337 952 2398 boc
973 2336 1151 2416 probrosum
1174 2344 1275 2414 caput,
1297 2339 1347 2416 qui
1371 2335 1550 2398 exonerandi
1575 2337 1644 2396 estis

358 2437 478 2516 indigno
499 2437 581 2498 vobis
602 2439 684 2518 iugo,
708 2439 815 2518 quitus
836 2439 990 2502 adimenda
1011 2447 1056 2500 est
1082 2430 1210 2500 servitus’
1230 2439 1278 2500 isti
1299 2438 1426 2501 libertati
1452 2440 1575 2500 minime
1594 2438 1643 2497 de·

358 2538 426 2599 bita.
472 2537 547 2609 Quid
569 2541 759 2618 ingemiscitis
779 2540 925 2620 perculsit
947 2546 997 2600 aut
1016 2540 1085 2619 quid
1107 2557 1166 2600 non
1185 2539 1318 2602 obscuris
1336 2548 1461 2620 emptam
1478 2542 1674 2601 orationemo

360 2641 492 2719 suspiriis
512 2639 698 2719 interpellare
721 2643 860 2720 pergitis?
881 2643 964 2720 quasi
986 2659 1040 2702 nos
1063 2639 1103 2702 illi
1122 2643 1281 2721 equitatum
1302 2641 1371 2704 olim
1386 2643 1563 2722 miserimus,
1586 2659 1643 2722 quo

292 2741 438 2802 §.santam
460 2743 557 2820 potius
576 2743 726 2810 iniuriam,
749 2744 902 2822 quamius
924 2742 1075 2822 pnblicnr'n
1099 2751 1241 2806 tueretur.
1282 2743 1313 2806 Si
1336 2739 1523 2824 pulsarier,
1546 2745 1643 2810 Suari,

360 2843 591 2922 imprudentium
614 2851 672 2904 est:
697 2862 751 2904 nos
772 2846 849 2906 enim
871 2863 931 2906 non
950 2853 1052 2906 contra
1071 2853 1181 2908 vestras
1204 2845 1336 2907 lortunas
1356 2863 1439 2908 arma
1459 2845 1530 2906 buic
1552 2845 1644 2907 admi·

358 2947 559 3010 nistradmm.
581 2945 631 3006 sed
656 2952 687 3005 ut
710 2965 952 3026 componeremus
973 2947 1172 3027 periculosum
1196 2949 1360 3010 Germaniae
1381 2953 1508 3016 motum;
1539 2954 1569 3008 et
1587 2947 1644 3007 boc

360 3053 438 3108 certe
460 3054 601 3126 quantum
623 3063 676 3124 per
698 3065 752 3108 nos
773 3049 836 3110 lieri
858 3051 967 3128 potnit,
995 3051 1057 3110 sine
1079 3051 1209 3111 omnium
1235 3049 1355 3119 inierim
1386 3067 1450 3130 qrrae
1476 3050 1675 3129 inaequatum

361 3165 419 3208 non
442 3153 550 3207 destrae
569 3149 793 3221 misericordiae,
824 3151 876 3212 sed
896 3149 980 3212 ⁴illins
1007 3151 1207 3230 perversitatis
1229 3161 1313 3212 sunt:
1346 3153 1494 3230 suppetias
1523 3150 1645 3214 tulimus

361 3267 447 3310 omno
469 3249 704 3330 dirinnmatque
726 3250 885 3312 humanum
908 3250 1077 3331 imploranti
1098 3253 1251 3324 auxilium,
1274 3254 1384 3331 optimo
1404 3252 1455 3314 sed
1472 3253 1554 3330 quod
1570 3251 1646 3318 male

292 3366 350 3415 tao.
361 3352 447 3411 cessit
469 3353 628 3430 proposito.
673 3353 709 3413 nt
735 3354 832 3420 euius,
861 3355 954 3430 agite,
981 3355 1085 3414 maiori
1112 3371 1199 3433 qnam
1221 3361 1322 3416 nostm
1341 3353 1389 3416 bic
1411 3352 1488 3415 malo
1511 3361 1646 3416 servatus

359 3455 419 3514 est?
451 3472 487 3514 en
515 3453 625 3515 cae'dem
655 3461 683 3514 et
710 3453 879 3526 orbitatem,
910 3457 987 3535 quod
1015 3455 1140 3518 reddidit
1164 3455 1370 3518 liberatoribus
1397 3456 1458 3517 suis
1478 3455 1645 3534 praemium.

358 3556 467 3616 utinam
490 3555 700 3635 quievissemns
721 3558 924 3636 potiusquam
947 3558 1024 3620 istud
1049 3557 1134 3620 nobis
1152 3559 1282 3620 omnium
1303 3557 1382 3619 bono
1404 3557 1677 3620 conciliassemnsao

358 3655 483 3718 malum!
506 3664 585 3720 certe
608 3660 683 3719 enim
708 3677 740 3719 ea
763 3657 844 3720 illum
863 3661 1019 3738 impunitas
1034 3659 1070 3720 ad
1085 3658 1220 3724 uberiora
1236 3660 1432 3738 perpetranda
1448 3657 1562 3720 seelera
1582 3677 1647 3722 mu·

359 3760 454 3830 nivit‚·
466 3766 553 3839 atque
574 3759 643 3822 binc
665 3759 721 3822 sibi
744 3764 853 3840 putavit
873 3763 909 3823 ad
929 3761 1095 3840 turpissima
1119 3761 1332 3841 foedissimaque
1352 3763 1447 3824 omnia
1463 3754 1646 3840 patefactum

291 3875 311 3924 t.
320 3878 352 3922 aa.
363 3860 487 3922 aditum:
511 3863 607 3922 statim
630 3864 706 3924 enim
729 3870 762 3923 ut
775 3864 804 3922 in
826 3862 1053 3924 dominationem
1069 3871 1113 3924 est
1133 3864 1297 3934 restitutus,
1320 3863 1435 3943 aperuit
1448 3881 1535 3934 sese,
1549 3873 1647 3926 restra

358 3961 435 4022 bona
456 3961 609 4040 diripiens,
633 3969 743 4023 vestras
766 3964 898 4026 fortunas
920 3964 1066 4042 affligens,
1090 3965 1218 4026 mdllicia
1241 3963 1419 4036 demoliens,
1448 3963 1547 4026 bonos
1568 3967 1647 4027 cives

359 4065 464 4142 partim
488 4062 572 4125 exilio
593 4067 699 4143 partim
722 4084 794 4126 nece
815 4068 954 4143 puniens,
977 4085 1032 4146 per
1053 4067 1218 4128 uniuersam
1240 4067 1365 4145 denique
1386 4075 1495 4128 terram
1513 4067 1598 4130 caede
1612 4083 1678 4129 aceo

359 4166 461 4244 rapina
482 4166 616 4226 saeviens:
637 4167 710 4226 adeo
732 4167 862 4228 omnium
885 4170 1053 4248 opinionem
1077 4167 1219 4230 lelellerat
1239 4155 1407 4231 simulatum
1425 4187 1459 4230 ac
1478 4168 1647 4232 dissimula·
1669 4144 1679 4166 ’

360 4274 423 4328 tum
445 4269 562 4346 pessimi
575 4269 748 4347 ingenium:
771 4269 799 4328 id
821 4270 906 4347 quod
922 4288 982 4330 non
1003 4288 1108 4350 parum
1128 4270 1162 4332 ad
1184 4269 1270 4332 huius
1292 4271 1506 4332 damnationem
1527 4271 1647 4333 additu·

293 4383 350 4433 tas.
361 4387 427 4431 rum
450 4377 530 4448 puto.
573 4369 633 4430 lam
664 4371 739 4430 enim
762 4369 895 4432 dubitare
918 4372 1073 4434 Germania
1100 4389 1158 4432 non
1184 4379 1280 4451 potest
1304 4373 1373 4453 quid
1401 4373 1438 4434 de
1460 4371 1600 4444 bomine,
1622 4375 1647 4433 si

426 4560 568 4640 ³enr¹eut
585 4587 650 4656 non]
678 4591 759 4640 malim
782 4607 830 4641 cnr
851 4607 905 4642 non
929 4597 989 4653 ant,
1015 4595 1064 4644 uiri
1085 4608 1138 4642 non
1161 4597 1220 4642 onte
1249 4591 1470 4644 commemoravit
1496 4601 1646 4658 repetatur.

358 4672 496 4724 ⁴audiret
509 4677 532 4724 1,
546 4692 615 4726 corr.
627 4683 656 4726 ll.
718 4674 738 4708 ¹¹
758 4713 764 4725 .
784 4677 887 4725 Fessus
905 4675 940 4726 H.
994 4675 1014 4709 ¹⁸
1032 4677 1223 4753 troesenen.
1287 4675 1308 4709 ²¹
1327 4676 1389 4728 olim
1407 4677 1534 4729 anubab.
1555 4682 1581 4732 1.
1600 4681 1646 4729 ad·

358 4759 412 4811 did.
423 4763 453 4811 fl.
505 4757 527 4791 ²⁴
545 4757 658 4826 metum]
676 4760 712 4813 ei.
725 4761 748 4822 ξ.
762 4760 804 4811 21.
855 4757 878 4792 ²⁵
894 4760 1023 4811 insecuta
1040 4764 1065 4814 2.
