3382 5516
282 349 469 410 minitantes
478 373 599 410 omnus
610 375 647 409 ΔΙ)
660 345 813 410 annumerat
827 373 991 408 EGREDVLA!
1005 372 1174 410 RESPOUSVH·
1298 342 1369 412 199

93 537 117 590 in
136 534 187 591 boc
208 541 345 592 conventu
367 533 518 590 uniuersam
541 527 840 607 repraesentantem
863 533 1015 606 praesertim
1037 532 1127 588 Caesar
1148 533 1175 588 in
1197 532 1249 589 hoe
1272 532 1371 588 'lurca-

91 637 145 676 rum
167 620 281 713 negotio
305 635 358 674 nou
382 625 487 674 tantum
510 636 558 674 sua
580 626 608 674 et
630 617 765 692 imperiali
784 608 952 672 authoritate
974 618 1119 690 iungatur,
1149 617 1197 672 sed
1219 617 1300 674 etiam
1324 617 1371 674 Se·

91 703 293 762 senissimorum
315 695 484 788 Principum,
512 702 631 758 liliorum
659 720 690 759 ac
718 703 831 761 fratrum
860 719 986 764 suornm,
1019 700 1164 764 Catholici,
1193 701 1317 774 Ungariaa
1345 710 1373 758 et

90 789 172 845 nanis
194 789 316 883 Regum,
346 805 463 862 qnorum
491 795 519 844 et
546 803 696 844 consensus
726 795 753 843 et
774 786 899 842 voluntas
927 787 1040 844 arbitrio
1063 803 1114 842 suo
1142 793 1185 842 est
1206 786 1371 848 demandata,

73 880 176 948 speres
200 892 233 930 ao
253 874 324 929 vices
347 882 439 946 gerat,
469 872 672 946 arbitreturque
694 872 776 928 etiam
797 869 972 945 Portugalliae
999 871 1113 945 Regem,
1142 869 1206 927 licet
1234 871 1373 932 assiduum

91 976 145 1016 eum
165 957 241 1016 ludis
263 975 293 1014 ae
315 957 513 1014 harechiorum
534 955 646 1032 regibus
668 954 768 1013 bellurn
799 964 890 1031 gerat,
921 964 1049 1028 quantum
1078 954 1136 1011 lieri
1164 956 1280 1029 poterit,
1298 955 1373 1012 huic

91 1043 265 1099 Sanctissimo
289 1043 365 1116 operi
388 1059 443 1098 non
465 1042 636 1104 defuturum,
659 1049 815 1098 statuerunt
838 1058 869 1097 ac
890 1039 1083 1106 concluserunt
1098 1040 1282 1097 Serenissimis
1298 1035 1372 1096 Sacri

90 1127 192 1202 lmperii
216 1126 386 1201 Principibus
409 1145 439 1183 ac
462 1125 582 1182 Statibns
605 1143 687 1200 super
709 1143 803 1183 eorum
827 1123 954 1183 schedula
987 1118 1217 1182 et'conclusione
1247 1126 1273 1182 in
1301 1125 1373 1182 hunc

91 1213 195 1269 modum
220 1211 399 1286 respondere:
422 1210 555 1266 Arbitrari
578 1229 622 1274 se,
645 1211 784 1285 Principes
806 1219 834 1267 ct
849 1210 968 1266 Status
961 1227 1036 1284 ipsos
1051 1227 1102 1284 pro
1118 1218 1199 1266 tantae
1215 1211 1253 1266 rei
1269 1211 1374 1282 magni·

65 1305 84 1344 ¹⁰
93 1297 181 1354 tudine
204 1313 260 1353 non
283 1295 458 1371 perpendisse
481 1296 600 1370 ingentia
622 1295 691 1352 mala
713 1305 742 1352 et
755 1293 890 1370 pericula,
914 1311 978 1390 qnae
991 1295 1206 1352 Christianorum
1222 1295 1372 1352 cervicibus

94 1382 247 1444 imminent.
267 1381 419 1456 praesertim
442 1388 506 1457 post
528 1380 644 1442 reditum
667 1381 816 1438 'lurcorum
841 1380 946 1454 tyranni
966 1361 996 1436 in
1019 1378 1167 1453 Europam:
1191 1380 1238 1453 qui
1254 1379 1371 1452 quidem

92 1473 121 1522 ut
141 1466 193 1540 ipsi
218 1464 270 1522 lide
291 1466 380 1537 dignis
402 1463 551 1523 multorum
575 1465 685 1539 scriptis
707 1474 735 1522 et
757 1464 919 1522 testimoniis
935 1464 1024 1520 edocti
1040 1473 1116 1526 srrnt,
1140 1481 1194 1520 non
1211 1465 1291 1520 modo
1307 1481 1372 1520 con·

93 1559 130 1606 tra
152 1549 240 1625 Syriae
262 1559 290 1608 et
310 1549 503 1624 AEgyptionrnr
526 1547 666 1606 Snltanum
694 1557 770 1624 parta
798 1549 926 1612 victoria,
956 1548 1084 1623 illiusque
1114 1549 1217 1606 ditione
1248 1550 1372 1616 universa

92 1652 120 1691 ac
140 1644 219 1709 parte
242 1636 323 1691 etiarn
338 1635 436 1692 hirieae
459 1635 485 1690 in
507 1641 670 1710 potestatem
686 1635 816 1696 redactis,
840 1635 886 1690 sed
910 1629 992 1708 (quod
1009 1635 1085 1709 prius
1100 1633 1287 1708 ignorabatur)
1310 1633 1373 1690 luso

66 1721 242 1794 ¹⁵iugatoque
266 1721 292 1775 in
316 1720 509 1778 semotissimas
532 1719 608 1792 regni
631 1719 674 1775 sui
696 1718 986 1794 regionessPersarnm
1009 1720 1096 1793 hege,
1119 1736 1199 1792 quem
1220 1719 1304 1793 Sophi
1327 1735 1374 1792 ap-

93 1803 207 1878 pellant,
230 1805 388 1878 devictaque
410 1822 442 1860 ae
463 1812 589 1878 superata
613 1804 669 1860 lere
692 1811 749 1860 tota
769 1805 910 1866 Armenia,
935 1804 1017 1860 tantis
1039 1821 1111 1860 nunc
1131 1802 1220 1860 elatus
1242 1802 1374 1860 successi·

93 1889 154 1952 bus,
177 1896 278 1964 totque
295 1887 491 1964 AEgyptinrum
512 1907 544 1945 ac
564 1888 708 1946 Persarum
732 1887 831 1962 opibus
860 1889 973 1951 ditatus,
1002 1897 1029 1944 et
1055 1888 1260 1962 potentissimas
1289 1895 1373 1944 terre·
1449 1906 1453 1914 ·

93 1982 160 2029 stres
183 1977 277 2047 copias
300 1983 327 2030 et
349 1974 508 2030 maritimam
531 1973 668 2048 ingentem
692 1971 820 2036 classem,
844 1991 922 2047 qnam
945 1973 1088 2047 descriptis
1111 1973 1163 2029 iarn
1178 1971 1328 2047 remigibus
1343 1991 1374 2029 ac

94 2057 269 2116 bellatoribus
292 2058 426 2132 portubus
449 2059 506 2115 suis
529 2059 635 2122 eduxit,
657 2075 718 2114 cunr
741 2057 845 2114 nullum
868 2055 982 2132 amplius
1005 2065 1052 2113 ant
1072 2057 1217 2114 Asiaticum
1241 2065 1288 2113 ant
1303 2057 1374 2112 hiri·

64 2149 150 2198 ttcum
174 2143 283 2199 hostem
305 2143 421 2206 timeat..
435 2143 461 2200 in
486 2159 601 2217 quorum
626 2143 726 2198 uiribus
749 2141 838 2216 aliqua
861 2142 940 2199 nobis
954 2159 1025 2216 'spes
1041 2141 1129 2198 locata
1146 2141 1242 2204 luerat,
1258 2158 1331 2198 nunc
1346 2141 1385 2196 in·

94 2227 163 2284 solos
179 2228 438 2300 Christianostotis
460 2228 519 2284 suis
541 2227 643 2283 viribus
665 2236 812 2301 comparat.
851 2227 950 2284 Putant
973 2226 1057 2289 enirn,
1080 2228 1138 2300 ipse
1154 2225 1255 2289 Caesar,
1279 2226 1373 2299 Legati

94 2321 118 2368 et
139 2313 284 2376 Oratores,
313 2330 367 2368 non
391 2329 504 2387 prorsus
525 2312 664 2386 Principes
694 2313 769 2386 ipsos
796 2321 856 2368 ante
877 2311 979 2368 ,ocules
1002 2328 1067 2367 suos
1090 2312 1231 2385 posuisse,
1259 2311 1282 2366 si
1305 2311 1374 2390 Con·

95 2406 185 2452 sentus
209 2397 262 2453 iste
284 2404 337 2452 tam
361 2397 495 2471 potentis,
518 2405 572 2452 tam
596 2397 760 2470 famigerato¹
783 2397 915 2458 nationis.
939 2398 965 2452 in
990 2413 1069 2470 quarn
1093 2395 1191 2469 reliqui
1208 2391 1374 2452 Christiane·

95 2499 150 2538 rum
173 2481 269 2557 populi
292 2481 386 2538 oculos
409 2483 596 2544 coniecerunt,
620 2482 696 2538 euius
720 2481 819 2538 robore
842 2490 869 2538 et
891 2482 991 2537 virtute
1015 2498 1044 2536 se
1067 2481 1189 2554 inprimis
1212 2480 1321 2554 protegi
1345 2498 1375 2536 ac

66 2566 199 2623 sacrandi
223 2566 383 2641 sperabant,
412 2566 438 2623 in
461 2583 557 2622 vanum
581 2566 746 2628 resolvatur,
778 2575 905 2638 quantam
934 2573 961 2622 et
989 2565 1062 2621 hosti
1090 2565 1157 2622 bene
1186 2565 1312 2638 gerendre
1334 2565 1374 2622 rei

94 2651 228 2713 lhluciam,
250 2669 282 2708 ac
297 2651 457 2708 Christianae
473 2650 631 2725 reipublicae
653 2660 786 2707 terrorem
809 2669 839 2707 ac
860 2651 1077 2724 desperationem
1101 2650 1250 2706 iniecturus
1273 2650 1323 2712 sit.
1348 2658 1376 2705 et
1418 2687 1421 2693 -

96 2753 149 2791 cani
171 2735 298 2792 dominici
322 2737 415 2810 gregis
437 2745 559 2809 gentem,
590 2754 650 2810 quae
678 2737 705 2792 in
729 2733 877 2794 Pnrcarnm
905 2735 1004 2792 linibus
1033 2742 1129 2790 rmster
1151 2734 1326 2808 uticlypcus
1348 2740 1376 2790 et

95 2819 257 2876 antemurale
280 2821 307 2876 in
330 2821 401 2877 bunc
423 2821 510 2876 adbuc
531 2819 601 2877 diem
625 2822 769 2876 semiustas
792 2838 823 2876 ac
836 2819 972 2878 desolatos
988 2818 1118 2893 reliquias
1133 2837 1196 2876 suas
1213 2817 1311 2893 quibus
1327 2837 1376 2894 po·

96 2913 146 2960 test
167 2904 268 2962 viribus
290 2905 425 2979 protegit,
449 2904 576 2979 luporum
598 2903 724 2962 dentibus
746 2906 773 2960 in
796 2905 911 2979 praedam
935 2913 961 2961 et
977 2904 1102 2962 ultimum
1117 2904 1250 2961 excidium
1265 2903 1374 2960 relictu-

67 2999 152 3052 ³⁰ros;
175 2990 301 3063 huncque
325 2997 461 3046 tantorum
476 2991 630 3064 Principum
653 2990 853 3046 infructuosum
876 3006 1012 3046 recessum
1035 2998 1062 3045 et
1085 2997 1166 3046 tantm
1182 2989 1377 3064 expectationis

97 3074 196 3130 inanem
219 3072 415 3130 resolutionem
437 3091 491 3131 non
513 3069 595 3130 modo
618 3075 751 3156 universae
767 3074 926 3131 Christianae
948 3073 1103 3148 reipublice
1126 3075 1281 3130 damnosam
1304 3073 1377 3130 lutu-

97 3175 164 3220 ram
187 3159 234 3215 sed
257 3157 384 3216 omnibus
412 3157 485 3215 Sacri
508 3159 615 3233 imperii
636 3159 807 3233 Principibus
836 3166 864 3214 et
893 3159 1021 3221 statibus,
1056 3158 1109 3214 imo
1140 3161 1190 3214 toti
1215 3143 1377 3215 Germanicae

97 3243 195 3300 nationi
216 3261 271 3300 non
294 3261 402 3318 parvam
424 3243 598 3318 negligentiae
621 3253 648 3300 et
671 3245 798 3340 ignaviae,
827 3244 881 3300 imo
902 3244 1043 3300 dedecoris
1071 3251 1098 3300 et
1121 3242 1262 3322 opprobrii
1284 3244 1377 3316 potius

96 3336 183 3386 nomm
205 3329 276 3404 apud
299 3327 421 3404 reliquos
443 3328 588 3385 Christiani
612 3329 729 3385 nominis
749 3327 911 3385 Potentatus
934 3328 1089 3390 allaturam,
1119 3327 1192 3400 quod
1220 3327 1326 3384 ceteris
1348 3344 1377 3382 se

68 3421 221 3488 ttprompto
244 3412 380 3486 alacrique
402 3414 538 3472 animuin
561 3423 615 3472 tam
637 3423 759 3470 sanetum
781 3423 891 3487 tamque
913 3413 1093 3469 necessarium
1116 3428 1185 3486 opus
1201 3411 1378 3468 offerentibus

97 3497 146 3553 soli
169 3497 308 3560 Gordiani,
332 3497 415 3555 veluti
439 3517 453 3554 a
474 3498 722 3573 progenitoribus
721 3499 778 3555 suis
800 3499 961 3571 degeneres,
992 3497 1154 3592 solitamque
1183 3497 1272 3570 gentis
1294 3497 1378 3552 virtu·

99 3589 147 3638 tem
171 3581 249 3638 obliti
272 3589 399 3657 torpeant
420 3601 535 3657 prorsus
558 3593 639 3657 atque
663 3583 843 3640 obdormiant.
887 3582 946 3638 Non
974 3581 1044 3638 enirn
1073 3581 1166 3638 adduci
1194 3588 1310 3655 possunt
1331 3588 1379 3636 aut

98 3667 182 3724 Caesar
203 3677 250 3725 aut
273 3669 364 3724 ceteri
389 3669 510 3724 [uturum
533 3667 636 3743 aliquid
663 3677 710 3724 aut
739 3667 834 3724 utilius
863 3675 909 3724 aut
935 3665 1070 3723 salubrius
1099 3666 1125 3721 in
1153 3664 1207 3722 alio
1231 3666 1378 3726 Conveutn.

99 3769 174 3823 quern
196 3752 341 3808 instituere
363 3751 541 3826 pollicentur.
572 3769 655 3826 quum
678 3753 706 3808 in
727 3753 791 3814 hec.
820 3751 867 3808 ubi
894 3749 962 3808 nihil
983 3751 1077 3808 deesse
1099 3745 1205 3807 videtur
1227 3750 1298 3823 quod
1321 3767 1377 3805 rem

72 3836 156 3892 ttiure
179 3837 204 3894 iu
227 3836 341 3910 longum
363 3837 514 3894 distrahere
536 3837 645 3900 debeat,
663 3834 735 3894 nihil
758 3845 847 3894 actum
869 3835 1058 3894 cenclusnmve
1080 3835 1171 3892 luerit.
1208 3835 1313 3890 Adsunt
1335 3835 1380 3890 hic

100 3937 189 3978 omnes
209 3920 491 3992 Electnres.‚adsunt
520 3931 548 3978 et
574 3923 667 3978 caeteri
696 3920 838 3998 clarissimi
869 3939 898 3978 ac
919 3920 1114 3995 sapientissimi
1142 3928 1170 3976 et
1197 3919 1379 3994 potentissimi

100 4003 233 4080 Principes
256 4023 286 4062 ac
302 4005 384 4062 Sacri'
397 4006 508 4063 Romani
531 4007 637 4082 imperii
661 4014 772 4068 status,
787 4023 903 4080 quornm
925 4001 1055 4068 consilio,
1079 4005 1222 4079 prudentia
1237 4021 1268 4060 ac
1278 4020 1380 4080 geren·

163 4270 174 4303 ²
190 4277 259 4324 suet
275 4275 300 4323 2,
357 4271 368 4303 ⁸
387 4270 536 4338 Catholici]
555 4273 680 4323 nimirum
698 4273 842 4338 Hispaniae
861 4273 963 4338 Regis,
988 4271 1139 4337 Hungsriae
1158 4287 1191 4321 ae
1208 4272 1305 4322 Daciae
1324 4273 1378 4321 23.

100 4351 213 4422 ‘geroli
230 4357 402 4408 habestm.
448 4357 625 4410 ⁸scednla2.
680 4355 698 4388 ¹⁸
717 4356 876 4407 renuentes.
931 4355 950 4389 ¹⁹
968 4357 1092 4421 portibus
1104 4359 1164 4406 Η.
1212 4351 1380 4421 autbfr.]&

102 4439 190 4490 brat.
222 4439 243 4473 ¹¹
261 4447 335 4492 totas
352 4457 416 4492 suns
434 4441 506 4492 vires
520 4445 544 4492 2.
578 4439 600 4474 ²¹
618 4441 740 4506 potuine
753 4443 776 4490 1.
812 4439 991 4490 ¹⁹relicturus
1005 4444 1060 4491 1.2.
1096 4439 1341 4490 ”instmctrrosum
1353 4442 1378 4488 1.
1458 4469 1464 4484 .

101 4520 121 4567 ¹¹.
137 4524 215 4575 immo
225 4529 253 4578 3.
265 4533 290 4576 et
302 4527 340 4577 rie
350 4531 435 4577 rtatim
445 4533 512 4591 post.
560 4525 581 4558 ⁸⁸
599 4525 742 4576 dedecoris
760 4525 939 4590 obprobriot.
987 4523 1010 4557 ³⁵
1028 4523 1147 4589 musque]
1167 4529 1223 4574 tam
1241 4525 1300 4574 23.
1337 4523 1378 4572 ai-

104 4606 246 4661 terentibus
259 4613 283 4661 1.
319 4610 342 4642 ⁸¹
360 4607 456 4676 etque]
478 4611 576 4661 clm.
612 4595 821 4660 obdormiente.
862 4607 885 4639 ¹⁰
904 4623 984 4672 quam
997 4613 1022 4658 2.
1064 4623 1123 4658 oum
1138 4611 1161 4657 2.
1204 4605 1257 4640 Μ
1274 4623 1330 4658 rem
1350 4607 1378 4655 in

104 4705 130 4740 re
148 4693 296 4746 distrahere
310 4698 335 4748 2.
344 4697 370 4746 3.
1351 4701 1355 4710 “
