3464 5526
338 371 383 442 12
473 403 595 438 RVTTElll
615 403 644 440 lli
663 403 807 440 vuutcttvtt
824 404 1101 442 wlmttttt’mlttsn
1121 405 1224 444 onorio
1243 409 1263 442 1.
1286 401 1353 442 AEfl'l'.
1368 407 1393 442 Δ.
1409 401 1467 443 llll.

265 559 422 622 §.nanimi
445 559 578 636 corporis
602 556 756 636 complexu
779 558 900 621 senilem
923 561 1087 622 maestitiam
1102 569 1191 624 arcet.
1229 563 1297 625 llaec
1314 582 1369 641 ogo
1383 566 1407 625 si
1423 565 1453 624 io
1468 570 1612 638 conuentu
1721 553 1722 558 ¹

332 660 515 722 Rhessorum
534 659 671 720 omnibus
690 661 842 723 ferocitate
857 682 892 724 ac
905 665 1382 736 inmansuetudine'anteuntiuur,
1405 668 1429 727 si
1445 665 1522 745 apud
1538 664 1613 726 Tur·

332 781 381 822 cas
401 762 544 832 dicerem,
566 768 665 846 tamen
687 763 840 826 defuturos
861 765 931 826 milri
954 766 1004 844 qui
1024 765 1202 845 supplicium
1224 766 1261 828 de
1281 767 1339 828 hoc
1353 767 1529 830 sumendum
1546 785 1613 828 sua·
1715 825 1718 832 .

279 925 282 933 ,
331 865 448 934 denerat,
472 881 531 924 uon
552 871 701 942 putarem:
724 873 854 928 nuncet
876 867 954 946 apud
976 868 1138 930 Germanos
1158 869 1240 940 dico,
1268 876 1297 931 et
1319 868 1355 930 ad
1379 869 1459 930 lruoc
1480 869 1613 930 Maximi-

331 966 440 1027 lianum
460 963 622 1037 necarem,
641 983 700 1044 quo
722 973 751 1028 et
765 966 925 1030 humanior
940 976 969 1030 et
986 971 1165 1032 eiuscemodi
1182 973 1264 1032 lactis
1281 971 1423 1032 infensior
1441 989 1530 1032 nemo
1545 970 1633 1030 urica

304 1101 313 1118 ι
331 1069 454 1147 imperio
468 1068 623 1146 praesedit;
647 1068 759 1148 dequo
777 1071 968 1147 pertinaciter
987 1073 1157 1150 opinamur,
1177 1075 1293 1144 ¹etiarnsi
1310 1091 1370 1133 noo
1384 1089 1612 1140 accusassemus,
1721 1087 1722 1152 ξ

331 1173 431 1250 utique
454 1170 585 1230 luturum
609 1178 641 1231 ut
662 1169 741 1230 ultro
763 1171 841 1232 hunc
862 1172 899 1233 ad
913 1161 1089 1252 suppflcium
1110 1181 1246 1252 raperet:
1269 1182 1382 1236 ιιιιιιιιιιι
1402 1174 1486 1236 abest
1508 1179 1540 1232 ut
1562 1191 1614 1232 no·

264 1277 426 1336 §.restium
447 1275 493 1342 ius
516 1271 690 1332 obtenturos
712 1290 766 1333 nos
791 1273 990 1352 desperemus.
1033 1275 1116 1354 llern
1134 1283 1247 1356 gestam
1274 1277 1436 1346 audivistis,
1465 1275 1611 1342 Germani,

330 1383 358 1448 et
378 1376 455 1454 quod
477 1392 535 1436 non
556 1375 613 1435 iam
633 1374 760 1434 hominis
781 1375 908 1444 lacinus,
930 1377 982 1438 sed
1006 1377 1123 1458 aliquod
1145 1379 1233 1458 plane
1247 1384 1416 1456 portentum
1437 1377 1528 1438 videri
1545 1393 1610 1454 pos·

330 1479 382 1545 sit;
415 1475 466 1538 ubi
487 1475 585 1554 siquid
606 1476 676 1536 milri
700 1476 805 1546 deluit,
840 1496 898 1557 quo
918 1479 1015 1540 minus
1041 1480 1126 1557 digna
1148 1479 1248 1542 'rebus
1278 1487 1355 1541 esset
1382 1480 1493 1546 oratio,
1525 1478 1645 1540 lruiusrr

331 1585 443 1640 naturae
461 1578 649 1640 tribuendum
670 1579 744 1648 erit,
762 1597 818 1658 qua
844 1599 911 1642 cum
932 1581 1002 1642 nillil
1024 1583 1061 1642 sit
1074 1580 1226 1652 acerbius,
1248 1581 1321 1644 nilril
1336 1581 1518 1650 insidiosius,
1539 1578 1609 1640 nihil

331 1680 540 1750 truculentius,
560 1679 651 1743 ‚rerba
671 1699 703 1742 se
725 1681 812 1758 digna
834 1683 965 1744 invenire
988 1701 1047 1744 non
1070 1689 1175 1762 potest.
1223 1684 1295 1762 haec,
1313 1689 1358 1744 est
1385 1684 1474 1760 igitur
1497 1685 1612 1742 inenar-

329 1781 432 1844 rabilis
452 1781 520 1873 mali
540 1783 674 1852 lristoria,
697 1783 760 1844 haec
781 1785 955 1846 atrocissimi
976 1785 1114 1846 lacinoris
1136 1786 1246 1856 series,
1259 1786 1317 1848 ,hic
1339 1787 1442 1862 optimi
1468 1801 1503 1845 ac
1529 1786 1613 1844 iuno·

330 1884 492 1945 cantissimi
508 1885 619 1945 terrenis
641 1886 751 1957 exitus,
774 1885 837 1946 hade
859 1885 955 1968 luctus
973 1889 1065 1948 nostrl
1077 1888 1215 1957 materia,
1238 1887 1288 1948 hie
1301 1885 1489 1967 querelarum
1503 1885 1613 1952 lomes;

332 1987 389 2046 lroc
410 1992 456 2046 est
477 2003 530 2047 cur
548 1985 597 2046 hio
625 2001 729 2056 senor,
756 1987 788 2048 hi
813 1990 948 2060 iuvenes,
979 1986 1025 2050 leis
1052 1988 1191 2050 mulieres
1216 1991 1247 2050 in
1269 1989 1407 2051 sordibus
1435 1991 1548 2063 iacent,
1579 1989 1611 2048 iu
1624 1999 1645 2037 ιι
1721 2025 1722 2036 ι

262 2087 489 2169 §.relachrpm's
510 2089 661 2167 irrequieti
679 2097 762 2159 sunt,
786 2092 816 2151 in
836 2088 917 2152 luctu
937 2098 1133 2158 macerantur.
1165 2088 1261 2168 'Agite
1283 2109 1377 2161 nuno,
1399 2089 1542 2151 ostendite
1565 2107 1615 2150 eos

330 2209 394 2252 esse
416 2209 466 2251 vos
489 2191 539 2270 qui
558 2208 675 2276 semper
697 2193 765 2252 estis
785 2191 902 2253 crediti!
923 2194 1099 2256 immensum
1122 2199 1166 2254 est
1187 2192 1299 2263 scelus,
1323 2209 1436 2258 summa
1459 2193 1527 2268 (nisi
1544 2208 1615 2268 sup·

330 2293 448 2372 plicium
475 2293 655 2373 interveniat)
684 2294 810 2356 infamiae
837 2313 871 2356 ac
899 2295 1038 2374 perniciei
1065 2294 1253 2373 periclitatio:
1287 2301 1367 2356 certe
1396 2294 1512 2356 lrediori
1538 2299 1615 2354 notae

329 2395 448 2458 obnoxii
472 2414 536 2456 esse
558 2412 617 2454 non
638 2397 775 2472 potestis,
799 2412 886 2475 quam
908 2399 933 2458 si
954 2397 1009 2459 lros
1024 2415 1122 2459 mores
1139 2397 1298 2474 impunitos
1316 2397 1431 2464 sinatis:
1453 2396 1615 2456 firmiorem

329 2498 397 2559 nuli
417 2499 554 2560 fiduciam
577 2513 636 2557 non
655 2495 808 2558 hlbebunt
828 2517 916 2578 quam
939 2499 997 2560 hoc
1018 2497 1161 2577 exemplo.
1207 2498 1286 2578 quod
1311 2485 1401 2578 quarn
1429 2497 1646 2559 horrendaue

329 2601 379 2670 sit,
416 2618 503 2679 quam
528 2617 650 2668 novum,
683 2617 772 2677 quam
795 2602 963 2670 exitiosum,
993 2618 1052 2660 non
1076 2601 1134 2661 iam
1159 2601 1349 2678 persuasione
1370 2599 1495 2677 indiget,
1519 2617 1615 2678 neque

330 2701 418 2763 ullam
440 2719 618 2779 magnopere
638 2708 805 2762 accuratam
827 2703 983 2763 dictionem
1004 2701 1147 2782 postulat:
1167 2703 1205 2761 ita
1228 2703 1305 2763 enim
1326 2707 1463 2764 testatum
1477 2701 1537 2762 ltuc
1550 2719 1615 2762 sco·
1678 2771 1681 2778 Ι

330 2802 376 2865 lus
395 2811 455 2872 est,
478 2809 510 2862 ιιι
528 2804 708 2881 argumentis
727 2821 787 2866 non
810 2804 952 2880 indigeat,
983 2806 1022 2864 ita
1044 2805 1201 2866 vehemens
1223 2822 1258 2864 ao
1278 2801 1515 2882 incomparabilis
1535 2809 1615 2864 atro-

262 2921 321 2972 §.se
332 2905 418 2974 citas,
441 2912 473 2988 ut
491 2903 590 2965 verbis
610 2907 715 2982 exponi
736 2923 795 2966 nun
816 2909 915 2984 possit.
958 2907 1055 2968 minus
1079 2907 1158 2966 eninr
1180 2905 1250 2968 nilril
1271 2904 1464 2966 laborandum
1486 2906 1517 2966 in
1540 2923 1616 2983 prm-

329 3007 489 3068 sontiarum
513 3013 572 3074 est,
599 3025 687 3086 quam
713 3015 745 3068 ut
772 3005 808 3068 ad
831 3009 962 3070 criminis
990 3007 1204 3070 consessionem
1229 3009 1361 3068 oratione
1387 3025 1472 3068 reum
1494 3007 1648 3066 counio-aa

329 3127 408 3170 cam:
432 3115 476 3169 est
496 3109 526 3168 in
549 3109 677 3169 omniurn
700 3108 836 3180 auribus,
860 3112 889 3170 in
911 3112 1060 3171 communi
1082 3112 1173 3187 lama,
1200 3113 1229 3172 in
1250 3111 1333 3171 istius
1355 3127 1422 3178 ore,
1450 3109 1481 3168 in
1500 3110 1616 3176 vestris,

329 3210 429 3280 Sueri,
457 3208 568 3286 oculis;
592 3227 660 3270 nam
690 3219 718 3272 et
742 3230 792 3273 vos
813 3215 844 3272 in
866 3213 911 3272 vix
932 3219 1083 3290 peractum
1105 3213 1162 3272 iam
1186 3211 1299 3272 lacinus
1327 3211 1484 3278 incidistis,
1515 3217 1546 3269 et
1569 3209 1617 3271 ille

328 3314 423 3376 statim
446 3313 540 3374 lassus
562 3310 736 3374 maleficium
757 3321 815 3382 est;
837 3317 922 3375 cuius
943 3315 1113 3390 magnitudo
1142 3333 1176 3375 ea
1198 3315 1332 3392 prolecto
1353 3319 1412 3381 est,
1442 3317 1474 3372 ut
1498 3311 1528 3371 in
1556 3329 1617 3372 uno

328 3415 425 3475 omnia
445 3415 540 3477 inesse
562 3412 703 3476 malellcia
727 3416 893 3487 videantur,
923 3411 1088 3494 quodhuc
1117 3416 1231 3477 relerre
1253 3414 1321 3475 licet
1341 3414 1428 3475 huius
1449 3413 1616 3474 immanita-

261 3513 390 3579 r.n'.tem
411 3534 469 3595 quo
491 3515 586 3577 solent
607 3535 640 3577 ea
662 3534 728 3596 quae
757 3519 836 3577 omni
863 3517 1050 3594 humanitatis
1077 3519 1183 3580 rationi
1209 3517 1405 3578 inimicissima
1433 3524 1516 3576 sunt:
1545 3533 1649 3576 namra
1721 3595 1722 3602 ἵ

329 3637 396 3680 cum
415 3619 603 3680 inhumanius
624 3617 696 3680 nilril
716 3620 752 3679 sit
774 3637 860 3698 ιῐιιιιιιι
882 3618 1017 3684 occidere
1038 3620 1204 3690 hominem,
1228 3619 1307 3698 quod
1330 3618 1389 3678 hoo
1410 3618 1538 3697 primum
1563 3617 1617 3678 Ιιιι·

327 3721 406 3782 mani
422 3721 542 3797 generis
563 3722 747 3790 societatem,
770 3739 858 3800 quarn
878 3739 1054 3784 conservare
1076 3723 1247 3786 humanunl'
1260 3722 1386 3784 maxime
1409 3725 1467 3790 est,
1496 3727 1617 3796 pertur-

327 3821 378 3882 bet
399 3839 434 3882 ac
453 3821 587 3900 dissipet,
608 3823 733 3883 amicitia
755 3841 825 3883 vero
848 3824 934 3894 unica
953 3823 1086 3903 quadam
1107 3825 1198 3885 nutus
1213 3825 1264 3894 sit,
1286 3840 1353 3900 quae
1369 3823 1523 3882 hominum
1539 3823 1618 3883 inter

327 3942 360 3984 se
382 3923 616 3984 coniunctionem
636 3925 798 4003 arctissime
821 3932 933 3997 teneat,
967 3925 1066 3988 hicet
1092 3925 1241 3986 hominem
1265 3924 1387 3991 occidit,
1422 3931 1452 3983 ct
1472 3925 1615 3989 amicum.

329 4033 360 4086 ut
380 4026 438 4085 iam
462 4023 653 4092 dubitandum
673 4027 792 4087 minime
812 4025 893 4088 rolris
916 4028 951 4088 sit
980 4043 1067 4106 quem
1091 4045 1176 4090 reum
1197 4044 1333 4088 accusem
1356 4031 1406 4087 aut
1427 4023 1498 4103 qnid
1519 4025 1557 4086 de
1570 4038 1650 4090 eoas

250 4141 251 4144 ’
327 4126 457 4188 iudicare
478 4143 530 4187 ves
550 4134 698 4206 oporteat,
723 4131 773 4208 qui
792 4129 830 4188 ita
849 4131 887 4190 sit
906 4128 944 4190 ab
967 4130 1047 4190 omni
1068 4129 1248 4190 immanitate
1268 4126 1441 4196 derelictus,
1464 4130 1618 4200 utomnia
1646 4168 1664 4189 ·.

300 4236 304 4248 ’
328 4228 365 4312 ab
387 4247 419 4290 se
440 4228 584 4304 humana,
614 4247 682 4290 cum
712 4228 760 4291 ille
786 4232 916 4294 comicus
944 4249 1034 4294 senex
1062 4243 1101 4292 ne
1121 4243 1213 4292 unum
1236 4229 1355 4308 quidem
1376 4227 1498 4307 aliquid,
1522 4228 1619 4290 aliena

394 4465 573 4518 ¹Bassorum
590 4470 616 4517 2.
680 4465 699 4499 ¹¹
718 4483 771 4518 non
789 4468 891 4536 potest]
912 4470 930 4523 i.
945 4487 968 4520 e.
989 4469 1085 4520 oratio.
1143 4467 1164 4502 ¹⁸
1183 4472 1226 4519 est
1243 4474 1302 4518 ante
1321 4471 1417 4530 atreo,
1436 4473 1495 4516 ante
1514 4471 1575 4532 opt.
1593 4473 1618 4516 et

328 4559 388 4603 ante
405 4551 495 4602 luctus
513 4551 588 4602 nabet
607 4555 638 4610 1.,
657 4555 789 4603 deleniret.
843 4553 864 4588 ¹⁹
883 4554 952 4620 quod
972 4551 1035 4619 etc]
1054 4555 1071 4603 i.
1084 4569 1107 4604 e.
1122 4554 1188 4619 quie
1204 4553 1285 4603 huius
1303 4553 1462 4604 immanitas
1480 4553 1507 4601 in
1521 4568 1618 4602 nume-

262 4626 266 4634 ’
328 4653 386 4688 mm
404 4637 689 4688 inhumanissimorum
707 4639 842 4689 scelerum
860 4639 1007 4690 referendo
1025 4644 1075 4689 est.
1129 4637 1151 4672 ⁸⁷
1169 4638 1265 4688 comio.
1283 4635 1352 4702 sem]
1372 4636 1502 4687 Chremes
1521 4637 1552 4686 in
1565 4637 1617 4687 Te·

327 4727 398 4774 rent.
411 4723 562 4773 Heautont.
574 4723 597 4773 1.
613 4721 675 4784 ιιι.
