3410 5524
85 466 91 481 ⁸
205 472 330 508 EV'l'fflir
345 472 375 508 ΙΙ
395 472 488 508 DVCH
506 438 785 508 Wlli'l'fllifflssssssflss
804 469 906 506 oculo
925 471 982 507 1111.
1006 471 1035 506 lt.
1049 469 1152 506 Avo-‘h
1165 463 1225 506 1317·
1310 441 1357 512 79

121 531 132 560 Ι

83 635 171 686 turam
200 621 371 705 denegatio:
399 627 453 688 ieta
481 643 594 704 nupera
623 624 836 691 misericordie
863 631 972 686 nostrae
992 625 1125 708 *punitiei
1152 627 1195 691 sic
1223 643 1261 688 ne
1288 641 1426 691 essetne

82 729 167 788 iratus
188 730 297 790 misero
320 729 456 807 potuisti,
480 735 513 788 ut
529 726 628 790 nolles
650 733 775 789 mortem
797 723 933 806 supplicii
956 733 1119 790 extremum
1142 727 1223 788 esse?
1246 729 1360 788 tua'in·

81 831 153 890 renit
173 828 333 892 crudelitas
355 829 434 909 quod
456 827 681 892 ultramiortem
702 817 819 908 quoque
842 828 1089 907 progrederetur,
1112 846 1167 889 nec
1189 830 1228 890 ita
1250 830 1307 900 iam
1330 836 1361 890 ut

81 931 132 992 lroc
152 949 263 1011 rorpus
285 931 355 992 ieris
372 949 412 996 ac
432 930 536 994 bestiis
557 930 756 992 dilaniandum
779 929 940 1000 obiiceres,
964 930 1014 992 sed
1032 931 1104 990 iuvit
1117 933 1175 992 tuis
1190 932 1285 1010 ipsum
1301 949 1361 992 ma·

60 1033 160 1094 entus
180 1040 326 1096 tractare:
355 1033 411 1094 hcc
439 1031 627 1095 corollarium
650 1032 718 1103 luit,
746 1033 803 1094 hoc
824 1031 930 1093 sceleri
948 1039 1002 1092 tuo
1023 1034 1186 1104 auctarium
1214 1034 1359 1110 reperisti,

81 1123 209 1198 conscius
232 1135 288 1196 tihi
312 1135 388 1196 iorte
409 1135 520 1196 nnllam
543 1135 608 1196 lore
630 1140 688 1196 tarn
711 1135 851 1195 immitem
875 1134 966 1194 leram
990 1151 1055 1211 quae
1076 1135 1106 1194 in
1129 1133 1323 1194 huiusmodi
1316 1151 1359 1194 ιιι-

80 1240 240 1299 nocentiam
263 1239 366 1299 saevire
377 1244 517 1317 posset,
514 1244 558 1298 et
579 1237 658 1316 quod
678 1235 807 1298 nullos
799 1237 942 1296 rmuianes
963 1233 1063 1314 lupos,
1088 1234 1183 1296 nullas
1198 1233 1345 1300 dirasn
1297 1234 1360 1316 lyn-

80 1357 135 1409 cas,
157 1338 258 1400 nullos
278 1337 466 1400 tnrculentos
484 1356 570 1400 ursos
592 1339 722 1400 tacturos
744 1338 908 1407 credidisti,
931 1338 990 1398 tuis
1012 1337 1081 1398 illud
1104 1323 1240 1400 manibus
1256 1339 1360 1416 exequi

79 1439 206 1510 nolebas,
239 1459 299 1502 non
328 1457 385 1519 qno
414 1449 494 1502 tuam
522 1442 695 1502 immensam
723 1440 869 1501 diritatem
898 1438 994 1517 alique
1018 1457 1093 1499 novo
1114 1441 1232 1500 invento
1253 1441 1361 1501 satiare

57 1561 199 1620 ttpnsses,
219 1542 271 1606 sed
298 1549 332 1604 nt
352 1523 511 1626 genuinam
532 1541 609 1602 hanc
632 1549 710 1604 tuam
733 1541 886 1602 hauriendi
907 1537 1057 1618 sanguinis
1083 1541 1248 1604 aviditatem
1277 1544 1358 1621 quasi

79 1645 109 1704 ad
129 1653 248 1722 tempus
268 1643 417 1706 delinires.
461 1644 498 1706 Et
519 1644 582 1704 haec
605 1644 698 1704 iecisti
720 1644 833 1715 omnia,
856 1650 937 1704 tuam
959 1649 1057 1704 tamen
1079 1645 1156 1704 sitim
1172 1662 1231 1705 non
1247 1646 1425 1708 nostin-tm.
1524 1625 1529 1640 ¹

80 1747 155 1806 nisti:
182 1744 323 1828 aliquos
316 1745 383 1806 *vidi
405 1746 559 1807 carnifices
581 1751 717 1807 exoratos
739 1745 776 1824 ψ
798 1745 845 1806 inis
867 1747 916 1823 qui
938 1743 1081 1825 supplicio
1105 1745 1180 1808 allici
1202 1746 1358 1817 debebant,

78 1847 182 1908 nediu
204 1849 388 1916 cruciarent
417 1865 455 1910 ne
482 1849 613 1927 repetitis
640 1847 747 1909 ictibus
773 1847 980 1916 verberarent,
1011 1855 1043 1908 ut
1069 1846 1205 1910 celeriter
1233 1857 1359 1910 rnertenn

78 1937 227 2020 afferrent,
250 1967 310 2010 uno
326 1948 460 2050 pulsp·
442 1949 586 2014 cervicem
601 1956 786 2019 resecarent,
809 1949 866 2010 cito
880 1948 1017 2028 laqueum
1034 1957 1194 2021 necterent,
1218 1969 1276 2030 quo
1292 1950 1360 2014 bre·

56 2051 190 2112 rarissimo
213 2049 325 2113 doloris
347 2069 435 2114 sensu
459 2053 515 2112 vita
537 2053 718 2122 auferretur,
745 2051 820 2121 hoc,
849 2052 984 2130 inquam,
1007 2059 1143 2112 exoratos
1166 2053 1222 2116 vidi
1244 2053 1358 2114 carnifl-

80 2169 136 2222 ces,
159 2171 288 2232 quorum
310 2153 518 2215 interficiendis
539 2153 708 2224 hominihus
730 2153 883 2216 artificium
907 2160 968 2222 est,
991 2155 1044 2232 qui
1064 2153 1214 2215 tundendo
1228 2153 1358 2216 humano

78 2257 207 2332 sanguini
236 2253 349 2316 adsueti
376 2261 459 2326 sunt,
492 2271 619 2333 quornm
648 2257 771 2334 quisque
805 2261 886 2318 tanto
913 2255 945 2322 in
973 2273 1037 2315 suo,
1056 2248 1178 2332 generet
1194 2257 1287 2316 maior
1315 2264 1360 2318 est

79 2363 182 2434 quanto
204 2357 309 2426 minus,
327 2375 430 2418 eorum
452 2357 685 2436 quosinteriicit
711 2357 885 2442 miseretur;
914 2356 1098 2418 tamenlnoc
1113 2395 1116 2400 ι
1129 2357 1291 2420 concedere
1313 2359 1358 2418 in·

79 2459 251 2523 terficicndis
271 2457 344 2520 ridi:
367 2465 412 2528 tu,
435 2460 488 2538 qui
509 2459 640 2520 omniurn
662 2460 833 2520 carnificum
855 2459 948 2520 uetur
970 2477 1017 2527 es,
1041 2477 1127 2538 quem
1150 2461 1426 2524 atrocitateettesr.

52 2560 263 2624 ninclementia
283 2577 371 2622 nemo
394 2561 496 2632 vincit,
519 2579 606 2626 nemo
627 2568 737 2640 mquat,
760 2578 819 2638 qno
841 2578 928 2624 nemo
949 2562 1088 2623 immitior
1101 2566 1250 2640 tyrannus,
1272 2580 1359 2624 nemo

79 2659 201 2724 ferocior
225 2662 281 2724 luit
301 2661 460 2740 gladiator,
489 2680 550 2724 non
576 2669 689 2724 tentum
710 2679 771 2724 non
793 2661 904 2741 aliquid
925 2663 962 2725 de
984 2659 1098 2728 diritate
1119 2663 1255 2742 supplicii
1276 2658 1359 2726 inno·

79 2765 234 2826 certissimi
256 2766 370 2826 iuvenis
391 2764 544 2834 remisisti,
567 2764 619 2826 sed
641 2765 739 2826 omnia
755 2780 819 2843 quae
834 2766 898 2826 deri
913 2763 1073 2827 crudeliter
1087 2773 1237 2844 poterant,
1261 2763 1291 2827 in
1307 2786 1358 2831 cu·

80 2865 184 2928 mulum
208 2867 371 2946 aggerastl;
392 2883 450 2928 nco
473 2867 529 2928 iarn
552 2866 622 2946 quid
645 2865 816 2928 detraheres
838 2867 889 2928 sed
912 2867 981 2946 quid
1003 2854 1127 2938 adderes
1142 2870 1282 2947 cogitasti.
1316 2863 1426 2935 Ettnt't.

80 2967 137 3028 hac
162 2968 199 3030 de
226 2976 277 3029 tua
307 2968 421 3030 lenitate
449 2987 483 3029 ac
512 2967 796 3031 inconsummata
820 2971 894 3039 sint;
925 2976 1035 3030 tantam
1057 2988 1126 3031 vero
1148 2972 1366 3050 impudentiam

52 3070 139 3146 equis
160 3069 294 3132 credidit
305 3077 340 3134 ιιι
361 3087 429 3132 cum
442 3069 514 3132 hac
534 3077 614 3132 tanta
636 3069 748 3132 scelera
769 3070 935 3142 admiseris,
958 3071 1054 3134 adhuc
1076 3090 1130 3132 nes
1151 3073 1285 3141 irridere,
1308 3091 1360 3135 no·

80 3169 119 3229 lis
132 3171 282 3233 insultare
304 3177 334 3234 et
354 3171 515 3234 maledictis
537 3188 655 3252 quoque
677 3172 856 3234 contendere
877 3173 1002 3235 audeas?
1014 3174 1074 3235 sad
1097 3175 1175 3253 quod
1197 3193 1274 3254 saepe
1290 3175 1358 3246 dixi,

79 3271 205 3335 istaista
223 3247 323 3336 ιιιιῖἐ
342 3268 440 3334 laetitia
462 3281 521 3352 est,
543 3274 776 3353 commentitium
798 3273 856 3356 hoc
877 3274 1031 3354 gandium,
1055 3291 1113 3355 quo
1128 3276 1291 3340 lorinsecus
1306 3293 1359 3338 no-

79 3369 118 3433 bis
138 3374 279 3456 molestus
302 3393 349 3438 es:
372 3392 440 3438 nam
462 3376 540 3438 intus
562 3375 643 3439 doles
664 3393 700 3438 ac
721 3379 896 3445 maceraris;
918 3378 961 3438 sic
983 3377 1074 3440 durus
1096 3379 1204 3457 qnippe
1225 3397 1284 3439 non
1305 3395 1358 3458 po·
1422 3420 1424 3424 .

80 3481 118 3535 ιιι
138 3495 220 3548 csse,
249 3484 283 3540 ιιι
310 3495 370 3537 non
397 3475 487 3538 multa
514 3484 544 3539 te
569 3477 619 3541 hic
647 3476 838 3541 acerbissime
859 3479 1003 3540 adiiciant.
1046 3484 1134 3556 atque
1156 3478 1230 3540 heus
1251 3487 1299 3550 tu,
1328 3482 1426 3542 ιιι-ιιι.
1456 3485 1461 3498 “

54 3589 167 3657 sueque
197 3579 287 3645 huius
313 3585 343 3639 ιι
370 3579 518 3640 homicidii
538 3567 741 3658 turpissimum
764 3581 794 3644 in
816 3580 937 3642 modurn
959 3582 1107 3642 commissi
1128 3581 1235 3659 pudet,
1263 3598 1360 3666 neque

80 3677 156 3740 istius
177 3697 246 3759 quae
267 3687 425 3764 consecuta
447 3687 493 3758 est
512 3681 698 3759 ignominiae,
718 3701 778 3761 quo
798 3681 880 3744 idum
902 3672 1019 3746 entem
1041 3684 1092 3742 sic¹
1106 3683 1253 3744 desertum
1276 3689 1359 3744 tuum

81 3779 111 3838 ad
132 3781 360 3844 llaximilianum
383 3783 527 3846 Caesarem
549 3783 658 3855 abitum
681 3782 772 3846 tulisti
792 3784 912 3845 animo?
940 3783 981 3844 ibi
1001 3791 1031 3846 te
1052 3785 1172 3864 puduit,
1202 3783 1291 3854 latro,
1319 3784 1360 3849 ibi

82 3884 184 3961 cepisti
206 3885 287 3946 intus
309 3885 467 3954 morderis
483 3886 555 3946 ioris
576 3883 689 3964 pallore
711 3886 831 3955 cenllci;
861 3886 977 3947 sensisti
999 3887 1075 3947 onim
1098 3904 1164 3964 qum
1185 3887 1244 3948 siut
1265 3887 1358 3948 horni-
1381 3927 1385 3938 ·

82 3999 145 4044 num
171 3985 278 4047 indicia
307 3993 378 4048 tunc
406 4003 477 4050 cnm-
503 4006 539 4048 cx
561 3993 640 4048 tanta
663 3986 748 4050 turba
771 3985 927 4057 nobilium,
955 3987 1004 4066 qui
1026 3989 1063 4048 in·
1078 3993 1127 4050 tua
1150 3995 1270 4050 cruenta
1291 3989 1358 4052 aula

58 4087 178 4150 arerem
200 4095 286 4158 sunt,
316 4087 361 4148 vix
389 4107 465 4150 unus
496 4097 526 4151 ιι
552 4089 626 4151 alter
654 4091 704 4169 qni
731 4096 761 4151 te
789 4091 978 4155 comitaretur
1000 4097 1136 4170 repertus
1158 4098 1210 4152 cst.
1255 4090 1426 4162 Videstnoo.

85 4183 175 4258 lelna,
199 4189 296 4260 rides,
320 4191 452 4270 inquam,
480 4191 560 4269 quod
583 4194 625 4254 tui
645 4192 738 4271 pudet
758 4208 808 4251 eos
830 4207 904 4270 ques
926 4194 1075 4270 prosimos
1095 4191 1206 4256 hahere
1227 4192 1360 4256 solebasi

86 4304 201 4364 quorum
224 4294 249 4352 si
272 4307 349 4352 unus
370 4299 462 4362 esset,
490 4307 549 4376 non
579 4292 663 4363 dico,
691 4293 742 4372 qui
769 4299 851 4354 tuum
881 4295 995 4356 lacinus
1015 4294 1170 4373 probaret,
1198 4295 1256 4358 lnoc
1284 4296 1359 4369 dico,

84 4391 127 4466 gni
151 4399 180 4454 te
208 4393 294 4454 venia
321 4393 444 4471 dignum
465 4395 621 4466 iudicaret,
650 4400 722 4454 tunc
748 4394 881 4456 iuberem
909 4396 963 4456 hos
985 4395 1181 4458 nobilissimos
1202 4399 1359 4478 principes,

84 4487 153 4553 luno
173 4493 442 4574 frequentissimum
465 4497 595 4575 equitum
616 4494 776 4576 populique
791 4495 929 4558 Germani
951 4505 1126 4561 conventum
1147 4506 1176 4565 te
1199 4499 1359 4582 absolvere,

85 4591 129 4652 tibi
149 4595 350 4675 impunitatem
371 4589 520 4677 irrogare,
550 4598 886 4659 meana.accusationcm
914 4616 1140 4677 supervacuam,
1171 4603 1294 4666 etenum
1315 4599 1359 4662 lu·

143 4778 163 4814 ¹⁸
180 4787 309 4836 secarent
325 4799 395 4836 corr.
408 4784 444 4835 Η.
496 4783 519 4818 ⁸⁸
537 4784 635 4836 .Fnris
653 4787 677 4836 1.
695 4786 743 4836 red
759 4788 869 4837 come.
920 4783 941 4816 ³⁸
960 4784 1053 4836 bellna
1071 4790 1114 4836 2.,
1180 4817 1184 4824 ·
