<?xml version="1.0" encoding="UTF-8"?>
<!DOCTYPE html PUBLIC "-//W3C//DTD XHTML 1.0 Transitional//EN"
    "http://www.w3.org/TR/xhtml1/DTD/xhtml1-transitional.dtd">
<html xmlns="http://www.w3.org/1999/xhtml" xml:lang="en" lang="en">
 <head>
  <title>
</title>
<meta http-equiv="Content-Type" content="text/html;charset=utf-8" />
  <meta name='ocr-system' content='tesseract 3.04.00' />
  <meta name='ocr-capabilities' content='ocr_page ocr_carea ocr_par ocr_line ocrx_word'/>
</head>
<body>
  <div class='ocr_page' id='page_1' title='image "./ulrichihuttenie12huttgoog_0333.png"; bbox 0 0 3434 5512; ppageno 0'>
   <div class='ocr_carea' id='block_1_1' title="bbox 295 381 1538 476">
    <p class='ocr_par' dir='ltr' id='par_1_1' title="bbox 295 381 1538 476">
     <span class='ocr_line' id='line_1_1' title="bbox 295 381 1538 476; baseline -0.01 -22"><span class='ocrx_word' id='word_1_1' title='bbox 295 381 369 454; x_wconf 75' lang='lat'><em>3¹2</em></span> <span class='ocrx_word' id='word_1_2' title='bbox 406 409 506 446; x_wconf 65' lang='lat' dir='ltr'><em>Molli!</em></span> <span class='ocrx_word' id='word_1_3' title='bbox 519 409 546 444; x_wconf 74' lang='lat' dir='ltr'><em>X·</em></span> <span class='ocrx_word' id='word_1_4' title='bbox 559 407 670 445; x_wconf 61' lang='lat' dir='ltr'><em>Gonu</em></span> <span class='ocrx_word' id='word_1_5' title='bbox 682 407 833 445; x_wconf 73' lang='lat' dir='ltr'><em>nuruum</em></span> <span class='ocrx_word' id='word_1_6' title='bbox 845 407 937 444; x_wconf 74' lang='lat' dir='ltr'><em>urm</em></span> <span class='ocrx_word' id='word_1_7' title='bbox 949 408 1012 444; x_wconf 70' lang='grc' dir='ltr'><em>ΜΤ.</em></span> <span class='ocrx_word' id='word_1_8' title='bbox 1027 401 1124 443; x_wconf 67' lang='lat' dir='ltr'><em>llum.</em></span> <span class='ocrx_word' id='word_1_9' title='bbox 1135 407 1161 442; x_wconf 77' lang='lat' dir='ltr'><em>t.</em></span> <span class='ocrx_word' id='word_1_10' title='bbox 1171 402 1231 442; x_wconf 63' lang='lat' dir='ltr'><em>tietb.</em></span> <span class='ocrx_word' id='word_1_11' title='bbox 1250 408 1275 443; x_wconf 79' lang='lat'><em>0.</em></span> <span class='ocrx_word' id='word_1_12' title='bbox 1290 407 1415 443; x_wconf 72' lang='grc' dir='ltr'>ΕῙΠΙΙῘ</span> <span class='ocrx_word' id='word_1_13' title='bbox 1428 407 1538 476; x_wconf 52' lang='lat' dir='ltr'><em>Hom..</em></span> 
     </span>
    </p>
   </div>
   <div class='ocr_carea' id='block_1_2' title="bbox 280 533 1702 2166">
    <p class='ocr_par' dir='ltr' id='par_1_2' title="bbox 280 533 1593 745">
     <span class='ocr_line' id='line_1_2' title="bbox 280 533 1593 647; baseline -0.002 -22"><span class='ocrx_word' id='word_1_14' title='bbox 280 558 285 566; x_wconf 84' lang='grc'><em>’</em></span> <span class='ocrx_word' id='word_1_15' title='bbox 381 533 451 647; x_wconf 78' lang='grc'>[20]</span> <span class='ocrx_word' id='word_1_16' title='bbox 472 563 663 639; x_wconf 58' lang='lat' dir='ltr'><em>&amp;diuam</em></span> <span class='ocrx_word' id='word_1_17' title='bbox 684 563 838 624; x_wconf 88' lang='lat' dir='ltr'><em>credentes</em></span> <span class='ocrx_word' id='word_1_18' title='bbox 861 564 1063 638; x_wconf 75' lang='lat' dir='ltr'><em>indulcentias</em></span> <span class='ocrx_word' id='word_1_19' title='bbox 1084 580 1148 625; x_wconf 82' lang='lat' dir='ltr'><em>esse</em></span> <span class='ocrx_word' id='word_1_20' title='bbox 1165 565 1330 636; x_wconf 84' lang='lat' dir='ltr'><em>salutares,</em></span> <span class='ocrx_word' id='word_1_21' title='bbox 1349 567 1379 622; x_wconf 91' lang='lat' dir='ltr'><em>et</em></span> <span class='ocrx_word' id='word_1_22' title='bbox 1396 561 1441 622; x_wconf 78' lang='lat' dir='ltr'><em>ea</em></span> <span class='ocrx_word' id='word_1_23' title='bbox 1454 561 1593 636; x_wconf 78' lang='lat' dir='ltr'><em>[reectum</em></span> 
     </span>
     <span class='ocr_line' id='line_1_3' title="bbox 293 669 1250 745; baseline -0.015 -16"><span class='ocrx_word' id='word_1_24' title='bbox 293 669 416 745; x_wconf 88' lang='lat' dir='ltr'><em>spiritus</em></span> <span class='ocrx_word' id='word_1_25' title='bbox 433 669 529 726; x_wconf 87' lang='lat' dir='ltr'><em>utiles.</em></span> <span class='ocrx_word' id='word_1_26' title='bbox 636 694 639 701; x_wconf 95' lang='lat'>·</span> <span class='ocrx_word' id='word_1_27' title='bbox 1246 669 1250 676; x_wconf 85' lang='lat'><strong>·</strong></span> 
     </span>
    </p>

    <p class='ocr_par' dir='ltr' id='par_1_3' title="bbox 288 765 1590 948">
     <span class='ocr_line' id='line_1_4' title="bbox 380 765 1590 848; baseline -0.002 -21"><span class='ocrx_word' id='word_1_28' title='bbox 380 765 451 848; x_wconf 86' lang='grc'>[21]</span> <span class='ocrx_word' id='word_1_29' title='bbox 474 767 675 844; x_wconf 84' lang='lat' dir='ltr'><em>Indulpeutiec</em></span> <span class='ocrx_word' id='word_1_30' title='bbox 695 768 875 828; x_wconf 81' lang='lat' dir='ltr'><em>necessariae</em></span> <span class='ocrx_word' id='word_1_31' title='bbox 895 777 963 826; x_wconf 88' lang='lat' dir='ltr'><em>sunt</em></span> <span class='ocrx_word' id='word_1_32' title='bbox 977 769 1073 826; x_wconf 28' lang='lat' dir='ltr'><em>,suum</em></span> <span class='ocrx_word' id='word_1_33' title='bbox 1098 765 1226 841; x_wconf 89' lang='lat' dir='ltr'><em>publicis</em></span> <span class='ocrx_word' id='word_1_34' title='bbox 1252 765 1441 842; x_wconf 72' lang='lat' dir='ltr'><em>mamitus,</em></span> <span class='ocrx_word' id='word_1_35' title='bbox 1467 772 1498 826; x_wconf 88' lang='lat' dir='ltr'><em>et</em></span> <span class='ocrx_word' id='word_1_36' title='bbox 1511 782 1590 842; x_wconf 88' lang='lat' dir='ltr'><em>pro-</em></span> 
     </span>
     <span class='ocr_line' id='line_1_5' title="bbox 288 865 1177 948; baseline -0.004 -18"><span class='ocrx_word' id='word_1_37' title='bbox 288 871 359 948; x_wconf 90' lang='lat' dir='ltr'><em>prie</em></span> <span class='ocrx_word' id='word_1_38' title='bbox 379 869 584 929; x_wconf 82' lang='lat' dir='ltr'><em>concedantur</em></span> <span class='ocrx_word' id='word_1_39' title='bbox 603 869 688 928; x_wconf 76' lang='lat' dir='ltr'><em>daras</em></span> <span class='ocrx_word' id='word_1_40' title='bbox 705 869 884 928; x_wconf 80' lang='lat' dir='ltr'><em>solummodo</em></span> <span class='ocrx_word' id='word_1_41' title='bbox 905 865 1177 943; x_wconf 75' lang='lat' dir='ltr'><em>et&#39;impateentibas.</em></span> 
     </span>
    </p>

    <p class='ocr_par' dir='ltr' id='par_1_4' title="bbox 293 967 1617 1351">
     <span class='ocr_line' id='line_1_6' title="bbox 380 967 1617 1050; baseline -0.001 -21"><span class='ocrx_word' id='word_1_42' title='bbox 380 967 450 1050; x_wconf 96' lang='grc'>[22]</span> <span class='ocrx_word' id='word_1_43' title='bbox 472 969 534 1030; x_wconf 81' lang='lat' dir='ltr'><em>Sex</em></span> <span class='ocrx_word' id='word_1_44' title='bbox 553 970 712 1044; x_wconf 74' lang='lat' dir='ltr'><em>peceribus</em></span> <span class='ocrx_word' id='word_1_45' title='bbox 726 970 876 1032; x_wconf 88' lang='lat' dir='ltr'><em>bominum</em></span> <span class='ocrx_word' id='word_1_46' title='bbox 889 971 1083 1046; x_wconf 82' lang='lat' dir='ltr'><em>indalpeatice</em></span> <span class='ocrx_word' id='word_1_47' title='bbox 1097 987 1151 1030; x_wconf 85' lang='lat' dir='ltr'><em>aec</em></span> <span class='ocrx_word' id='word_1_48' title='bbox 1168 977 1238 1029; x_wconf 74' lang='lat' dir='ltr'><em>sumt</em></span> <span class='ocrx_word' id='word_1_49' title='bbox 1250 971 1437 1042; x_wconf 82' lang='lat' dir='ltr'><em>necessariae,</em></span> <span class='ocrx_word' id='word_1_50' title='bbox 1462 987 1517 1030; x_wconf 85' lang='lat' dir='ltr'><em>uec</em></span> <span class='ocrx_word' id='word_1_51' title='bbox 1532 973 1617 1028; x_wconf 65' lang='grc' dir='ltr'><strong><em>κη’-5</em></strong></span> 
     </span>
     <span class='ocr_line' id='line_1_7' title="bbox 293 1071 1593 1147; baseline -0.005 -13"><span class='ocrx_word' id='word_1_52' title='bbox 293 1075 352 1134; x_wconf 89' lang='lat' dir='ltr'><em>les:</em></span> <span class='ocrx_word' id='word_1_53' title='bbox 375 1073 512 1132; x_wconf 84' lang='lat' dir='ltr'><em>uidelicet</em></span> <span class='ocrx_word' id='word_1_54' title='bbox 529 1075 652 1134; x_wconf 77' lang='lat' dir='ltr'><em>mortuis</em></span> <span class='ocrx_word' id='word_1_55' title='bbox 665 1089 717 1133; x_wconf 90' lang='lat' dir='ltr'><em>seu</em></span> <span class='ocrx_word' id='word_1_56' title='bbox 736 1074 902 1146; x_wconf 81' lang='lat' dir='ltr'><em>umrituris,</em></span> <span class='ocrx_word' id='word_1_57' title='bbox 920 1075 1057 1147; x_wconf 75' lang='lat' dir='ltr'><em>infirmis,</em></span> <span class='ocrx_word' id='word_1_58' title='bbox 1078 1073 1205 1145; x_wconf 82' lang='lat' dir='ltr'><em>tepitime</em></span> <span class='ocrx_word' id='word_1_59' title='bbox 1219 1073 1383 1147; x_wconf 72' lang='lat' dir='ltr'><em>impeditas,</em></span> <span class='ocrx_word' id='word_1_60' title='bbox 1407 1071 1454 1130; x_wconf 85' lang='lat' dir='ltr'><em>bis</em></span> <span class='ocrx_word' id='word_1_61' title='bbox 1469 1075 1522 1146; x_wconf 81' lang='lat' dir='ltr'><em>qai</em></span> <span class='ocrx_word' id='word_1_62' title='bbox 1535 1088 1593 1130; x_wconf 84' lang='lat' dir='ltr'><em>aon</em></span> 
     </span>
     <span class='ocr_line' id='line_1_8' title="bbox 294 1173 1595 1250; baseline -0.001 -15"><span class='ocrx_word' id='word_1_63' title='bbox 294 1177 503 1235; x_wconf 83' lang='lat' dir='ltr'><em>commiserunt</em></span> <span class='ocrx_word' id='word_1_64' title='bbox 523 1175 666 1247; x_wconf 79' lang='lat' dir='ltr'><em>alutae,</em></span> <span class='ocrx_word' id='word_1_65' title='bbox 693 1173 740 1234; x_wconf 85' lang='lat' dir='ltr'><em>bis</em></span> <span class='ocrx_word' id='word_1_66' title='bbox 764 1177 817 1249; x_wconf 84' lang='lat' dir='ltr'><em>qui</em></span> <span class='ocrx_word' id='word_1_67' title='bbox 840 1177 970 1235; x_wconf 82' lang='lat' dir='ltr'><em>crimina</em></span> <span class='ocrx_word' id='word_1_68' title='bbox 997 1177 1206 1235; x_wconf 87' lang='lat' dir='ltr'><em>commiserunt</em></span> <span class='ocrx_word' id='word_1_69' title='bbox 1229 1175 1286 1234; x_wconf 87' lang='lat' dir='ltr'><em>sed</em></span> <span class='ocrx_word' id='word_1_70' title='bbox 1305 1189 1364 1234; x_wconf 86' lang='lat' dir='ltr'><em>nau</em></span> <span class='ocrx_word' id='word_1_71' title='bbox 1382 1173 1521 1250; x_wconf 84' lang='lat' dir='ltr'><em>publica,</em></span> <span class='ocrx_word' id='word_1_72' title='bbox 1548 1175 1595 1234; x_wconf 80' lang='lat' dir='ltr'><em>bis</em></span> 
     </span>
     <span class='ocr_line' id='line_1_9' title="bbox 294 1278 683 1351; baseline -0.003 -15"><span class='ocrx_word' id='word_1_73' title='bbox 294 1278 347 1350; x_wconf 82' lang='lat' dir='ltr'><em>qut</em></span> <span class='ocrx_word' id='word_1_74' title='bbox 366 1279 489 1336; x_wconf 82' lang='lat' dir='ltr'><em>meliora</em></span> <span class='ocrx_word' id='word_1_75' title='bbox 510 1287 683 1351; x_wconf 75' lang='lat' dir='ltr'><em>operamur.</em></span> 
     </span>
    </p>

    <p class='ocr_par' dir='ltr' id='par_1_5' title="bbox 294 1375 1623 1555">
     <span class='ocr_line' id='line_1_10' title="bbox 381 1375 1594 1458; baseline 0.001 -23"><span class='ocrx_word' id='word_1_76' title='bbox 381 1375 451 1458; x_wconf 82' lang='lat'>[23]</span> <span class='ocrx_word' id='word_1_77' title='bbox 474 1377 802 1438; x_wconf 80' lang='lat' dir='ltr'><em>Eacommunicatioues</em></span> <span class='ocrx_word' id='word_1_78' title='bbox 822 1385 891 1438; x_wconf 88' lang='lat' dir='ltr'><em>suut</em></span> <span class='ocrx_word' id='word_1_79' title='bbox 908 1383 1020 1438; x_wconf 86' lang='lat' dir='ltr'><em>tantum</em></span> <span class='ocrx_word' id='word_1_80' title='bbox 1038 1384 1174 1438; x_wconf 75' lang='lat' dir='ltr'><em>externae</em></span> <span class='ocrx_word' id='word_1_81' title='bbox 1188 1395 1303 1454; x_wconf 77' lang='lat' dir='ltr'><em>paena,</em></span> <span class='ocrx_word' id='word_1_82' title='bbox 1323 1395 1377 1440; x_wconf 90' lang='lat' dir='ltr'><em>uec</em></span> <span class='ocrx_word' id='word_1_83' title='bbox 1396 1380 1523 1454; x_wconf 81' lang='lat' dir='ltr'><em>privant</em></span> <span class='ocrx_word' id='word_1_84' title='bbox 1536 1379 1594 1436; x_wconf 88' lang='lat' dir='ltr'><em>bo-</em></span> 
     </span>
     <span class='ocr_line' id='line_1_11' title="bbox 294 1479 1623 1555; baseline -0.002 -13"><span class='ocrx_word' id='word_1_85' title='bbox 294 1481 402 1542; x_wconf 77' lang='lat' dir='ltr'><em>minem</em></span> <span class='ocrx_word' id='word_1_86' title='bbox 421 1479 622 1540; x_wconf 84' lang='lat' dir='ltr'><em>communibus</em></span> <span class='ocrx_word' id='word_1_87' title='bbox 639 1480 844 1555; x_wconf 73' lang='lat' dir='ltr'><em>spiritualibus</em></span> <span class='ocrx_word' id='word_1_88' title='bbox 863 1482 997 1541; x_wconf 83' lang='lat' dir='ltr'><em>ecclesiae</em></span> <span class='ocrx_word' id='word_1_89' title='bbox 1015 1481 1205 1540; x_wconf 68' lang='lat' dir='ltr'><em>aasentias.</em></span> <span class='ocrx_word' id='word_1_90' title='bbox 1602 1493 1623 1530; x_wconf 80' lang='lat' dir='ltr'><em>u</em></span> 
     </span>
    </p>

    <p class='ocr_par' dir='ltr' id='par_1_6' title="bbox 294 1563 1702 1746">
     <span class='ocr_line' id='line_1_12' title="bbox 381 1563 1702 1668; baseline 0 -26"><span class='ocrx_word' id='word_1_91' title='bbox 381 1579 451 1663; x_wconf 82' lang='grc'>[24]</span> <span class='ocrx_word' id='word_1_92' title='bbox 474 1569 714 1668; x_wconf 74' lang='lat' dir='ltr'><em>*Ducendisuut</em></span> <span class='ocrx_word' id='word_1_93' title='bbox 732 1582 895 1642; x_wconf 75' lang='lat' dir='ltr'><em>Christiani</em></span> <span class='ocrx_word' id='word_1_94' title='bbox 908 1585 980 1658; x_wconf 88' lang='lat' dir='ltr'><em>ptus</em></span> <span class='ocrx_word' id='word_1_95' title='bbox 1000 1581 1125 1656; x_wconf 73' lang='lat' dir='ltr'><em>delicere</em></span> <span class='ocrx_word' id='word_1_96' title='bbox 1150 1583 1485 1642; x_wconf 75' lang='lat' dir='ltr'><em>excommunicationem</em></span> <span class='ocrx_word' id='word_1_97' title='bbox 1506 1597 1593 1656; x_wconf 76' lang='lat' dir='ltr'><em>quum</em></span> <span class='ocrx_word' id='word_1_98' title='bbox 1701 1563 1702 1582; x_wconf 51' lang='lat'>¹</span> 
     </span>
     <span class='ocr_line' id='line_1_13' title="bbox 294 1686 407 1746; baseline -0.027 -2"><span class='ocrx_word' id='word_1_99' title='bbox 294 1686 407 1746; x_wconf 89' lang='lat' dir='ltr'><em>timere.</em></span> 
     </span>
    </p>

    <p class='ocr_par' dir='ltr' id='par_1_7' title="bbox 293 1780 1592 1964">
     <span class='ocr_line' id='line_1_14' title="bbox 381 1780 1592 1865; baseline 0.001 -22"><span class='ocrx_word' id='word_1_100' title='bbox 381 1783 451 1865; x_wconf 79' lang='grc'>[25]</span> <span class='ocrx_word' id='word_1_101' title='bbox 474 1780 647 1846; x_wconf 60' lang='lat' dir='ltr'><em>”Romanas</em></span> <span class='ocrx_word' id='word_1_102' title='bbox 665 1785 804 1860; x_wconf 79' lang='lat' dir='ltr'><em>pontifex</em></span> <span class='ocrx_word' id='word_1_103' title='bbox 824 1785 909 1845; x_wconf 86' lang='lat' dir='ltr'><em>Petri</em></span> <span class='ocrx_word' id='word_1_104' title='bbox 927 1801 1093 1859; x_wconf 79' lang='lat' dir='ltr'><em>successor,</em></span> <span class='ocrx_word' id='word_1_105' title='bbox 1115 1801 1174 1846; x_wconf 82' lang='lat' dir='ltr'><em>mou</em></span> <span class='ocrx_word' id='word_1_106' title='bbox 1194 1791 1239 1845; x_wconf 84' lang='lat' dir='ltr'><em>est</em></span> <span class='ocrx_word' id='word_1_107' title='bbox 1259 1784 1371 1844; x_wconf 73' lang='lat' dir='ltr'><em>Christi</em></span> <span class='ocrx_word' id='word_1_108' title='bbox 1388 1787 1520 1844; x_wconf 78' lang='lat' dir='ltr'><em>aternius</em></span> <span class='ocrx_word' id='word_1_109' title='bbox 1540 1802 1592 1844; x_wconf 90' lang='lat' dir='ltr'><em>su-</em></span> 
     </span>
     <span class='ocr_line' id='line_1_15' title="bbox 293 1886 1590 1964; baseline -0.002 -18"><span class='ocrx_word' id='word_1_110' title='bbox 293 1903 352 1964; x_wconf 87' lang='lat' dir='ltr'><em>per</em></span> <span class='ocrx_word' id='word_1_111' title='bbox 371 1903 470 1947; x_wconf 88' lang='lat' dir='ltr'><em>omues</em></span> <span class='ocrx_word' id='word_1_112' title='bbox 491 1891 578 1954; x_wconf 85' lang='lat' dir='ltr'><em>totius</em></span> <span class='ocrx_word' id='word_1_113' title='bbox 598 1887 704 1947; x_wconf 85' lang='lat' dir='ltr'><em>mundi</em></span> <span class='ocrx_word' id='word_1_114' title='bbox 723 1889 854 1948; x_wconf 87' lang='lat' dir='ltr'><em>ecclesiis</em></span> <span class='ocrx_word' id='word_1_115' title='bbox 876 1887 914 1947; x_wconf 94' lang='lat' dir='ltr'><em>ab</em></span> <span class='ocrx_word' id='word_1_116' title='bbox 932 1889 999 1963; x_wconf 89' lang='lat' dir='ltr'><em>ipso</em></span> <span class='ocrx_word' id='word_1_117' title='bbox 1020 1887 1135 1948; x_wconf 70' lang='lat' dir='ltr'><em>cbristo</em></span> <span class='ocrx_word' id='word_1_118' title='bbox 1156 1889 1187 1946; x_wconf 88' lang='lat' dir='ltr'><em>in</em></span> <span class='ocrx_word' id='word_1_119' title='bbox 1213 1886 1297 1946; x_wconf 90' lang='lat' dir='ltr'><em>beato</em></span> <span class='ocrx_word' id='word_1_120' title='bbox 1319 1886 1409 1946; x_wconf 84' lang='lat' dir='ltr'><em>Petro</em></span> <span class='ocrx_word' id='word_1_121' title='bbox 1435 1889 1590 1946; x_wconf 84' lang='lat' dir='ltr'><em>institutus.</em></span> 
     </span>
    </p>

    <p class='ocr_par' dir='ltr' id='par_1_8' title="bbox 295 1986 1623 2166">
     <span class='ocr_line' id='line_1_16' title="bbox 376 1986 1623 2070; baseline 0.001 -23"><span class='ocrx_word' id='word_1_122' title='bbox 376 1986 453 2070; x_wconf 88' lang='grc'>[26]</span> <span class='ocrx_word' id='word_1_123' title='bbox 476 1989 629 2050; x_wconf 66' lang='lat' dir='ltr'><em>‘Verbum</em></span> <span class='ocrx_word' id='word_1_124' title='bbox 653 1988 763 2050; x_wconf 85' lang='lat' dir='ltr'><em>Cbristi</em></span> <span class='ocrx_word' id='word_1_125' title='bbox 784 1990 827 2049; x_wconf 84' lang='lat' dir='ltr'><em>aa</em></span> <span class='ocrx_word' id='word_1_126' title='bbox 844 1989 967 2050; x_wconf 82' lang='lat' dir='ltr'><em>Petrtan</em></span> <span class='ocrx_word' id='word_1_127' title='bbox 989 1989 1199 2064; x_wconf 79' lang='lat' dir='ltr'><em>‘Quodcunque</em></span> <span class='ocrx_word' id='word_1_128' title='bbox 1219 1990 1341 2048; x_wconf 77' lang='lat' dir='ltr'><em>solveris</em></span> <span class='ocrx_word' id='word_1_129' title='bbox 1363 2005 1455 2064; x_wconf 88' lang='lat' dir='ltr'><em>super</em></span> <span class='ocrx_word' id='word_1_130' title='bbox 1483 1995 1591 2049; x_wconf 74' lang='lat' dir='ltr'><em>umam</em></span> <span class='ocrx_word' id='word_1_131' title='bbox 1604 1995 1623 2031; x_wconf 73' lang='lat'><em>¹³</em></span> 
     </span>
     <span class='ocr_line' id='line_1_17' title="bbox 295 2087 1165 2166; baseline -0.001 -16"><span class='ocrx_word' id='word_1_132' title='bbox 295 2087 359 2152; x_wconf 65' lang='lat' dir='ltr'><em>ete!</em></span> <span class='ocrx_word' id='word_1_133' title='bbox 380 2091 553 2152; x_wconf 77' lang='lat' dir='ltr'><em>extenditur</em></span> <span class='ocrx_word' id='word_1_134' title='bbox 570 2093 730 2152; x_wconf 75' lang='lat' dir='ltr'><em>dumtaxat</em></span> <span class='ocrx_word' id='word_1_135' title='bbox 750 2093 793 2151; x_wconf 86' lang='lat' dir='ltr'><em>ad</em></span> <span class='ocrx_word' id='word_1_136' title='bbox 812 2093 907 2166; x_wconf 80' lang='lat' dir='ltr'><em>tipata</em></span> <span class='ocrx_word' id='word_1_137' title='bbox 924 2091 964 2150; x_wconf 91' lang='lat' dir='ltr'><em>ab</em></span> <span class='ocrx_word' id='word_1_138' title='bbox 984 2093 1048 2166; x_wconf 88' lang='lat' dir='ltr'><em>ipso</em></span> <span class='ocrx_word' id='word_1_139' title='bbox 1069 2091 1165 2152; x_wconf 87' lang='lat' dir='ltr'><em>Petro.</em></span> 
     </span>
    </p>
   </div>
   <div class='ocr_carea' id='block_1_3' title="bbox 295 2299 1621 3609">
    <p class='ocr_par' dir='ltr' id='par_1_9' title="bbox 295 2299 1621 3609">
     <span class='ocr_line' id='line_1_18' title="bbox 295 2299 1592 2389; baseline -0.002 -19"><span class='ocrx_word' id='word_1_140' title='bbox 295 2309 404 2372; x_wconf 72' lang='lat' dir='ltr'><em>‘Totus</em></span> <span class='ocrx_word' id='word_1_141' title='bbox 418 2311 449 2371; x_wconf 92' lang='lat' dir='ltr'><em>in</em></span> <span class='ocrx_word' id='word_1_142' title='bbox 465 2328 568 2372; x_wconf 87' lang='lat' dir='ltr'><em>errore</em></span> <span class='ocrx_word' id='word_1_143' title='bbox 583 2299 719 2381; x_wconf 83' lang='lat' dir='ltr'><em>uers&#39;aris,</em></span> <span class='ocrx_word' id='word_1_144' title='bbox 743 2309 886 2371; x_wconf 82' lang='lat' dir='ltr'><em>Lutbere:</em></span> <span class='ocrx_word' id='word_1_145' title='bbox 910 2327 978 2370; x_wconf 83' lang='lat' dir='ltr'><em>num</em></span> <span class='ocrx_word' id='word_1_146' title='bbox 992 2309 1017 2372; x_wconf 89' lang='lat' dir='ltr'><em>si</em></span> <span class='ocrx_word' id='word_1_147' title='bbox 1031 2327 1091 2370; x_wconf 92' lang='lat' dir='ltr'><em>non</em></span> <span class='ocrx_word' id='word_1_148' title='bbox 1107 2317 1247 2389; x_wconf 80' lang='lat' dir='ltr'><em>appetent</em></span> <span class='ocrx_word' id='word_1_149' title='bbox 1260 2307 1459 2388; x_wconf 79' lang='lat' dir='ltr'><em>indulgentias</em></span> <span class='ocrx_word' id='word_1_150' title='bbox 1474 2307 1592 2388; x_wconf 83' lang='lat' dir='ltr'><em>posthae</em></span> 
     </span>
     <span class='ocr_line' id='line_1_19' title="bbox 295 2410 1592 2491; baseline -0.003 -19"><span class='ocrx_word' id='word_1_151' title='bbox 295 2411 441 2478; x_wconf 87' lang='lat' dir='ltr'><em>hemines.</em></span> <span class='ocrx_word' id='word_1_152' title='bbox 466 2431 521 2474; x_wconf 91' lang='lat' dir='ltr'><em>nec</em></span> <span class='ocrx_word' id='word_1_153' title='bbox 536 2413 767 2491; x_wconf 89' lang='lat' dir='ltr'><em>perhorrescent</em></span> <span class='ocrx_word' id='word_1_154' title='bbox 781 2412 1129 2480; x_wconf 84' lang='lat' dir='ltr'><em>excommunicationem,</em></span> <span class='ocrx_word' id='word_1_155' title='bbox 1153 2411 1232 2472; x_wconf 90' lang='lat' dir='ltr'><em>unde</em></span> <span class='ocrx_word' id='word_1_156' title='bbox 1248 2411 1304 2473; x_wconf 91' lang='lat' dir='ltr'><em>erit</em></span> <span class='ocrx_word' id='word_1_157' title='bbox 1317 2411 1452 2472; x_wconf 83' lang='lat' dir='ltr'><em>Pontifici</em></span> <span class='ocrx_word' id='word_1_158' title='bbox 1469 2410 1592 2470; x_wconf 83' lang='lat' dir='ltr'><em>maxime</em></span> 
     </span>
     <span class='ocr_line' id='line_1_20' title="bbox 295 2513 1590 2594; baseline -0.002 -20"><span class='ocrx_word' id='word_1_159' title='bbox 295 2513 470 2594; x_wconf 75' lang='lat' dir='ltr'><em>lienemque</em></span> <span class='ocrx_word' id='word_1_160' title='bbox 486 2521 529 2575; x_wconf 88' lang='lat' dir='ltr'><em>tat</em></span> <span class='ocrx_word' id='word_1_161' title='bbox 543 2513 601 2575; x_wconf 84' lang='lat' dir='ltr'><em>alat</em></span> <span class='ocrx_word' id='word_1_162' title='bbox 615 2521 759 2594; x_wconf 91' lang='lat' dir='ltr'><em>perpetuo</em></span> <span class='ocrx_word' id='word_1_163' title='bbox 776 2515 890 2591; x_wconf 90' lang='lat' dir='ltr'><em>equites</em></span> <span class='ocrx_word' id='word_1_164' title='bbox 905 2531 939 2574; x_wconf 86' lang='lat' dir='ltr'><em>ac</em></span> <span class='ocrx_word' id='word_1_165' title='bbox 955 2514 1076 2592; x_wconf 89' lang='lat' dir='ltr'><em>pedites,</em></span> <span class='ocrx_word' id='word_1_166' title='bbox 1101 2513 1270 2591; x_wconf 76' lang='lat' dir='ltr'><em>expeditum</em></span> <span class='ocrx_word' id='word_1_167' title='bbox 1285 2531 1404 2592; x_wconf 90' lang='lat' dir='ltr'><em>semper</em></span> <span class='ocrx_word' id='word_1_168' title='bbox 1421 2513 1590 2578; x_wconf 84' lang='lat' dir='ltr'><em>exercitum,</em></span> 
     </span>
     <span class='ocr_line' id='line_1_21' title="bbox 295 2613 1621 2695; baseline -0.001 -21"><span class='ocrx_word' id='word_1_169' title='bbox 295 2621 339 2675; x_wconf 91' lang='lat' dir='ltr'><em>tot</em></span> <span class='ocrx_word' id='word_1_170' title='bbox 354 2617 491 2685; x_wconf 85' lang='lat' dir='ltr'><em>musicos,</em></span> <span class='ocrx_word' id='word_1_171' title='bbox 515 2623 629 2678; x_wconf 84' lang='lat' dir='ltr'><em>tanturn</em></span> <span class='ocrx_word' id='word_1_172' title='bbox 645 2615 866 2695; x_wconf 81' lang='lat' dir='ltr'><em>spiculatorem,</em></span> <span class='ocrx_word' id='word_1_173' title='bbox 888 2613 954 2675; x_wconf 90' lang='lat' dir='ltr'><em>illos</em></span> <span class='ocrx_word' id='word_1_174' title='bbox 970 2617 1133 2693; x_wconf 77' lang='lat' dir='ltr'><em>praesertim</em></span> <span class='ocrx_word' id='word_1_175' title='bbox 1157 2615 1292 2693; x_wconf 87' lang='lat' dir='ltr'><em>carparis</em></span> <span class='ocrx_word' id='word_1_176' title='bbox 1314 2615 1359 2675; x_wconf 90' lang='lat' dir='ltr'><em>sui</em></span> <span class='ocrx_word' id='word_1_177' title='bbox 1381 2614 1520 2676; x_wconf 80' lang='lat' dir='ltr'><em>custodes</em></span> <span class='ocrx_word' id='word_1_178' title='bbox 1542 2614 1621 2674; x_wconf 61' lang='lat' dir='ltr'><em>‹ta-2⁰</em></span> 
     </span>
     <span class='ocr_line' id='line_1_22' title="bbox 299 2715 1592 2797; baseline -0.002 -21"><span class='ocrx_word' id='word_1_179' title='bbox 299 2723 401 2777; x_wconf 88' lang='lat' dir='ltr'><em>centos</em></span> <span class='ocrx_word' id='word_1_180' title='bbox 423 2715 571 2779; x_wconf 82' lang='lat' dir='ltr'><em>Heluetios</em></span> <span class='ocrx_word' id='word_1_181' title='bbox 593 2719 772 2797; x_wconf 76' lang='lat' dir='ltr'><em>stipatores?</em></span> <span class='ocrx_word' id='word_1_182' title='bbox 802 2715 907 2780; x_wconf 89' lang='lat' dir='ltr'><em>Nonne</em></span> <span class='ocrx_word' id='word_1_183' title='bbox 928 2715 965 2776; x_wconf 90' lang='lat' dir='ltr'><em>ad</em></span> <span class='ocrx_word' id='word_1_184' title='bbox 988 2715 1182 2795; x_wconf 84' lang='lat' dir='ltr'><em>despicabiles</em></span> <span class='ocrx_word' id='word_1_185' title='bbox 1201 2716 1305 2778; x_wconf 89' lang='lat' dir='ltr'><em>sordes</em></span> <span class='ocrx_word' id='word_1_186' title='bbox 1326 2715 1434 2777; x_wconf 85' lang='lat' dir='ltr'><em>redibit</em></span> <span class='ocrx_word' id='word_1_187' title='bbox 1455 2715 1592 2795; x_wconf 85' lang='lat' dir='ltr'><em>splendor</em></span> 
     </span>
     <span class='ocr_line' id='line_1_23' title="bbox 296 2815 1591 2898; baseline -0.001 -21"><span class='ocrx_word' id='word_1_188' title='bbox 296 2815 346 2878; x_wconf 91' lang='lat' dir='ltr'><em>ille</em></span> <span class='ocrx_word' id='word_1_189' title='bbox 362 2817 510 2880; x_wconf 74' lang='lat' dir='ltr'><em>ecclesiae?</em></span> <span class='ocrx_word' id='word_1_190' title='bbox 532 2819 693 2898; x_wconf 77' lang='lat' dir='ltr'><em>liesipisce,</em></span> <span class='ocrx_word' id='word_1_191' title='bbox 759 2817 842 2879; x_wconf 75' lang='lat' dir='ltr'><em>hlloc</em></span> <span class='ocrx_word' id='word_1_192' title='bbox 857 2817 1034 2895; x_wconf 84' lang='lat' dir='ltr'><em>inexpiabile</em></span> <span class='ocrx_word' id='word_1_193' title='bbox 1050 2825 1102 2886; x_wconf 88' lang='lat' dir='ltr'><em>est,</em></span> <span class='ocrx_word' id='word_1_194' title='bbox 1116 2817 1254 2889; x_wconf 78' lang='lat' dir='ltr'><em>Lutlrere</em></span> <span class='ocrx_word' id='word_1_195' title='bbox 1267 2817 1403 2894; x_wconf 84' lang='lat' dir='ltr'><em>Regnum</em></span> <span class='ocrx_word' id='word_1_196' title='bbox 1419 2817 1525 2878; x_wconf 90' lang='lat' dir='ltr'><em>adimis</em></span> <span class='ocrx_word' id='word_1_197' title='bbox 1538 2815 1591 2877; x_wconf 78' lang='lat' dir='ltr'><em>lle</em></span> 
     </span>
     <span class='ocr_line' id='line_1_24' title="bbox 298 2917 1592 2998; baseline 0 -21"><span class='ocrx_word' id='word_1_198' title='bbox 298 2933 386 2980; x_wconf 86' lang='lat' dir='ltr'><em>mane</em></span> <span class='ocrx_word' id='word_1_199' title='bbox 409 2919 553 2980; x_wconf 75' lang='lat' dir='ltr'><em>Pontifici,</em></span> <span class='ocrx_word' id='word_1_200' title='bbox 598 2920 654 2982; x_wconf 90' lang='lat' dir='ltr'><em>Ubi</em></span> <span class='ocrx_word' id='word_1_201' title='bbox 677 2921 767 2982; x_wconf 78' lang='lat' dir='ltr'><em>venire</em></span> <span class='ocrx_word' id='word_1_202' title='bbox 788 2919 891 2981; x_wconf 79' lang='lat' dir='ltr'><em>locus?</em></span> <span class='ocrx_word' id='word_1_203' title='bbox 912 2919 977 2980; x_wconf 89' lang='lat' dir='ltr'><em>Non</em></span> <span class='ocrx_word' id='word_1_204' title='bbox 1001 2917 1130 2990; x_wconf 78' lang='lat' dir='ltr'><em>absoluo.</em></span> <span class='ocrx_word' id='word_1_205' title='bbox 1197 2918 1283 2980; x_wconf 67' lang='lat' dir='ltr'><em>e&#39;liaeo</em></span> <span class='ocrx_word' id='word_1_206' title='bbox 1304 2917 1393 2980; x_wconf 90' lang='lat' dir='ltr'><em>verba</em></span> <span class='ocrx_word' id='word_1_207' title='bbox 1418 2926 1448 2980; x_wconf 89' lang='lat' dir='ltr'><em>et</em></span> <span class='ocrx_word' id='word_1_208' title='bbox 1471 2917 1592 2998; x_wconf 79' lang='lat' dir='ltr'><em>quade</em></span> 
     </span>
     <span class='ocr_line' id='line_1_25' title="bbox 299 3017 1591 3102; baseline -0.001 -23"><span class='ocrx_word' id='word_1_209' title='bbox 299 3019 374 3080; x_wconf 90' lang='lat' dir='ltr'><em>datis</em></span> <span class='ocrx_word' id='word_1_210' title='bbox 396 3019 526 3081; x_wconf 85' lang='lat' dir='ltr'><em>clavibus</em></span> <span class='ocrx_word' id='word_1_211' title='bbox 549 3031 631 3090; x_wconf 88' lang='lat' dir='ltr'><em>sunt,</em></span> <span class='ocrx_word' id='word_1_212' title='bbox 655 3041 752 3102; x_wconf 89' lang='lat' dir='ltr'><em>neque</em></span> <span class='ocrx_word' id='word_1_213' title='bbox 776 3023 838 3100; x_wconf 91' lang='lat' dir='ltr'><em>ipse</em></span> <span class='ocrx_word' id='word_1_214' title='bbox 861 3021 931 3082; x_wconf 87' lang='lat' dir='ltr'><em>satis</em></span> <span class='ocrx_word' id='word_1_215' title='bbox 952 3017 1095 3082; x_wconf 85' lang='lat' dir='ltr'><em>intellexit</em></span> <span class='ocrx_word' id='word_1_216' title='bbox 1109 3021 1321 3101; x_wconf 82' lang='lat' dir='ltr'><em>Hieronymus,</em></span> <span class='ocrx_word' id='word_1_217' title='bbox 1345 3037 1434 3100; x_wconf 79' lang='lat' dir='ltr'><em>quem</em></span> <span class='ocrx_word' id='word_1_218' title='bbox 1458 3022 1544 3081; x_wconf 85' lang='lat' dir='ltr'><em>toties</em></span> <span class='ocrx_word' id='word_1_219' title='bbox 1564 3019 1591 3078; x_wconf 91' lang='lat' dir='ltr'><em>in</em></span> 
     </span>
     <span class='ocr_line' id='line_1_26' title="bbox 299 3119 1619 3202; baseline 0.001 -22"><span class='ocrx_word' id='word_1_220' title='bbox 299 3120 355 3180; x_wconf 77' lang='lat' dir='ltr'><em>isac</em></span> <span class='ocrx_word' id='word_1_221' title='bbox 377 3119 458 3183; x_wconf 86' lang='lat' dir='ltr'><em>bulla</em></span> <span class='ocrx_word' id='word_1_222' title='bbox 480 3123 608 3184; x_wconf 88' lang='lat' dir='ltr'><em>vicarius</em></span> <span class='ocrx_word' id='word_1_223' title='bbox 630 3123 736 3184; x_wconf 85' lang='lat' dir='ltr'><em>Christi</em></span> <span class='ocrx_word' id='word_1_224' title='bbox 753 3121 867 3201; x_wconf 83' lang='lat' dir='ltr'><em>allegat.</em></span> <span class='ocrx_word' id='word_1_225' title='bbox 891 3123 934 3184; x_wconf 87' lang='lat' dir='ltr'><em>sie</em></span> <span class='ocrx_word' id='word_1_226' title='bbox 951 3123 1029 3184; x_wconf 92' lang='lat' dir='ltr'><em>enim</em></span> <span class='ocrx_word' id='word_1_227' title='bbox 1045 3121 1203 3202; x_wconf 84' lang='lat' dir='ltr'><em>adscripsit</em></span> <span class='ocrx_word' id='word_1_228' title='bbox 1217 3124 1258 3193; x_wconf 87' lang='lat' dir='ltr'><em>is,</em></span> <span class='ocrx_word' id='word_1_229' title='bbox 1280 3141 1349 3183; x_wconf 90' lang='lat' dir='ltr'><em>eum</em></span> <span class='ocrx_word' id='word_1_230' title='bbox 1364 3121 1494 3183; x_wconf 76' lang='lat' dir='ltr'><em>nannet</em></span> <span class='ocrx_word' id='word_1_231' title='bbox 1508 3123 1619 3183; x_wconf 78' lang='lat' dir='ltr'><em>eran-²⁵</em></span> 
     </span>
     <span class='ocr_line' id='line_1_27' title="bbox 299 3221 1590 3304; baseline 0 -21"><span class='ocrx_word' id='word_1_232' title='bbox 299 3221 409 3299; x_wconf 84' lang='lat' dir='ltr'><em>goliam</em></span> <span class='ocrx_word' id='word_1_233' title='bbox 425 3233 604 3303; x_wconf 83' lang='lat' dir='ltr'><em>exponeret:</em></span> <span class='ocrx_word' id='word_1_234' title='bbox 629 3223 738 3286; x_wconf 86' lang='lat' dir='ltr'><em>‘istum’</em></span> <span class='ocrx_word' id='word_1_235' title='bbox 762 3226 856 3304; x_wconf 91' lang='lat' dir='ltr'><em>inquit</em></span> <span class='ocrx_word' id='word_1_236' title='bbox 880 3223 987 3285; x_wconf 81' lang='lat' dir='ltr'><em>&#39;locum</em></span> <span class='ocrx_word' id='word_1_237' title='bbox 1010 3223 1141 3302; x_wconf 91' lang='lat' dir='ltr'><em>episcopi</em></span> <span class='ocrx_word' id='word_1_238' title='bbox 1159 3231 1189 3286; x_wconf 90' lang='lat' dir='ltr'><em>et</em></span> <span class='ocrx_word' id='word_1_239' title='bbox 1203 3231 1339 3303; x_wconf 76' lang='lat' dir='ltr'><em>pastores</em></span> <span class='ocrx_word' id='word_1_240' title='bbox 1354 3241 1414 3284; x_wconf 91' lang='lat' dir='ltr'><em>non</em></span> <span class='ocrx_word' id='word_1_241' title='bbox 1430 3221 1590 3302; x_wconf 78' lang='lat' dir='ltr'><em>intelligen-</em></span> 
     </span>
     <span class='ocr_line' id='line_1_28' title="bbox 295 3322 1591 3406; baseline 0.002 -22"><span class='ocrx_word' id='word_1_242' title='bbox 295 3331 340 3384; x_wconf 88' lang='lat' dir='ltr'><em>tes</em></span> <span class='ocrx_word' id='word_1_243' title='bbox 366 3322 475 3404; x_wconf 89' lang='lat' dir='ltr'><em>aliquid</em></span> <span class='ocrx_word' id='word_1_244' title='bbox 504 3325 559 3387; x_wconf 86' lang='lat' dir='ltr'><em>sibi</em></span> <span class='ocrx_word' id='word_1_245' title='bbox 587 3326 746 3388; x_wconf 87' lang='lat' dir='ltr'><em>adsumunt</em></span> <span class='ocrx_word' id='word_1_246' title='bbox 767 3327 804 3388; x_wconf 91' lang='lat' dir='ltr'><em>de</em></span> <span class='ocrx_word' id='word_1_247' title='bbox 827 3325 1039 3405; x_wconf 81' lang='lat' dir='ltr'><em>plmrisaeorum</em></span> <span class='ocrx_word' id='word_1_248' title='bbox 1064 3325 1239 3406; x_wconf 88' lang='lat' dir='ltr'><em>supercilio,</em></span> <span class='ocrx_word' id='word_1_249' title='bbox 1266 3333 1299 3386; x_wconf 90' lang='lat' dir='ltr'><em>ut</em></span> <span class='ocrx_word' id='word_1_250' title='bbox 1320 3325 1366 3387; x_wconf 87' lang='lat' dir='ltr'><em>vel</em></span> <span class='ocrx_word' id='word_1_251' title='bbox 1389 3325 1533 3388; x_wconf 84' lang='lat' dir='ltr'><em>damnent</em></span> <span class='ocrx_word' id='word_1_252' title='bbox 1551 3328 1591 3387; x_wconf 92' lang='lat' dir='ltr'><em>iu·</em></span> 
     </span>
     <span class='ocr_line' id='line_1_29' title="bbox 295 3426 1591 3508; baseline 0.002 -22"><span class='ocrx_word' id='word_1_253' title='bbox 295 3433 449 3496; x_wconf 87' lang='lat' dir='ltr'><em>nocentes,</em></span> <span class='ocrx_word' id='word_1_254' title='bbox 473 3426 519 3490; x_wconf 85' lang='lat' dir='ltr'><em>uel</em></span> <span class='ocrx_word' id='word_1_255' title='bbox 542 3427 657 3490; x_wconf 87' lang='lat' dir='ltr'><em>saluere</em></span> <span class='ocrx_word' id='word_1_256' title='bbox 679 3445 710 3489; x_wconf 88' lang='lat' dir='ltr'><em>se</em></span> <span class='ocrx_word' id='word_1_257' title='bbox 733 3429 837 3500; x_wconf 78' lang='lat' dir='ltr'><em>noxios</em></span> <span class='ocrx_word' id='word_1_258' title='bbox 859 3427 1058 3496; x_wconf 89' lang='lat' dir='ltr'><em>arbitrentur,</em></span> <span class='ocrx_word' id='word_1_259' title='bbox 1089 3446 1158 3489; x_wconf 91' lang='lat' dir='ltr'><em>cum</em></span> <span class='ocrx_word' id='word_1_260' title='bbox 1181 3428 1260 3508; x_wconf 87' lang='lat' dir='ltr'><em>apud</em></span> <span class='ocrx_word' id='word_1_261' title='bbox 1283 3427 1371 3488; x_wconf 89' lang='lat' dir='ltr'><em>deum</em></span> <span class='ocrx_word' id='word_1_262' title='bbox 1395 3446 1457 3489; x_wconf 89' lang='lat' dir='ltr'><em>non</em></span> <span class='ocrx_word' id='word_1_263' title='bbox 1479 3435 1591 3492; x_wconf 85' lang='lat' dir='ltr'><em>senteu-</em></span> 
     </span>
     <span class='ocr_line' id='line_1_30' title="bbox 297 3527 1591 3609; baseline 0.001 -22"><span class='ocrx_word' id='word_1_264' title='bbox 297 3527 336 3588; x_wconf 88' lang='lat' dir='ltr'><em>tla</em></span> <span class='ocrx_word' id='word_1_265' title='bbox 360 3529 564 3600; x_wconf 86' lang='lat' dir='ltr'><em>sacerdotum,</em></span> <span class='ocrx_word' id='word_1_266' title='bbox 587 3529 637 3590; x_wconf 91' lang='lat' dir='ltr'><em>sed</em></span> <span class='ocrx_word' id='word_1_267' title='bbox 661 3547 782 3592; x_wconf 89' lang='lat' dir='ltr'><em>reorum</em></span> <span class='ocrx_word' id='word_1_268' title='bbox 806 3532 861 3592; x_wconf 91' lang='lat' dir='ltr'><em>vita</em></span> <span class='ocrx_word' id='word_1_269' title='bbox 884 3528 1053 3609; x_wconf 84' lang='lat' dir='ltr'><em>quaeratur&#39;.</em></span> <span class='ocrx_word' id='word_1_270' title='bbox 1077 3528 1180 3609; x_wconf 87' lang='lat' dir='ltr'><em>Neque</em></span> <span class='ocrx_word' id='word_1_271' title='bbox 1202 3529 1381 3608; x_wconf 80' lang='lat' dir='ltr'><em>Augustinus</em></span> <span class='ocrx_word' id='word_1_272' title='bbox 1403 3537 1534 3592; x_wconf 87' lang='lat' dir='ltr'><em>mentem</em></span> <span class='ocrx_word' id='word_1_273' title='bbox 1555 3531 1591 3589; x_wconf 70' lang='lat' dir='ltr'><em>si·</em></span> 
     </span>
    </p>
   </div>
   <div class='ocr_carea' id='block_1_4' title="bbox 300 3649 467 3658">
    <p class='ocr_par' dir='ltr' id='par_1_10' title="bbox 300 3649 467 3658">
     <span class='ocr_line' id='line_1_31' title="bbox 300 3649 467 3658; baseline 0.006 -1"><span class='ocrx_word' id='word_1_274' title='bbox 300 3649 467 3658; x_wconf 77' lang='lat'><em>--—--.-</em></span> 
     </span>
    </p>
   </div>
   <div class='ocr_carea' id='block_1_5' title="bbox 228 3695 1659 4772">
    <p class='ocr_par' dir='ltr' id='par_1_11' title="bbox 228 3695 1659 4772">
     <span class='ocr_line' id='line_1_32' title="bbox 364 3695 1591 3765; baseline 0.002 -18"><span class='ocrx_word' id='word_1_275' title='bbox 364 3695 608 3750; x_wconf 61' lang='lat' dir='ltr'><em>burnunxvtu.</em></span> <span class='ocrx_word' id='word_1_276' title='bbox 657 3696 810 3750; x_wconf 73' lang='lat' dir='ltr'><em>“ironice</em></span> <span class='ocrx_word' id='word_1_277' title='bbox 855 3695 1591 3765; x_wconf 62' lang='lat' dir='ltr'><em>”Hieronymeomminevsng.n{atth.xvt.19.ut</em></span> 
     </span>
     <span class='ocr_line' id='line_1_33' title="bbox 228 3780 1649 3856; baseline 0.003 -24"><span class='ocrx_word' id='word_1_278' title='bbox 228 3843 234 3856; x_wconf 47' lang='lat'><strong>·</strong></span> <span class='ocrx_word' id='word_1_279' title='bbox 294 3781 399 3832; x_wconf 84' lang='lat' dir='ltr'><em>Bened.</em></span> <span class='ocrx_word' id='word_1_280' title='bbox 407 3781 503 3848; x_wconf 85' lang='lat' dir='ltr'><em>VILp.</em></span> <span class='ocrx_word' id='word_1_281' title='bbox 514 3782 569 3834; x_wconf 80' lang='lat'><em>124.</em></span> <span class='ocrx_word' id='word_1_282' title='bbox 605 3780 775 3848; x_wconf 78' lang='lat' dir='ltr'><em>¹⁵Aupustiu.</em></span> <span class='ocrx_word' id='word_1_283' title='bbox 788 3783 1065 3835; x_wconf 81' lang='lat' dir='ltr'><em>serm.LXXXV.c.l.</em></span> <span class='ocrx_word' id='word_1_284' title='bbox 1086 3783 1136 3834; x_wconf 85' lang='lat' dir='ltr'><em>‘Tu</em></span> <span class='ocrx_word' id='word_1_285' title='bbox 1150 3799 1179 3834; x_wconf 89' lang='lat' dir='ltr'><em>es</em></span> <span class='ocrx_word' id='word_1_286' title='bbox 1192 3785 1307 3834; x_wconf 87' lang='lat' dir='ltr'><em>Petrus&#39;.</em></span> <span class='ocrx_word' id='word_1_287' title='bbox 1327 3783 1421 3834; x_wconf 85' lang='lat' dir='ltr'><em>Simon</em></span> <span class='ocrx_word' id='word_1_288' title='bbox 1434 3785 1536 3850; x_wconf 88' lang='lat' dir='ltr'><em>quippe</em></span> <span class='ocrx_word' id='word_1_289' title='bbox 1549 3799 1591 3832; x_wconf 74' lang='lat' dir='ltr'><em>an·</em></span> <span class='ocrx_word' id='word_1_290' title='bbox 1643 3821 1649 3836; x_wconf 90' lang='lat'><em>.</em></span> 
     </span>
     <span class='ocr_line' id='line_1_34' title="bbox 280 3855 1592 3936; baseline 0.001 -20"><span class='ocrx_word' id='word_1_291' title='bbox 280 3855 344 3917; x_wconf 50' lang='lat' dir='ltr'><em>¹ten</em></span> <span class='ocrx_word' id='word_1_292' title='bbox 356 3867 524 3930; x_wconf 62' lang='lat' dir='ltr'><em>vocabalum</em></span> <span class='ocrx_word' id='word_1_293' title='bbox 543 3867 596 3920; x_wconf 90' lang='lat' dir='ltr'><em>hoe</em></span> <span class='ocrx_word' id='word_1_294' title='bbox 611 3873 702 3918; x_wconf 83' lang='lat' dir='ltr'><em>autem</em></span> <span class='ocrx_word' id='word_1_295' title='bbox 721 3869 748 3918; x_wconf 89' lang='lat' dir='ltr'><em>ei</em></span> <span class='ocrx_word' id='word_1_296' title='bbox 766 3883 873 3930; x_wconf 86' lang='lat' dir='ltr'><em>nemen,</em></span> <span class='ocrx_word' id='word_1_297' title='bbox 892 3873 923 3918; x_wconf 84' lang='lat' dir='ltr'><em>ut</em></span> <span class='ocrx_word' id='word_1_298' title='bbox 939 3869 1039 3918; x_wconf 84' lang='lat' dir='ltr'><em>Petrus</em></span> <span class='ocrx_word' id='word_1_299' title='bbox 1057 3867 1259 3936; x_wconf 82' lang='lat' dir='ltr'><em>appellaretur,</em></span> <span class='ocrx_word' id='word_1_300' title='bbox 1278 3884 1295 3918; x_wconf 83' lang='lat' dir='ltr'><em>a</em></span> <span class='ocrx_word' id='word_1_301' title='bbox 1312 3867 1423 3918; x_wconf 85' lang='lat' dir='ltr'><em>domino</em></span> <span class='ocrx_word' id='word_1_302' title='bbox 1441 3869 1592 3934; x_wconf 82' lang='lat' dir='ltr'><em>impositum</em></span> 
     </span>
     <span class='ocr_line' id='line_1_35' title="bbox 296 3951 1592 4020; baseline 0 -18"><span class='ocrx_word' id='word_1_303' title='bbox 296 3955 351 4014; x_wconf 84' lang='lat' dir='ltr'><em>est,</em></span> <span class='ocrx_word' id='word_1_304' title='bbox 376 3958 405 4003; x_wconf 91' lang='lat' dir='ltr'><em>et</em></span> <span class='ocrx_word' id='word_1_305' title='bbox 422 3952 474 4004; x_wconf 88' lang='lat' dir='ltr'><em>hoe</em></span> <span class='ocrx_word' id='word_1_306' title='bbox 493 3953 522 4002; x_wconf 87' lang='lat' dir='ltr'><em>iu</em></span> <span class='ocrx_word' id='word_1_307' title='bbox 541 3965 576 4003; x_wconf 82' lang='lat' dir='ltr'><em>ea</em></span> <span class='ocrx_word' id='word_1_308' title='bbox 593 3951 682 4020; x_wconf 77' lang='lat' dir='ltr'><em>figura</em></span> <span class='ocrx_word' id='word_1_309' title='bbox 699 3957 732 4002; x_wconf 83' lang='lat' dir='ltr'><em>ut</em></span> <span class='ocrx_word' id='word_1_310' title='bbox 748 3953 922 4018; x_wconf 76' lang='lat' dir='ltr'><em>significaret</em></span> <span class='ocrx_word' id='word_1_311' title='bbox 941 3951 1104 4003; x_wconf 82' lang='lat' dir='ltr'><em>ecelesiam:</em></span> <span class='ocrx_word' id='word_1_312' title='bbox 1124 3955 1189 4018; x_wconf 81' lang='lat' dir='ltr'><em>quie</em></span> <span class='ocrx_word' id='word_1_313' title='bbox 1208 3953 1282 4003; x_wconf 86' lang='lat' dir='ltr'><em>enim</em></span> <span class='ocrx_word' id='word_1_314' title='bbox 1294 3951 1420 4003; x_wconf 80' lang='lat' dir='ltr'><em>Christus</em></span> <span class='ocrx_word' id='word_1_315' title='bbox 1433 3958 1528 4018; x_wconf 81' lang='lat' dir='ltr'><em>petru,</em></span> <span class='ocrx_word' id='word_1_316' title='bbox 1545 3953 1592 4002; x_wconf 85' lang='lat' dir='ltr'><em>Pe·</em></span> 
     </span>
     <span class='ocr_line' id='line_1_36' title="bbox 294 4036 1587 4104; baseline -0.001 -17"><span class='ocrx_word' id='word_1_317' title='bbox 294 4041 353 4088; x_wconf 88' lang='lat' dir='ltr'><em>trus</em></span> <span class='ocrx_word' id='word_1_318' title='bbox 369 4036 487 4104; x_wconf 84' lang='lat' dir='ltr'><em>populus</em></span> <span class='ocrx_word' id='word_1_319' title='bbox 506 4037 693 4088; x_wconf 81' lang='lat' dir='ltr'><em>Christianus:</em></span> <span class='ocrx_word' id='word_1_320' title='bbox 712 4043 793 4104; x_wconf 78' lang='lat' dir='ltr'><em>petra</em></span> <span class='ocrx_word' id='word_1_321' title='bbox 811 4038 885 4088; x_wconf 88' lang='lat' dir='ltr'><em>enim</em></span> <span class='ocrx_word' id='word_1_322' title='bbox 903 4036 1059 4103; x_wconf 80' lang='lat' dir='ltr'><em>principale</em></span> <span class='ocrx_word' id='word_1_323' title='bbox 1077 4051 1176 4088; x_wconf 88' lang='lat' dir='ltr'><em>nomen</em></span> <span class='ocrx_word' id='word_1_324' title='bbox 1195 4041 1252 4098; x_wconf 60' lang='grc' dir='ltr'><em>σοις</em></span> <span class='ocrx_word' id='word_1_325' title='bbox 1271 4036 1333 4088; x_wconf 85' lang='lat' dir='ltr'><em>ideo</em></span> <span class='ocrx_word' id='word_1_326' title='bbox 1349 4038 1451 4088; x_wconf 82' lang='lat' dir='ltr'><em>Petrus</em></span> <span class='ocrx_word' id='word_1_327' title='bbox 1470 4053 1487 4087; x_wconf 84' lang='lat' dir='ltr'><em>a</em></span> <span class='ocrx_word' id='word_1_328' title='bbox 1506 4043 1587 4102; x_wconf 80' lang='lat' dir='ltr'><em>petra,</em></span> 
     </span>
     <span class='ocr_line' id='line_1_37' title="bbox 295 4119 1585 4190; baseline 0.002 -21"><span class='ocrx_word' id='word_1_329' title='bbox 295 4135 351 4170; x_wconf 84' lang='lat' dir='ltr'><em>non</em></span> <span class='ocrx_word' id='word_1_330' title='bbox 368 4126 450 4188; x_wconf 76' lang='lat' dir='ltr'><em>petra</em></span> <span class='ocrx_word' id='word_1_331' title='bbox 468 4137 485 4172; x_wconf 83' lang='lat' dir='ltr'><em>a</em></span> <span class='ocrx_word' id='word_1_332' title='bbox 502 4123 601 4186; x_wconf 86' lang='lat' dir='ltr'><em>Petro,</em></span> <span class='ocrx_word' id='word_1_333' title='bbox 622 4123 755 4190; x_wconf 87' lang='lat' dir='ltr'><em>quomodo</em></span> <span class='ocrx_word' id='word_1_334' title='bbox 774 4137 828 4173; x_wconf 89' lang='lat' dir='ltr'><em>nan</em></span> <span class='ocrx_word' id='word_1_335' title='bbox 846 4138 864 4172; x_wconf 83' lang='lat' dir='ltr'><em>a</em></span> <span class='ocrx_word' id='word_1_336' title='bbox 882 4121 1034 4175; x_wconf 83' lang='lat' dir='ltr'><em>christiano</em></span> <span class='ocrx_word' id='word_1_337' title='bbox 1054 4120 1195 4184; x_wconf 82' lang='lat' dir='ltr'><em>Christus,</em></span> <span class='ocrx_word' id='word_1_338' title='bbox 1219 4120 1268 4171; x_wconf 82' lang='lat' dir='ltr'><em>sed</em></span> <span class='ocrx_word' id='word_1_339' title='bbox 1291 4136 1309 4170; x_wconf 76' lang='lat' dir='ltr'><em>a</em></span> <span class='ocrx_word' id='word_1_340' title='bbox 1327 4119 1438 4172; x_wconf 83' lang='lat' dir='ltr'><em>Christo</em></span> <span class='ocrx_word' id='word_1_341' title='bbox 1457 4119 1585 4172; x_wconf 75' lang='lat' dir='ltr'><em>Christic-</em></span> 
     </span>
     <span class='ocr_line' id='line_1_38' title="bbox 295 4205 1587 4274; baseline 0.003 -22"><span class='ocrx_word' id='word_1_342' title='bbox 295 4219 346 4254; x_wconf 86' lang='lat' dir='ltr'><em>nns</em></span> <span class='ocrx_word' id='word_1_343' title='bbox 364 4208 493 4268; x_wconf 60' lang='lat' dir='ltr'><em>vocatum</em></span> <span class='ocrx_word' id='word_1_344' title='bbox 512 4206 564 4258; x_wconf 80' lang='lat' dir='ltr'><em>‘Tu</em></span> <span class='ocrx_word' id='word_1_345' title='bbox 582 4210 620 4258; x_wconf 85' lang='lat' dir='ltr'><em>es’</em></span> <span class='ocrx_word' id='word_1_346' title='bbox 639 4223 705 4274; x_wconf 83' lang='lat' dir='ltr'><em>ergo</em></span> <span class='ocrx_word' id='word_1_347' title='bbox 724 4206 814 4272; x_wconf 86' lang='lat' dir='ltr'><em>iuquit</em></span> <span class='ocrx_word' id='word_1_348' title='bbox 833 4207 941 4258; x_wconf 85' lang='lat' dir='ltr'><em>‘Petrus</em></span> <span class='ocrx_word' id='word_1_349' title='bbox 960 4211 989 4257; x_wconf 86' lang='lat' dir='ltr'><em>et</em></span> <span class='ocrx_word' id='word_1_350' title='bbox 1006 4221 1089 4272; x_wconf 87' lang='lat' dir='ltr'><em>super</em></span> <span class='ocrx_word' id='word_1_351' title='bbox 1106 4205 1178 4256; x_wconf 83' lang='lat' dir='ltr'><em>hane</em></span> <span class='ocrx_word' id='word_1_352' title='bbox 1197 4207 1319 4272; x_wconf 81' lang='lat' dir='ltr'><em>petram&#39;,</em></span> <span class='ocrx_word' id='word_1_353' title='bbox 1346 4219 1429 4270; x_wconf 77' lang='lat' dir='ltr'><em>quam</em></span> <span class='ocrx_word' id='word_1_354' title='bbox 1453 4205 1587 4256; x_wconf 80' lang='lat' dir='ltr'><em>confessus</em></span> 
     </span>
     <span class='ocr_line' id='line_1_39' title="bbox 297 4279 1584 4358; baseline 0.001 -21"><span class='ocrx_word' id='word_1_355' title='bbox 297 4279 340 4349; x_wconf 80' lang='lat' dir='ltr'><em>es,</em></span> <span class='ocrx_word' id='word_1_356' title='bbox 360 4288 542 4354; x_wconf 80' lang='lat' dir='ltr'><em>‘superbene</em></span> <span class='ocrx_word' id='word_1_357' title='bbox 561 4293 684 4356; x_wconf 81' lang='lat' dir='ltr'><em>petram&#39;,</em></span> <span class='ocrx_word' id='word_1_358' title='bbox 705 4307 786 4357; x_wconf 88' lang='lat' dir='ltr'><em>quam</em></span> <span class='ocrx_word' id='word_1_359' title='bbox 806 4292 961 4358; x_wconf 83' lang='lat' dir='ltr'><em>cognovisti</em></span> <span class='ocrx_word' id='word_1_360' title='bbox 979 4291 1076 4341; x_wconf 88' lang='lat' dir='ltr'><em>dicens</em></span> <span class='ocrx_word' id='word_1_361' title='bbox 1096 4290 1157 4340; x_wconf 86' lang='lat' dir='ltr'><em>“Tu</em></span> <span class='ocrx_word' id='word_1_362' title='bbox 1171 4305 1201 4341; x_wconf 86' lang='lat' dir='ltr'><em>es</em></span> <span class='ocrx_word' id='word_1_363' title='bbox 1214 4289 1340 4341; x_wconf 82' lang='lat' dir='ltr'><em>Christus</em></span> <span class='ocrx_word' id='word_1_364' title='bbox 1353 4287 1428 4339; x_wconf 86' lang='lat' dir='ltr'><em>filius</em></span> <span class='ocrx_word' id='word_1_365' title='bbox 1446 4289 1492 4339; x_wconf 87' lang='lat' dir='ltr'><em>dei</em></span> <span class='ocrx_word' id='word_1_366' title='bbox 1509 4287 1584 4348; x_wconf 80' lang='lat' dir='ltr'><em>riri&#39;,</em></span> 
     </span>
     <span class='ocr_line' id='line_1_40' title="bbox 297 4371 1659 4440; baseline -0.002 -17"><span class='ocrx_word' id='word_1_367' title='bbox 297 4371 452 4424; x_wconf 78' lang='lat' dir='ltr'><em>‘aedificabo</em></span> <span class='ocrx_word' id='word_1_368' title='bbox 471 4375 622 4426; x_wconf 78' lang='lat' dir='ltr'><em>ecelesiam</em></span> <span class='ocrx_word' id='word_1_369' title='bbox 640 4379 737 4426; x_wconf 84' lang='lat' dir='ltr'><em>meam&#39;</em></span> <span class='ocrx_word' id='word_1_370' title='bbox 757 4375 867 4438; x_wconf 85' lang='lat' dir='ltr'><em>(Matth.</em></span> <span class='ocrx_word' id='word_1_371' title='bbox 880 4375 952 4426; x_wconf 84' lang='lat' dir='ltr'>XVI.</span> <span class='ocrx_word' id='word_1_372' title='bbox 969 4373 1094 4439; x_wconf 84' lang='lat' dir='ltr'><em>ta...18.),</em></span> <span class='ocrx_word' id='word_1_373' title='bbox 1113 4373 1142 4425; x_wconf 86' lang='lat' dir='ltr'><em>id</em></span> <span class='ocrx_word' id='word_1_374' title='bbox 1161 4379 1205 4426; x_wconf 82' lang='lat' dir='ltr'><em>est</em></span> <span class='ocrx_word' id='word_1_375' title='bbox 1224 4373 1322 4440; x_wconf 83' lang='lat' dir='ltr'><em>‘Super</em></span> <span class='ocrx_word' id='word_1_376' title='bbox 1339 4389 1382 4424; x_wconf 87' lang='lat' dir='ltr'><em>me</em></span> <span class='ocrx_word' id='word_1_377' title='bbox 1403 4376 1491 4438; x_wconf 82' lang='lat' dir='ltr'><em>ipsum</em></span> <span class='ocrx_word' id='word_1_378' title='bbox 1509 4371 1583 4422; x_wconf 81' lang='lat' dir='ltr'><em>filium</em></span> <span class='ocrx_word' id='word_1_379' title='bbox 1654 4405 1659 4414; x_wconf 82' lang='lat'><strong>.</strong></span> 
     </span>
     <span class='ocr_line' id='line_1_41' title="bbox 296 4453 1581 4527; baseline 0 -21"><span class='ocrx_word' id='word_1_380' title='bbox 296 4456 418 4508; x_wconf 79' lang='lat' dir='ltr'><em>deiviri</em></span> <span class='ocrx_word' id='word_1_381' title='bbox 437 4457 582 4510; x_wconf 74' lang='lat' dir='ltr'><em>aedificabo</em></span> <span class='ocrx_word' id='word_1_382' title='bbox 602 4459 751 4510; x_wconf 80' lang='lat' dir='ltr'><em>eeclesiam</em></span> <span class='ocrx_word' id='word_1_383' title='bbox 768 4475 879 4522; x_wconf 58' lang='lat' dir='ltr'><em>mermi</em></span> <span class='ocrx_word' id='word_1_384' title='bbox 896 4477 979 4527; x_wconf 87' lang='lat' dir='ltr'><em>super</em></span> <span class='ocrx_word' id='word_1_385' title='bbox 1002 4476 1045 4510; x_wconf 85' lang='lat' dir='ltr'><em>me</em></span> <span class='ocrx_word' id='word_1_386' title='bbox 1064 4457 1210 4510; x_wconf 82' lang='lat' dir='ltr'><em>oedificabo</em></span> <span class='ocrx_word' id='word_1_387' title='bbox 1229 4465 1271 4523; x_wconf 85' lang='lat' dir='ltr'><em>te,</em></span> <span class='ocrx_word' id='word_1_388' title='bbox 1297 4473 1352 4510; x_wconf 87' lang='lat' dir='ltr'><em>non</em></span> <span class='ocrx_word' id='word_1_389' title='bbox 1375 4473 1420 4509; x_wconf 87' lang='lat' dir='ltr'><em>me</em></span> <span class='ocrx_word' id='word_1_390' title='bbox 1443 4472 1522 4524; x_wconf 84' lang='lat' dir='ltr'><em>super</em></span> <span class='ocrx_word' id='word_1_391' title='bbox 1542 4453 1581 4506; x_wconf 83' lang='lat' dir='ltr'><em>te&#39;.</em></span> 
     </span>
     <span class='ocr_line' id='line_1_42' title="bbox 294 4540 1580 4612; baseline -0.002 -20"><span class='ocrx_word' id='word_1_392' title='bbox 294 4557 353 4606; x_wconf 79' lang='lat' dir='ltr'><em>cap.</em></span> <span class='ocrx_word' id='word_1_393' title='bbox 367 4540 392 4592; x_wconf 87' lang='grc'><em>2.</em></span> <span class='ocrx_word' id='word_1_394' title='bbox 412 4546 493 4604; x_wconf 86' lang='lat' dir='ltr'><em>„..ut</em></span> <span class='ocrx_word' id='word_1_395' title='bbox 510 4543 610 4594; x_wconf 86' lang='lat' dir='ltr'><em>Petrus</em></span> <span class='ocrx_word' id='word_1_396' title='bbox 629 4541 813 4595; x_wconf 75' lang='lat' dir='ltr'><em>aedificaretur</em></span> <span class='ocrx_word' id='word_1_397' title='bbox 830 4559 912 4611; x_wconf 78' lang='lat' dir='ltr'><em>super</em></span> <span class='ocrx_word' id='word_1_398' title='bbox 929 4548 1051 4610; x_wconf 82' lang='lat' dir='ltr'><em>petram,</em></span> <span class='ocrx_word' id='word_1_399' title='bbox 1071 4559 1125 4596; x_wconf 87' lang='lat' dir='ltr'><em>non</em></span> <span class='ocrx_word' id='word_1_400' title='bbox 1143 4549 1224 4612; x_wconf 80' lang='lat' dir='ltr'><em>petra</em></span> <span class='ocrx_word' id='word_1_401' title='bbox 1242 4557 1325 4609; x_wconf 80' lang='lat' dir='ltr'><em>super</em></span> <span class='ocrx_word' id='word_1_402' title='bbox 1342 4543 1472 4594; x_wconf 80' lang='lat' dir='ltr'><em>Petnrm’.</em></span> <span class='ocrx_word' id='word_1_403' title='bbox 1490 4540 1580 4592; x_wconf 73' lang='lat' dir='ltr'><em>etu&#39;srl·</em></span> 
     </span>
     <span class='ocr_line' id='line_1_43' title="bbox 293 4621 1580 4692; baseline -0.003 -14"><span class='ocrx_word' id='word_1_404' title='bbox 293 4627 354 4678; x_wconf 85' lang='lat' dir='ltr'><em>liter</em></span> <span class='ocrx_word' id='word_1_405' title='bbox 366 4624 449 4676; x_wconf 81' lang='lat' dir='ltr'><em>Serra.</em></span> <span class='ocrx_word' id='word_1_406' title='bbox 464 4624 595 4678; x_wconf 80' lang='lat' dir='ltr'>CCLXX.</span> <span class='ocrx_word' id='word_1_407' title='bbox 609 4644 632 4678; x_wconf 88' lang='lat' dir='ltr'><em>e.</em></span> <span class='ocrx_word' id='word_1_408' title='bbox 646 4629 671 4676; x_wconf 87' lang='grc'><em>2.</em></span> <span class='ocrx_word' id='word_1_409' title='bbox 685 4633 710 4678; x_wconf 91' lang='lat' dir='ltr'><em>et</em></span> <span class='ocrx_word' id='word_1_410' title='bbox 728 4633 832 4692; x_wconf 69' lang='lat' dir='ltr'><em>impiam</em></span> <span class='ocrx_word' id='word_1_411' title='bbox 885 4627 945 4672; x_wconf 62' lang='grc' dir='ltr'><em>Ἡ·</em></span> <span class='ocrx_word' id='word_1_412' title='bbox 963 4630 1073 4681; x_wconf 85' lang='lat' dir='ltr'><em>ridetur</em></span> <span class='ocrx_word' id='word_1_413' title='bbox 1089 4628 1220 4680; x_wconf 73' lang='lat' dir='ltr'><em>habuisse</em></span> <span class='ocrx_word' id='word_1_414' title='bbox 1240 4630 1273 4686; x_wconf 80' lang='grc'><em>3,·</em></span> <span class='ocrx_word' id='word_1_415' title='bbox 1290 4629 1317 4678; x_wconf 86' lang='lat' dir='ltr'><em>iu</em></span> <span class='ocrx_word' id='word_1_416' title='bbox 1339 4630 1361 4678; x_wconf 84' lang='lat'><em>1.</em></span> <span class='ocrx_word' id='word_1_417' title='bbox 1373 4630 1399 4680; x_wconf 83' lang='lat'><em>2.</em></span> <span class='ocrx_word' id='word_1_418' title='bbox 1413 4633 1453 4678; x_wconf 83' lang='lat' dir='ltr'><em>est</em></span> <span class='ocrx_word' id='word_1_419' title='bbox 1469 4621 1580 4676; x_wconf 72' lang='lat' dir='ltr'><em>smerde·</em></span> 
     </span>
     <span class='ocr_line' id='line_1_44' title="bbox 292 4714 441 4772; baseline -0.013 -11"><span class='ocrx_word' id='word_1_420' title='bbox 292 4714 351 4762; x_wconf 84' lang='lat' dir='ltr'><em>tum</em></span> <span class='ocrx_word' id='word_1_421' title='bbox 370 4723 441 4772; x_wconf 84' lang='lat' dir='ltr'><em>esse,</em></span> 
     </span>
    </p>
   </div>
   <div class='ocr_carea' id='block_1_6' title="bbox 0 0 1727 5512">
    <p class='ocr_par' dir='ltr' id='par_1_12' title="bbox 0 0 1727 5512">
     <span class='ocr_line' id='line_1_45' title="bbox 0 0 1727 5512; baseline 0 0"><span class='ocrx_word' id='word_1_422' title='bbox 0 0 1727 5512; x_wconf 95' lang='lat' dir='ltr'><em> </em></span> 
     </span>
    </p>
   </div>
  </div>
 </body>
</html>
