3468 5512
547 441 656 478 CONTRA
669 443 762 478 bvxvtt
776 441 955 478 mullorum
968 439 1047 476 ΒΔΗ.

399 597 473 659 Arce
495 597 577 660 sedet
599 598 747 668 Bacchus,
770 597 889 675 languet
912 594 1062 673 neglectus
1084 593 1201 672 Apollo:

457 701 512 762 llio
534 699 604 762 nihil
627 705 672 760 est
693 697 770 760 aliud
793 700 903 769 vivere,
927 715 1013 780 quatu
1037 697 1149 758 bibere.

152 819 322 881 quenquam
345 801 454 864 ebriosi
481 801 520 862 illi
549 820 603 881 per
632 801 774 866 insaniam
803 806 936 862 errantes
958 800 1106 860 contemni
1128 805 1277 878 poterant,
1305 795 1346 860 illi
1369 815 1494 867 verone.

150 906 205 983 qui
227 903 307 968 laute
330 905 472 966 coenando
495 922 529 965 ae
550 902 678 966 molliter
700 903 849 964 vestiendo
871 903 901 963 iu
922 901 1053 965 medium
1075 919 1106 964 se
1128 899 1295 962 delitiarum
1316 897 1439 981 pelagus

119 1007 319 1084 spraecipites
341 1008 544 1076 coniecerunt,
577 1004 725 1070 communi
752 1007 884 1066 omnium
914 1004 980 1066 odio
1010 1004 1090 1082 digni
1118 1009 1288 1070 censentur:
1317 1000 1350 1062 hi
1371 1009 1493 1062 suntne.

151 1110 205 1197 qui
221 1110 252 1170 io
267 1103 446 1171 coaceruatiir
467 1107 669 1188 pulvinaribus
691 1108 789 1187 supini
811 1107 954 1170 cubantes
969 1106 1107 1184 qrricquid
1125 1113 1201 1167 terra
1218 1105 1353 1184 merique
1369 1121 1438 1163 con·

151 1213 275 1290 quirere
297 1210 378 1282 lieet,
402 1225 463 1272 non
484 1216 517 1270 ut
540 1211 626 1272 vitam
648 1215 825 1278 sustentent,
849 1209 901 1270 sed
923 1216 956 1270 ut
978 1205 1076 1286 gulam
1091 1205 1248 1276 oblectent.
1271 1205 1437 1274 insumunt3

151 1313 205 1392 qui
228 1313 365 1374 nonnisi
388 1310 557 1374 mollissimo
581 1312 742 1372 vestiuntur
763 1309 838 1381 lino,
862 1328 936 1390 quos
951 1325 1089 1389 ‚purpura
1113 1311 1200 1388 tegit,
1223 1311 1273 1388 qui
1294 1306 1439 1370 tenellulis

150 1417 286 1483 murium
308 1413 434 1494 pellibus
455 1431 514 1477 non
537 1421 640 1476 contra
664 1413 757 1492 frigus
771 1414 954 1482 muniuntur,
977 1411 1030 1472 sed
1051 1428 1105 1490 per
1120 1410 1233 1474 delitias
1248 1409 1351 1472 fulcire
1365 1427 1436 1488 geu·

112 1517 243 1584 rodeut;
267 1516 297 1578 bi
312 1525 381 1577 sunt
395 1518 446 1596 qui
467 1516 504 1578 ed
519 1515 647 1593 vulgaris
669 1516 758 1595 panni
780 1520 920 1576 attactum
942 1513 1146 1582 offenduntur,
1170 1515 1298 1576 sericum
1320 1510 1457 1576 aliunde!
1474 1525 1504 1566 ¹⁰·

149 1624 268 1698 petunt,
291 1633 418 1696 quorum
434 1619 509 1680 cutis
524 1636 582 1679 uon
606 1619 663 1680 lert
685 1619 740 1678 nisi
755 1615 899 1678 Milesium
922 1614 1039 1695 aliquod
1063 1614 1154 1677 vellus
1175 1621 1226 1679 aut
1247 1616 1271 1676 si
1292 1633 1349 1694 qua
1372 1623 1441 1676 suut

149 1719 272 1782 Milesiis
293 1719 390 1782 adbtm
411 1719 573 1789 teneriora;
595 1721 645 1798 qui
667 1721 699 1780 iu
721 1717 987 1800 compotationibus
1002 1715 1183 1788 consultant,
1205 1718 1236 1782 in
1252 1715 1438 1778 consultatio·

149 1821 242 1882 nibus
264 1828 380 1901 potant,
410 1822 460 1900 qui
482 1822 592 1883 serium
614 1820 686 1882 nibil
709 1827 848 1889 tractant¹
878 1838 966 1882 omne
993 1821 1023 1880 in
1051 1820 1188 1880 conviviis
1215 1837 1307 1880 evum
1338 1825 1438 1898 agunt.

68 1949 73 1958 ·
150 1923 222 1984 Non
244 1925 274 1982 in
295 1929 356 1986 tota
378 1923 456 1990 hoec.
479 1926 588 1986 iterum
612 1923 693 1993 dico,
717 1923 873 1986 Germania
895 1923 978 1992 liunt,
1000 1921 1053 1984 sed
1075 1927 1182 1992 nmen,
1206 1921 1285 2001 quod
1307 1927 1506 1984 excrementi.

113 2025 331 2104 rspudeudum
361 2027 413 2096 sit,
449 2013 527 2104 apud
555 2024 602 2086 ille
631 2025 694 2086 lere
725 2025 890 2087 Germaniae
918 2024 1027 2102 capita,
1056 2023 1123 2088 illos
1151 2019 1267 2086 nobiles
1293 2025 1343 2102 qni
1371 2026 1441 2086 coti·

149 2128 250 2189 dionis
275 2129 399 2206 saginati
426 2126 521 2205 epulis
554 2127 590 2188 ad
619 2125 684 2188 illas
711 2144 776 2188 sese
804 2125 1027 2186 accommodant
1055 2125 1238 2205 pontificales
1266 2143 1378 2197 coenas,
1409 2128 1438 2188 in

149 2227 212 2291 illis
234 2227 402 2290 delitiaotur
425 2230 555 2309 pauentis
577 2227 833 2309 popinationibus‚
863 2226 941 2289 unde
969 2229 1052 2305 prius
1079 2228 1177 2288 omnia
1204 2225 1325 2288 tulerint
1351 2245 1438 2308 quem

110 2499 140 2538 ro
151 2485 266 2548 onnrlrrt
284 2483 330 2536 nit
349 2485 429 2538 rinno
447 2491 496 2538 oon
513 2483 601 2549 priona
619 2495 666 2536 ons
684 2481 805 2547 o'tpoon,
826 2479 904 2535 norit
922 2481 954 2547 td)
973 2481 997 2544 to
1012 2481 1051 2534 rie
1069 2481 1199 2534 trundum
1218 2480 1242 2543 [r
1259 2483 1315 2547 ouo)
1330 2481 1369 2534 bia
1386 2481 1492 2540 odino.

150 2567 200 2634 inii
215 2569 261 2621 bro
279 2567 361 2633 freden
379 2574 428 2623 nor
445 2567 535 2635 [rupto
555 2569 587 2633 id)
603 2567 673 2640 strip
691 2568 822 2632 nitantur,
840 2567 932 2632 tibere,
955 2573 1000 2620 rar
1022 2566 1084 2630 [tint
1104 2566 1144 2618 nir
1165 2576 1216 2626 ron
1235 2563 1271 2630 ol
1285 2573 1384 2632 raasson
1400 2569 1494 2628 cirne.

149 2653 187 2718 ost
203 2659 249 2708 mn
269 2651 350 2718 bilin
369 2662 418 2708 ooo
433 2654 512 2719 'idern
532 2655 635 2708 itiitere
653 2659 715 2718 pron
734 2648 767 2706 mi
785 2652 873 2718 itinn,
897 2659 946 2706 our
969 2653 1027 2708 olea
1047 2658 1074 2714 tu
1091 2648 1173 2717 ircim
1190 2647 1228 2707 ori
1243 2649 1332 2718 [cupro
1350 2661 1393 2706 tor
1406 2644 1438 2718 sir

148 2743 213 2794 taor
231 2745 279 2792 cnr
296 2734 361 2792 urin
378 2743 422 2804 bor
440 2752 494 2804 oron
512 2739 589 2804 broni
609 2742 683 2792 nemi
718 2738 763 2803 §it
780 2737 860 2792 otini
884 2737 1028 2809 torinicum
1050 2741 1079 2790 ni
1101 2737 1143 2802 hro
1164 2743 1217 2792 orn
1240 2737 1317 2801 torio.
1342 2745 1390 2792 aar
1413 2738 1507 2803 [oble.

148 2833 207 2889 sort
224 2824 339 2887 retteimt
358 2837 421 2888 pro,
438 2831 466 2888 rs
484 2836 542 2878 noo
561 2824 588 2876 io
604 2821 643 2876 nit
661 2823 721 2891 [riri
740 2813 799 2884 niti
814 2821 972 2888 sontontrot
990 2822 1079 2876 meilen
1096 2827 1139 2890 por
1156 2822 1257 2888 triani,
1275 2823 1318 2876 otlr
1335 2823 1359 2876 ir
1371 2822 1439 2886 irrui

112 2914 208 2962 reone
227 2899 280 2961 otiu
301 2908 349 2972 [tri
368 2909 395 2961 in
411 2916 452 2961 ter
471 2907 566 2974 [trinta
583 2917 627 2962 ror
646 2897 699 2974 tritt
718 2910 774 2960 obtr
791 2907 832 2960 air
847 2913 888 2972 ra3
906 2916 977 2970 pron
996 2905 1081 2970 troilo)
1099 2910 1172 2972 inor,
1191 2907 1278 2969 lucrer
1294 2905 1390 2974 lirino
1409 2906 1509 2966 onitu.

150 3047 356 3055 -————---

149 3151 231 3198 mate
248 3147 509 3198 inundentur
527 3145 618 3214 (Lipa.
633 3163 657 3198 s.
674 3145 760 3210 1707.)
780 3146 880 3211 edidit,
902 3143 951 3196 ubi
974 3143 1010 3195 ad
1033 3143 1202 3198 cardinalem
1219 3145 1384 3212 Pupiensem
1407 3147 1441 3198 de

149 3247 230 3282 more
250 3231 447 3282 Germanorum
466 3231 571 3296 scribit,
591 3232 632 3282 sio
650 3231 724 3281 inter
741 3231 810 3282 elia:

390 3317 434 3367 'l'n
450 3323 551 3368 eonem
569 3317 699 3367 mirerere
717 3331 819 3378 meam,
839 3316 935 3382 lugere
954 3314 1071 3380 repuleae

458 3401 596 3464 Pierides,
615 3401 715 3452 Istrum
732 3400 816 3450 Flora
832 3401 979 3464 Venusque
998 3399 1109 3461 bibunt,

390 3488 460 3538 Arce
479 3487 558 3538 sedet
574 3485 714 3544 Bacchus,
734 3485 821 3536 cessit
837 3484 982 3552 neglectus
1000 3483 1128 3550 Appollo,

457 3571 503 3622 Nil
523 3577 565 3622 eet
582 3571 628 3621 hio
648 3569 722 3622 eliud
740 3571 833 3622 vivere
852 3585 933 3635 quam
951 3568 1055 3619 bibere.

149 3655 224 3708 Hac
241 3655 381 3708 fluttenue
399 3657 529 3712 habuisse
548 3655 658 3706 videbor
681 3671 714 3706 ex
738 3653 835 3706 libello
853 3656 888 3719 Dr
901 3654 1032 3718 amnibus
1051 3652 1209 3717 Citlniuttntt
1227 3654 1292 3715 iro.¹
1317 3655 1346 3706 in
1364 3657 1442 3706 culus

149 3744 208 3794 fine
227 3746 281 3792 ert:
305 3739 450 3808 §superlore
461 3733 610 3806 'nomen
626 3754 668 3804 prr
684 3740 863 3806 &insonnem
881 3739 975 3804 auisset
990 3737 995 3804 l
1009 3736 1091 3802 zone
1107 3734 1162 3793 mii.
1180 3739 1317 3803 suintino
1334 3741 1442 3806 quinut-

148 3827 241 3892 trlitttu
257 3826 410 3892 semanimo
425 3823 429 3893 Ι
444 3826 480 3878 4⁰.
494 3843 520 3896 p.
533 3825 612 3892 ffiijl.
648 3826 754 3891 Exque
773 3825 868 3876 eodem
885 3823 980 3874 libello
998 3823 1085 3874 licent
1101 3823 1152 3874 hon
1164 3823 1283 3876 conradi
1295 3823 1384 3876 Celtis
1396 3824 1442 3876 nd·

147 3911 274 3964 seribere
292 3925 400 3963 versun:
597 3967 602 3978 ¹

389 3997 450 4048 Non
468 3983 554 4048 solnm
573 4001 681 4048 nostroe
699 3995 862 4059 Germanos,
881 3993 1008 4057 Bacche,
1028 3993 1144 4060 fatiger,

457 4083 606 4147 Hispanos,
627 4081 722 4134 Gallos
741 4081 909 4147 italicosque
928 4085 1019 4130 tenes:

391 4167 482 4233 thue
500 4169 579 4218 stetit
597 4167 732 4234 quondum
749 4167 836 4218 Latin
852 4163 903 4216 illa
920 4164 1102 4216 Triconcbiun
1122 4163 1199 4228 aule,

458 4253 504 4304 Sic
522 4253 604 4304 hodie
622 4253 731 4304 Italicis
749 4252 827 4302 ebrie
846 4250 927 4300 turbe
944 4248 1050 4316 plagis,

391 4337 524 4400 Quemvis
541 4353 591 4388 nos
609 4341 682 4406 turpi
701 4337 852 4388 Germanos
868 4339 1019 4387 scommate
1037 4333 1153 4398 loedent,

456 4421 542 4473 Ebria
559 4423 714 4482 Teutonico
732 4428 848 4488 pectore
865 4421 969 4471 bebere
986 4418 1054 4471 eolo.

151 4506 291 4558 ¹Baocns
311 4510 336 4558 3.
405 4505 605 4574 ⁸Quemquam
624 4511 651 4559 3.
714 4505 898 4558 ⁴dilicierom
916 4508 942 4556 8.
972 4505 1135 4558 deliciarum
1153 4509 1193 4556 10.
1257 4505 1440 4558 'delicioed

151 4597 194 4644 10.
261 4588 280 4622 ¹¹
300 4589 402 4660 Miles]
423 4593 459 4642 ci.
474 4592 578 4658 Vergil.
592 4593 692 4659 Georg.
705 4593 753 4644 111.
767 4589 824 4643 306.
838 4591 885 4642 w.
898 4589 956 4641 334.
1021 4587 1041 4620 ¹²
1059 4589 1207 4642 Milleeinm
1225 4593 1250 4640 2.
1269 4591 1397 4642 Milleaiis
1416 4596 1440 4644 2.
1479 4612 1482 4620 ¹

153 4675 207 4712 ¹²¹⁸
226 4677 385 4743 quand-10.
455 4679 553 4744 pontis.
573 4676 655 4742 cmm]
675 4677 718 4728 Os.
738 4677 835 4728 Horat.
850 4677 901 4730 Od.
915 4673 951 4728 11.
968 4675 1006 4724 lt.
1020 4676 1039 4724 i.
1053 4676 1071 4726 l.
1102 4675 1225 4728 blncrob.
1246 4675 1353 4726 Setum.
1365 4675 1401 4725 ll.
1415 4676 1439 4726 il.

152 4763 174 4797 ¹¹⁸
194 4761 363 4814 delicientur
380 4764 453 4814 Md.
507 4763 744 4830 propinationibus
762 4765 835 4812 ete.
888 4759 910 4792 ²³
929 4763 1107 4816 militisine.
1127 4777 1159 4810 mr
1178 4759 1273 4814 mciii?
