3464 5526
340 421 388 492 70
471 447 594 486 ΕΠΤΙΙΙ
613 445 642 483 ΙΙ
661 445 754 484 livill!
773 443 1050 482 ΠῙΒΤΙΙΡΙΒΟΙΙΙΙΙ
1068 443 1173 480 ΟΒᾸῊΟ
1191 443 1248 480 1111.
1273 443 1302 480 Ι.
1315 441 1380 480 ΑΝ.
1394 442 1419 480 Δ.
1434 437 1493 479 ldl‘l.

340 622 428 686 quam
450 597 488 664 ne
511 603 599 664 miser
621 601 755 682 qudem
778 585 811 662 tu
832 617 951 682 semper
973 601 1046 670 eris,
1070 617 1126 660 nec
1148 607 1180 662 ut
1202 599 1327 660 miserie
1347 599 1493 662 terminus
1511 601 1551 660 art
1564 600 1624 660 lieri

221 693 223 696 ⁵
339 712 452 788 potest:
476 701 698 782 incorruptibile
721 703 880 772 ostentm,
911 718 1119 782 necunquam
1142 707 1348 772 consumetur,
1378 719 1508 780 unquam
1538 702 1575 764 de
1595 723 1624 764 se

340 806 541 870 immutabitur
563 805 641 885 quod
664 813 761 866 tecum
784 823 842 886 quo
865 805 957 882 magis
979 803 1081 866 dolore
1104 805 1248 882 carpitur,
1272 821 1307 864 eo
1330 802 1451 876 uberius
1471 805 1622 874 excrescit,

341 919 517 990 semperque
544 906 720 985 augentibus
747 925 779 968 se
806 908 901 987 poenis
929 907 1065 970 materies
1096 913 1155 975 est,
1182 923 1300 985 semper
1322 912 1373 966 tuo
1392 905 1539 985 supplicio
1560 907 1625 968 satis

273 1013 409 1076 toneris.
455 1009 602 1081 Quorsum
623 1009 714 1087 igitur
735 1010 837 1070 attinet
858 1008 915 1069 hoc
937 1007 1016 1088 quod
1038 1015 1107 1069 tuus
1128 1007 1229 1069 llomae
1256 1005 1382 1086 legatus,
1412 1025 1471 1088 quo
1494 1009 1644 1070 mineum

338 1112 458 1174 insidias
480 1113 552 1173 mibi
574 1110 692 1174 molitus
714 1129 761 1181 es,
784 1093 910 1172 audebat
931 1107 1031 1172 dicere
1053 1108 1162 1172 Omnes
1184 1118 1213 1171 te
1228 1111 1372 1172 lluttenos
1394 1111 1625 1178 interfecturum,

340 1215 364 1275 si
386 1201 442 1276 hac
464 1217 551 1276 causa
574 1213 774 1275 intercedente
797 1220 855 1273 taor
878 1217 973 1283 recte,
995 1217 1055 1272 tarn
1077 1213 1141 1274 iure
1161 1213 1273 1291 possis?
1295 1211 1341 1273 l'u
1357 1205 1459 1273 omnes
1474 1211 1624 1282 lluttenos,

340 1316 447 1385 mlser,
470 1317 521 1396 qni
544 1333 602 1377 uno
624 1313 782 1378 interiecto
803 1321 862 1376 tam
885 1331 916 1374 es
938 1313 1010 1374 nibil
1033 1313 1146 1374 lactus?
1168 1322 1226 1374 tam
1248 1313 1302 1376 abs
1316 1321 1345 1376 te
1360 1315 1549 1384 immutatus,
1570 1322 1626 1376 tam

341 1415 486 1488 abiectus,
517 1424 576 1478 tam
599 1417 724 1488 lractus,
753 1417 843 1478 immo
864 1423 924 1478 tarn
945 1417 1009 1494 ipse
1031 1415 1222 1478 interlectos?
1249 1423 1300 1478 aut
1327 1418 1546 1496 quisquamita
1567 1419 1625 1478 sinc

310 1555 318 1565 -
342 1518 485 1588 cerebro,
508 1520 571 1581 sine
586 1539 673 1581 seusu
691 1525 743 1589 ost,
766 1519 814 1580 cui
834 1525 867 1579 tu
889 1535 991 1598 speres
1013 1537 1223 1597 persuasurum
1246 1520 1300 1579 ista
1322 1516 1426 1580 abste
1448 1519 1516 1580 iure
1534 1519 1623 1581 lactat
1636 1533 1654 1568 ιι

274 1637 341 1690 §.ron
355 1619 553 1692 Quamobrem
574 1609 677 1684 desine
699 1623 770 1682 istos
791 1620 845 1682 tibi
872 1620 954 1681 lucos
983 1619 1112 1689 illinere,
1135 1621 1215 1680 banc
1240 1637 1397 1700 personam
1426 1621 1624 1698 praetendere:

341 1731 443 1786 nobam
466 1730 511 1784 est
532 1723 655 1803 quidtu
677 1723 810 1803 patiaris,
840 1729 870 1785 et
891 1742 948 1802 qua
970 1741 1073 1792 causa,
1102 1741 1161 1802 (tuo
1189 1731 1239 1784 tuo
1267 1723 1372 1784 merito
1394 1724 1524 1800 patiaris.
1568 1727 1625 1800 Age

343 1832 441 1888 autem
464 1843 552 1904 quam
574 1833 603 1887 te
633 1825 690 1886 hoc
711 1825 850 1886 interficit
872 1825 950 1905 quod
974 1832 1040 1905 post
1061 1832 1145 1886 natos
1168 1826 1196 1885 in
1219 1824 1274 1885 hac
1296 1824 1391 1904 patria
1412 1824 1549 1887 homines
1570 1827 1626 1904 pri·

342 1947 408 1990 mua
429 1935 461 1989 tu
484 1935 620 2007 repertus
641 1945 673 1988 es
695 1927 746 2008 qul
767 1930 829 1990 sine
852 1929 993 1990 advocato
1016 1945 1133 1989 causam
1163 1941 1280 2005 ageres,
1313 1933 1342 1986 et
1370 1932 1480 1987 tautam
1510 1945 1626 1988 causam

343 2031 464 2108 ageres?
486 2036 515 2091 et
537 2029 584 2091 cui
605 2047 664 2091 non
688 2028 776 2091 modo
798 2031 883 2092 amici
906 2029 1004 2093 adsint
1025 2028 1111 2098 nulli,
1134 2029 1187 2090 sed
1209 2046 1264 2108 pro
1282 2045 1394 2107 quone
1410 2028 1550 2090 mercede
1564 2031 1625 2108 qui·
1638 2043 1656 2080 ιι

273 2153 339 2206 prot.
353 2131 420 2194 dem
444 2125 605 2194 conductus
627 2133 780 2214 munnam
803 2132 888 2196 dicat.
924 2131 987 2202 Qua
1009 2149 1046 2192 ex
1068 2149 1101 2192 re
1123 2146 1259 2208 magnam
1281 2129 1366 2192 nobis
1388 2129 1558 2191 felicitatem
1579 2132 1627 2192 ad·

340 2229 452 2306 scribo,
476 2233 583 2314 quibus
605 2237 701 2296 evenit
723 2243 755 2296 ut
775 2235 806 2295 iu
829 2241 857 2296 le
880 2233 1085 2314 persequendo
1108 2235 1254 2294 neminem
1276 2232 1364 2294 simul
1386 2231 1452 2293 teti
1474 2239 1626 2311 oporteat:

340 2354 400 2398 uno
423 2337 585 2415 eodemque
607 2337 737 2398 lacioore
760 2343 841 2398 extra
863 2345 943 2398 tuam
966 2337 1156 2413 dignitatem,
1179 2342 1256 2394 tuam
1280 2341 1389 2396 sortem
1412 2336 1525 2412 positus
1547 2337 1627 2414 quic·

341 2437 411 2518 quid
433 2443 515 2498 tuum
538 2439 606 2509 luit,
630 2439 768 2518 quicquid
790 2437 844 2499 tibi
860 2439 1065 2509 coniunctum,
1089 2436 1256 2517 perdidisti:
1278 2436 1480 2498 incommune
1496 2439 1627 2498 omnium

342 2540 442 2602 odium
464 2539 604 2612 incidisti,
630 2539 778 2620 publicam
800 2540 994 2602 intensionem
1015 2540 1163 2609 meruisti,
1193 2536 1351 2618 qariuetiam
1380 2537 1447 2598 odio
1469 2535 1655 2618 plusquamao

309 2671 312 2678 ·
341 2639 439 2702 bostrli
460 2639 580 2703 haberis
602 2642 680 2722 apud
703 2659 754 2704 eos
777 2641 968 2720 quibuscum,
992 2643 1048 2703 nisi
1071 2643 1264 2704 amicissimus
1285 2641 1340 2712 sis,
1364 2657 1511 2702 essenon
1534 2649 1627 2720 potes.

272 2760 338 2811 §.roe
351 2748 461 2804 nostre
482 2744 603 2804 actionis
625 2741 704 2809 nulla
726 2743 834 2804 invidia
857 2751 914 2815 est,
946 2761 1032 2805 causa
1055 2743 1128 2804 adeo
1150 2761 1233 2820 taqua
1255 2750 1347 2805 utne
1375 2741 1535 2804 conviciari
1564 2745 1627 2823 qni-

340 2843 408 2906 dem
430 2861 594 2908 vereamur.
631 2845 726 2924 litque
747 2845 806 2906 boc
828 2847 967 2926 estquod
989 2863 1044 2907 nos
1058 2847 1131 2906 istos
1146 2844 1300 2906 adversum
1316 2849 1345 2905 te
1360 2843 1628 2923 principes,.buuc

340 2945 485 3007 cesarem
507 2945 750 3018 Maximilianum,
774 2966 878 3010 omnes
900 2947 1027 3028 eqtdtes,
1052 2965 1170 3009 omnem
1186 2947 1351 3007 Germaniae
1366 2943 1483 3028 plebem
1505 2948 1626 3008 commi·

339 3047 487 3108 secatione
509 3045 680 3130 calamitatis
702 3057 810 3110 nostrae
832 3051 990 3118 movimus:
1023 3056 1056 3110 tu
1083 3049 1249 3126 indignitati
1271 3055 1358 3126 atque
1380 3045 1448 3108 odio
1470 3047 1625 3119 obnoxius,
1634 3067 1657 3106 ιι

339 3147 376 3210 ab
392 3146 529 3211 omnibus
545 3149 679 3212 desertus
701 3169 735 3212 ac
757 3151 906 3230 proditus,
930 3149 1001 3212 nibil
1024 3158 1119 3212 tutum
1141 3149 1247 3222 babes,
1271 3155 1433 3229 occupatus
1453 3167 1576 3230 semper
1598 3169 1628 3212 er

341 3269 375 3312 ac
394 3249 598 3324 multiformis,
628 3253 706 3313 iulus
728 3251 933 3332 sollieitudine
952 3254 1115 3323 laceratus,
1145 3253 1224 3314 curis
1251 3269 1449 3322 commorsus,
1480 3253 1627 3316 anxietate

271 3353 504 3425 eroadtscissus,
528 3355 704 3416 consolentia
727 3351 873 3432 malorum
894 3362 998 3416 tortus.
1037 3353 1130 3425 Quam
1152 3355 1260 3434 impari
1275 3341 1368 3432 igitur
1383 3353 1551 3415 conditione
1567 3355 1627 3433 agi·

338 3473 418 3524 mus,
442 3462 473 3518 tu
495 3456 635 3536 princeps
657 3457 700 3536 (ut
721 3457 764 3519 sic
786 3457 822 3518 ad
845 3463 962 3536 tempus
984 3464 1013 3518 te
1035 3456 1164 3535 vocem),
1188 3469 1363 3542 egoeques:
1385 3461 1419 3517 tu
1434 3457 1512 3517 enirn
1528 3459 1626 3521 omnia

337 3558 511 3640 suspicaris,
540 3561 636 3620 omnia
665 3559 786 3629 metuis;
816 3559 853 3620 ad
884 3561 981 3620 omnia
1011 3573 1077 3636 quae
1105 3556 1225 3619 auribus
1252 3563 1340 3636 atque
1367 3557 1460 3618 oculis
1488 3558 1657 3620 aceldema

337 3669 475 3740 possunt,
498 3657 652 3740 perculsus
675 3680 723 3734 es;
745 3670 825 3724 tuam
850 3661 985 3724 umbram
1008 3663 1109 3732 times,
1132 3658 1206 3720 nihil
1228 3667 1287 3720 taur
1309 3659 1455 3720 munitum
1469 3657 1564 3720 babes
1578 3662 1627 3721 cui

338 3763 456 3824 insidias
478 3780 538 3824 uon
560 3763 765 3842 pertimescas,
789 3765 939 3825 neminem
962 3763 997 3824 ad
1015 3769 1043 3824 te
1059 3781 1126 3822 cum
1140 3760 1199 3826 telo
1216 3761 1357 3833 admittis,
1380 3761 1511 3821 omnium
1526 3767 1626 3840 togam

338 3865 493 3935 scrutaris,
516 3864 553 3925 ad
575 3867 707 3927 omnium
730 3883 834 3928 manus
856 3867 983 3926 intentos
1006 3864 1098 3926 habes
1120 3861 1236 3934 oculos,
1261 3862 1297 3924 ad
1314 3864 1376 3940 ipsa
1392 3860 1510 3933 altaria,
1534 3865 1564 3924 in
1580 3881 1626 3923 sa-

338 3967 396 4028 cris
419 3965 539 4026 insidias
560 3966 732 4046 suspicarls;
767 3967 841 4028 nibil
863 3975 923 4029 tam
945 3965 1099 4047 pusllltun,
1132 3971 1192 4027 tam
1215 3968 1359 4028 minutum
1381 3969 1501 4044 tamqtre
1523 3965 1626 4026 invall-

338 4065 408 4128 ‹lurn
431 4073 490 4140 est,
513 4085 529 4127 a
552 4085 610 4147 quc
634 4075 661 4130 te
684 4073 764 4130 metu
786 4067 910 4132 liberes:
933 4069 1023 4147 idque
1046 4075 1075 4130 et
1096 4068 1146 4148 qui
1167 4069 1198 4129 in
1221 4067 1296 4128 lacie
1318 4065 1400 4128 color
1423 4073 1482 4136 est,
1511 4065 1547 4128 ab
1572 4067 1657 4129 illon

338 4169 463 4248 pristino
484 4169 638 4232 manifeste
660 4171 847 4240 immutatus,
876 4177 906 4232 et
928 4170 1006 4249 quod
1028 4180 1060 4232 tu
1082 4169 1160 4231 aliud
1182 4168 1328 4249 loqueris,
1357 4167 1435 4230 allud
1463 4187 1540 4248 pene
1563 4171 1625 4247 spi·

270 4289 337 4341 §.tot
352 4287 419 4339 ras,
441 4277 574 4332 testatur.
617 4272 655 4332 at
677 4289 747 4350 ego,
777 4273 824 4334 cul
846 4278 878 4334 tu
900 4271 1020 4334 insidias
1042 4271 1128 4342 lacis,
1158 4273 1243 4332 cuius
1270 4271 1358 4330 vitam
1388 4289 1422 4331 ac
1450 4270 1625 4348 sanguinem

339 4375 428 4454 petis,
451 4371 521 4451 quid
536 4373 647 4434 interea
662 4375 738 4452 agol
759 4373 798 4435 ita
815 4392 862 4435 me
877 4381 1025 4437 servatum
1046 4370 1114 4436 velit
1136 4372 1209 4434 deus
1230 4373 1360 4450 optimus
1382 4367 1554 4439 maximus,
1567 4371 1626 4432 sic·

337 4474 380 4536 uti
401 4473 472 4535 nibil
493 4475 596 4546 timeo,
620 4467 693 4536 nihil
708 4475 872 4556 prospicio!
894 4477 1022 4557 primum
1035 4477 1117 4550 ¹enirn
1133 4473 1310 4537 conscientia
1325 4490 1373 4536 me
1393 4480 1493 4543 tueor;
1515 4473 1625 4535 deinde

403 4675 543 4744 ⁴.Semp.
562 4684 593 4728 11.
647 4676 668 4711 ¹⁰
686 4683 715 4730 tu
733 4681 810 4731 deleo.
823 4686 852 4729 11.
905 4678 927 4712 ²³
945 4693 995 4731 nos
1013 4679 1134 4730 nelma.
1190 4676 1211 4711 ⁸¹
1232 4677 1339 4728 ,Tuam
1356 4681 1386 4726 11.
1445 4673 1468 4708 ⁸⁸
1486 4679 1578 4741 togam
1599 4679 1623 4726 1.

335 4767 441 4818 vestem
457 4769 568 4816 coron.
620 4761 643 4798 ⁸⁴
660 4757 738 4832 tantia
756 4767 780 4816 t.
