3410 5524
83 457 189 494 arrreru
203 457 240 494 en
253 455 400 492 rnrucrese
410 455 536 492 suamve
546 455 658 520 esnuprr
671 455 771 493 rvucrs
781 455 921 499 aseensus
933 454 1159 496 nxnonranoara.
1170 439 1256 508 (rats.)
1277 425 1348 500 133

81 615 145 690 gite,
166 613 315 690 exurgite,
338 627 452 690 queso,
479 627 514 672 ao
537 609 607 671 dnm
630 611 726 672 omnia
748 613 884 681 serratis,
914 621 1009 673 restra
1039 631 1155 692 quoque
1182 613 1260 674 salva
1282 614 1350 679 retl-

80 715 143 784 dite;
163 713 286 776 liberate
308 731 362 775 nos
383 731 399 774 a
421 714 506 792 iugo,
528 714 633 792 eripite
654 703 825 802 e'tauoibus
840 712 1092 776 truculentissime
1107 714 1226 785 bellua,
1249 716 1349 776 deien-

48 840 53 846 ·
79 817 128 878 itte
148 816 332 894 religionem,
356 831 411 892 pro
435 832 490 894 qua
514 819 558 875 tot
579 821 722 896 martyres
736 833 796 876 non
812 815 1017 886 dubitaverunt
1032 817 1241 879 contumeliose
1256 820 1347 880 mori:

79 919 168 979 eodem
192 917 334 979 beneticio
357 915 444 978 deum
466 915 552 976 simul
573 935 608 976 ao
627 916 761 978 homines
781 916 985 978 demerebitis:
1009 926 1143 979 revocate
1164 919 1194 979 in
1209 927 1336 979 mentem
1350 930 1416 981 §.ut

59 1028 179 1082 orosuos
199 1020 344 1086 maiores:
378 1019 475 1097 ponite
498 1023 565 1110 ante
588 1016 690 1079 oculos
712 1035 769 1096 quo
792 1019 822 1080 in
844 1017 909 1078 loeo
937 1021 1086 1080 constituti
1114 1021 1190 1088 sitis;
1225 1022 1349 1099 cogitato

78 1137 155 1201 quarn
176 1122 231 1182 ista
254 1119 334 1180 robis
357 1119 555 1184 conservanda
578 1121 616 1180 sit
637 1120 775 1198 dignitas
799 1137 886 1199 quam
901 1121 1008 1182 tuenda
1025 1123 1213 1183 existimatio:
1235 1123 1264 1182 in
1280 1127 1349 1202 pro·

77 1223 133 1284 rtiri
154 1230 198 1284 est
219 1229 253 1283 ut
269 1222 407 1298 pinnatis,
431 1220 517 1282 modo
540 1222 658 1283 ineundi
680 1219 749 1282 beili
772 1221 924 1286 consitium
954 1223 1063 1302 capite;
1094 1241 1200 1301 magna
1228 1231 1272 1286 ost
1298 1243 1350 1302 op·

76 1327 247 1404 portunitas,
270 1343 307 1386 ne
329 1325 413 1386 sinite
435 1322 527 1392 etabi;
551 1325 659 1402 optima
681 1324 812 1396 occasio,
834 1341 878 1386 ne*
893 1325 976 1386 sinite
992 1327 1158 1403 praeterirm
1180 1328 1209 1386 in
1225 1343 1346 1397 summo,

76 1445 218 1505 uunquam
241 1428 281 1487 sic
304 1426 357 1486 ista
379 1424 469 1486 simui
488 1425 622 1494 inerunt,
644 1443 758 1501 summa
780 1426 938 1487 necessitas
961 1433 989 1488 et
1005 1429 1114 1506 optima
1129 1429 1254 1489 occasio.
1283 1427 1416 1491 liobam.

52 1543 127 1608 rupue
148 1536 180 1591 ut
201 1528 360 1590 max-imum
382 1525 539 1597 discrimen
563 1535 609 1588 est
628 1529 676 1588 cui
700 1526 869 1598 obiicimur,
892 1530 931 1588 ita
954 1534 982 1590 et
1004 1545 1117 1590 summa
1134 1529 1268 1590 vincendi
1283 1545 1351 1608 spes

76 1639 100 1689 rt
119 1630 285 1692 uberrimus
307 1629 434 1690 rictorim
457 1628 578 1692 tructus.
616 1629 682 1707 quia¹
705 1636 803 1693 tamen
826 1629 955 1708 ambigui
977 1625 1045 1690 sunt
1073 1641 1101 1691 et
1128 1631 1233 1691 incerti
1259 1629 1350 1691 bello·

76 1751 135 1793 rum
156 1731 264 1798 exitus,
287 1715 320 1792 ut
340 1731 369 1790 in
392 1748 509 1792 omnem
531 1747 583 1790 ros
603 1737 718 1809 partem
741 1717 822 1792 recte
843 1747 993 1801 moneam,
1016 1729 1073 1792 tale
1095 1739 1139 1792 est
1161 1731 1218 1792 boo
1240 1731 1349 1793 bellum

77 1835 194 1896 utinen
216 1832 433 1914 rinei-quoque
453 1829 614 1909 gloriosum
637 1833 689 1901 sit;
714 1840 743 1892 et
765 1835 1009 1912 quotusquisque
1032 1841 1161 1896 restrum
1177 1841 1237 1903 est,
1260 1835 1310 1914 qui
1325 1836 1348 1894 'si

76 1935 252 1997 moriendum
275 1920 302 1996 ei
323 1951 402 1996 nunc
429 1935 481 2001 sit,
517 1950 575 1994 noo
604 1935 646 1995 sio
673 1933 754 1994 malit
781 1953 867 2014 quam
898 1941 1048 2014 utcunque
1075 1936 1170 1996 morit
1198 1936 1257 1996 tam
1285 1937 1417 2000 istosne.

53 2047 175 2116 oppansa
202 2043 271 2098 sont
298 2052 362 2114 quae
392 2035 473 2096 robis
501 2041 708 2113 proponuntur
737 2037 876 2116 praemiat
908 2055 976 2114 pera
1006 2055 1040 2097 ae
1067 2039 1243 2115 sempiterna
1273 2037 1352 2115 apud
1433 2093 1435 2100 ,

77 2115 183 2200 omnem
206 2137 407 2216 posteritatem
430 2135 537 2214 gioria,
562 2139 664 2216 ingens
686 2137 764 2215 apud
786 2137 871 2200 doum
895 2139 1047 2210 meritum,
1074 2138 1350 2217 opulentissimam

77 2240 151 2302 hoste
172 2239 281 2319 spotia;
303 2256 363 2300 uno
386 2237 549 2318 eodemque
570 2239 687 2316 negotio
710 2237 795 2300 iamae
810 2237 1024 2310 celebritatem,
1047 2239 1171 2300 sulutem
1186 2239 1349 2301 animorum

77 2351 101 2403 et
120 2343 304 2404 fortunarum
332 2346 496 2402 vestrarum
523 2340 752 2410 incrementum,
781 2340 924 2409 breviter,
955 2355 1013 2402 uno
1041 2341 1205 2421 eodemque
1233 2343 1351 2418 negotio

78 2444 207 2524 quioquid
230 2442 340 2503 homini
363 2441 559 2520 appetendum
580 2447 642 2512 est,
664 2450 781 2520 parturn
803 2441 956 2503 habebitis.
1000 2443 1100 2509 Potest
1128 2445 1203 2510 onim
1232 2441 1419 2523 aliquidaut

51 2565 134 2608 arosse
156 2552 300 2626 preterea
323 2544 405 2604 cuins
427 2542 512 2604 nobis
533 2559 604 2603 usus
626 2545 677 2614 sit,
693 2551 751 2604 ⁴aut
772 2551 869 2622 potest
890 2540 982 2605 ullum
998 2533 1069 2608 ¹esse
1090 2553 1150 2605 tarn
1173 2545 1279 2606 (turum
1301 2563 1351 2606 ne·

78 2650 196 2725 gotium,
226 2653 285 2706 tam
314 2650 444 2724 presens
470 2643 633 2722 portentum
663 2643 740 2726 quod
765 2645 849 2706 otrire
871 2648 936 2724 quis
957 2647 1019 2707 istis
1040 2647 1197 2726 propositis
1224 2648 1352 2724 praemiis

79 2749 200 2812 dubitet?
224 2747 363 2808 Videmus
385 2746 518 2808 homines
540 2763 599 2808 uon
622 2747 735 2830 magnis
757 2747 894 2826 praeditos
917 2749 1020 2808 animis
1042 2766 1093 2826 spe
1108 2749 1216 2809 modici
1231 2749 1353 2810 alicuius

79 2849 167 2948 tuoetpi
188 2847 424 2930 praesentissimis
444 2865 476 2909 se
497 2854 576 2910 terra
599 2866 633 2908 ae
654 2850 728 2910 mari
750 2849 888 2928 perieulis
910 2867 1073 2928 exponere:
1101 2867 1150 2910 vos
1173 2850 1242 2931 qnid
1264 2851 1352 2912 tacie-

78 2955 124 3022 tis,
146 2961 174 3014 et
196 2950 310 3014 nobiles
333 2956 361 3011 et
383 2951 529 3029 principes
552 2958 580 3011 et
601 2951 722 3020 summi,
747 2951 854 3028 quibos
877 2969 943 3012 oum
965 2949 1048 3012 iuoro
1070 2949 1177 3031 gloria,
1202 2971 1268 3014 oum
1290 2951 1352 3029 gio-

52 3057 117 3114 uria
138 3062 244 3116 aterna
268 3051 389 3117 felicitas
411 3051 564 3114 obiicitur?
586 3051 662 3118 Tum
684 3067 760 3132 saepe
784 3071 819 3112 ex
841 3053 939 3114 intima
961 3051 1047 3130 plebe
1070 3052 1173 3132 aliquis
1195 3053 1266 3114 nibil
1286 3067 1420 3117 nontam.

79 3157 229 3227 andet„ut
250 3161 401 3234 potentem
429 3155 597 3233 ipuempiam
626 3152 681 3214 sibi
709 3154 910 3216 demereatur:
939 3156 969 3214 io
989 3153 1077 3218 uobis
1105 3172 1170 3234 qum
1198 3174 1280 3216 mora
1311 3161 1356 3218 est

79 3257 149 3336 apud
171 3257 402 3335 omnipotentem
424 3255 511 3316 deum
533 3238 676 3316 summam
699 3245 772 3318 inire
801 3257 937 3332 gratiam,
966 3275 1113 3318 summum
1143 3258 1173 3318 in
1200 3256 1272 3317 noeto
1302 3258 1354 3318 bo·

81 3337 144 3420 num
174 3376 335 3439 reponere,
364 3359 453 3418 immo
477 3375 545 3418 vero
568 3375 633 3436 qum
654 3359 792 3435 segnities
814 3363 858 3422 est
878 3349 957 3436 ipsos
977 3356 1086 3420 lucrari
1107 3357 1211 3418 raetos?
1240 3365 1269 3418 et
1289 3360 1356 3418 vieti

80 3469 104 3521 et
125 3463 261 3531 uictores,
290 3458 463 3539 utrobique,
492 3467 522 3520 et
548 3443 648 3520 hicet
670 3458 769 3520 inilia
792 3459 969 3536 sempiterna
990 3444 1108 3537 patria,
1129 3458 1352 3538 triumphabitis.

54 3563 196 3624 uSumma
217 3568 287 3624 sunt
308 3563 370 3622 ista.
415 3561 465 3622 seu
496 3569 593 3622 tamen
620 3568 653 3620 ut
680 3577 739 3621 non
769 3562 826 3619 sint
853 3577 948 3640 neque
976 3560 1038 3621 hmo
1060 3560 1150 3638 gioria
1173 3578 1268 3639 neqrre
1290 3563 1344 3620 ista
1356 3575 1421 3626 paor.

81 3657 209 3742 promia,
233 3669 320 3740 urget
341 3679 396 3722 nos
417 3681 433 3723 a
454 3669 553 3742 tergo,
576 3663 665 3727 trahit
686 3681 701 3722 a
724 3663 821 3724 fronte
842 3663 1018 3733 necessitas,
1041 3671 1068 3722 et
1087 3661 1164 3722 betto
1187 3661 1223 3722 ad
1246 3661 1354 3722 bolbrm

81 3769 221 3844 regimur:
246 3766 343 3825 omnia
366 3781 420 3842 per
442 3765 629 3827 Germaniam
651 3763 790 3848 militibus
812 3763 897 3842 piena
921 3771 1003 3835 sunt,
1032 3764 1162 3843 unrbque
1184 3781 1278 3834 arma,
1302 3781 1354 3824 un-

82 3867 161 3948 dique
184 3868 266 3947 equi;
291 3865 397 3926 otiatur
418 3867 569 3936 iuventus,
593 3865 645 3928 sed
667 3883 731 3926 esse
754 3867 833 3944 cupit
855 3867 932 3945 qnod
956 3874 1036 3944 agat,
1067 3873 1095 3926 ot
1116 3867 1172 3926 nisi
1194 3883 1245 3924 vos
1267 3871 1356 3938 mate·

83 3971 148 4030 riam
170 3969 291 4038 dabitis;
314 3968 454 4038 inveniet,
476 3969 528 4030 sed
551 3969 748 4048 perniciosum
770 3969 827 4029 hoo
850 3969 906 4028 erit
927 3967 1005 4046 quod
1029 3969 1167 4050 inveniet,
1192 3953 1273 4027 robis
1295 3985 1355 4027 inar-

55 4071 167 4140 srime,
190 4088 245 4151 per
268 4087 341 4149 quos
363 4087 423 4130 non
445 4077 508 4131 erat
529 4071 606 4151 quod
630 4075 781 4149 ageretur,
808 4087 935 4148 quorum
966 4068 1074 4129 desidia
1096 4068 1208 4129 virtutis
1229 4067 1357 4130 studium

83 4171 336 4242 intermittebatur,
360 4173 410 4250 qui
432 4170 623 4250 negligebatis
650 4172 818 4251 imperium,
850 4173 900 4249 qui
928 4169 1140 4232 calamitatibus
1168 4168 1357 4247 exponebatis

83 4276 271 4336 Germaniam.
316 4271 513 4344 intellexistis,
542 4292 578 4335 an
610 4273 717 4334 clarius
745 4273 808 4333 hac
835 4273 891 4333 dici
920 4271 1023 4334 ruitis?
1052 4275 1094 4333 sio
1122 4289 1186 4332 rom
1213 4273 1424 4350 accipitornoa.

83 4377 238 4455 principes,
268 4377 373 4454 ingens
395 4394 519 4437 annonae
546 4376 672 4437 charitas
696 4375 874 4443 diversatum
901 4391 1045 4454 nusquam
1073 4371 1180 4435 beilum
1210 4381 1267 4444 est,
1297 4393 1355 4454 qno

84 4487 184 4540 exeant
204 4480 254 4559 qui
276 4484 363 4556 egent
383 4479 493 4558 quiquo
515 4479 661 4547 esuriunt,
684 4478 739 4538 nisi
761 4477 827 4537 istie
845 4493 904 4555 quo
920 4494 970 4538 roe
984 4475 1040 4536 hac
1055 4475 1254 4554 exhortatione
1269 4493 1356 4545 roco;

83 4611 278 4626 —————

145 4679 273 4734 ²beilum
291 4681 347 4732 itt.
360 4685 434 4732 ettam
447 4684 504 4732 1.2.
539 4679 668 4731 ².Modo
680 4685 709 4730 11.
745 4678 813 4729 'aie
831 4680 934 4730 occidi.
974 4677 996 4712 ⁸⁸
1014 4679 1144 4728 Iuventus
1161 4695 1229 4730 corr.
1243 4687 1272 4730 11.
1292 4679 1358 4729 Ger·
1447 4675 1453 4694 ⁸

85 4765 174 4815 monis
191 4768 246 4817 1.2.
299 4764 322 4798 ³⁷
340 4765 560 4828 ‚intellexistiat
577 4766 620 4816 An
633 4767 656 4816 1.
664 4765 689 4814 2.
708 4763 818 4815 Introit?
835 4764 878 4814 An
896 4766 921 4814 4.
968 4762 990 4796 ⁸⁹
1009 4763 1111 4840 quique
1119 4767 1223 4813 comm
1243 4764 1289 4826 qui
1301 4764 1356 4812 tt.
