3410 5524
320 383 390 456 152
415 413 514 450 unonrs
528 414 552 448 x.
561 413 615 448 eurr
627 413 996 464 canorsanremnnronrmn.
1005 413 1156 450 consonas.
1165 412 1219 449 rao
1231 399 1447 454 nxruomos'rra
1461 405 1598 454 noneste.

304 571 379 632 'late
402 571 543 630 sententiae
566 573 658 628 statim
682 572 867 652 incurrendae.
890 588 939 630 nec
961 587 1015 629 non
1037 571 1217 630 anathematis
1231 580 1426 648 perpetuaeque
1443 573 1600 650 indignatio

318 660 360 716 nis
383 656 577 732 omnipotentis
599 656 642 714 dei
665 655 751 732 pronis
773 655 985 720 constituendis.
1015 675 1030 714 a
1058 655 1158 731 quibus
1179 657 1232 714 nisi
1254 675 1304 733 per
1325 657 1474 716 llomanr'rm
1498 659 1601 734 pontib-

317 761 375 803 cem
397 742 438 799 vel
460 743 488 798 in
511 742 608 799 mortis
637 741 753 800 articulo
777 750 804 800 ot
825 742 916 799 debita
940 750 1002 800 tunc
1024 741 1210 800 satisfactione
1238 741 1337 817 praeria
1366 760 1420 800 non
1449 744 1542 818 possit
1561 744 1601 802 ab

315 827 399 892 solvi,
422 827 527 884 nelarie
550 824 692 901 sacrilegio
715 827 812 885 audeat
833 828 967 901 attingere
989 824 1137 884 nataliam
1160 826 1241 886 ullam
1265 827 1292 884 in
1307 845 1363 885 rem
1380 845 1460 902 quana
1477 829 1512 886 ad
1526 829 1600 886 buius

315 913 380 970 belli
403 930 481 970 usum
503 919 676 974 convertere.
708 921 739 969 ut
759 911 930 970 sanctissimo
953 911 1016 969 huic
1037 921 1064 969 et
1086 913 1241 970 necessario
1269 911 1341 970 bello
1369 911 1540 977 deserviant,
1565 914 1622 970 sels

315 998 339 1054 si
362 1013 416 1073 quo
438 1015 503 1054 casu
524 994 623 1054 bellarm
646 997 776 1055 omissum
799 997 896 1060 luerit,
917 997 961 1055 bis
983 996 1053 1054 unde
1075 1005 1175 1055 exacte
1191 997 1307 1067 luerint,
1330 999 1431 1072 optima
1454 997 1508 1055 lide
1530 999 1602 1056 resti·

316 1091 436 1140 tuantur.
480 1079 610 1150 Quoniam
632 1090 723 1139 autem
745 1100 833 1158 neque
855 1081 936 1140 simul
959 1082 1079 1140 omnium
1101 1083 1277 1158 pecuniarum
1292 1098 1396 1140 summa
1410 1083 1483 1158 exigi
1499 1091 1529 1140 et
1543 1101 1601 1140 cen·

316 1159 392 1226 tinus
414 1167 441 1224 in
464 1166 583 1224 exercitu
607 1165 738 1224 militibus
761 1167 895 1242 stipendia
917 1166 986 1224 solvi
1015 1184 1085 1243 opus
1107 1177 1163 1230 est,
1192 1185 1301 1226 necesse
1330 1176 1372 1224 est
1394 1168 1422 1224 in
1446 1169 1521 1226 omni
1544 1187 1602 1244 pro

282 1280 286 1290 =
316 1253 402 1310 vincia
424 1251 548 1348 conquiri
571 1259 735 1310 mercatores
757 1260 785 1309 et
807 1251 975 1311 numularios
997 1249 1062 1310 boni
1084 1253 1217 1316 nominis,
1241 1253 1287 1327 qui
1308 1253 1377 1310 bane
1398 1263 1540 1310 assumant
1561 1265 1616 1310 cuv

317 1355 372 1396 ram
394 1337 523 1412 pecunias
546 1336 761 1400 transmittendi,
784 1354 815 1394 ac
836 1337 883 1394 ubi
906 1337 1088 1396 necessarium
1110 1337 1193 1395 luerit
1215 1338 1386 1418 permutandi
1408 1356 1471 1395 eum
1486 1338 1631 1396 hononore

317 1422 392 1480 lucro
415 1420 517 1478 laboris
545 1421 602 1486 sui.
632 1439 687 1497 quo
717 1422 825 1500 quidem
854 1420 949 1479 labore
976 1422 1058 1480 etiam
1087 1419 1185 1480 omium
1212 1422 1404 1486 lucrabuntur,
1431 1441 1465 1480 ac
1491 1422 1602 1498 singubs

316 1505 512 1588 mercatoribus
534 1524 592 1566 suae
614 1507 740 1581 regiones
762 1507 926 1570 dividendae,
954 1525 987 1564 ert
1009 1507 1107 1582 quibus
1130 1508 1244 1566 redacte
1267 1508 1389 1584 pecunie
1411 1507 1445 1564 ad
1467 1525 1516 1565 eos
1538 1509 1603 1565 rele-

316 1576 419 1650 rantur.
463 1591 527 1650 llaee
549 1592 621 1648 enim
642 1592 749 1650 videtur
771 1592 874 1667 optima
896 1601 924 1650 et
945 1592 1114 1650 custodiendi
1137 1600 1165 1652 et
1179 1591 1351 1674 dispensandi
1368 1593 1464 1668 ratio.)
1493 1593 1546 1650 Sed
1559 1611 1603 1650 ne·

315 1677 464 1734 cessarium
487 1676 593 1733 videtur
613 1677 646 1734 ad
668 1677 819 1752 cogendum
841 1678 988 1737 exercitum
1010 1677 1110 1736 babere
1132 1678 1227 1735 saltem
1249 1679 1357 1736 tertiam
1372 1685 1480 1754 partem
1495 1675 1601 1736 summ

316 1761 402 1830 totius
422 1778 504 1836 ,quarn
519 1761 634 1823 diximus
649 1763 676 1820 in
691 1762 804 1839 pecunia
819 1772 960 1824 numerata
974 1763 1065 1820 statim
1080 1781 1094 1819 a
1110 1763 1258 1838 principio;
1280 1772 1376 1840 postea
1391 1762 1527 1838 reliquum
1541 1780 1599 1821 cum
1609 1773 1631 1814 tt

316 1845 507 1904 commoditate
530 1845 661 1923 temporis
684 1846 852 1922 exigeretur,
876 1866 906 1905 ac
927 1865 1010 1924 supra
1032 1848 1105 1904 dictu
1128 1845 1213 1909 morlo,
1232 1849 1264 1906 ad
1280 1848 1426 1906 exercitum
1442 1848 1601 1906 mitteretur.

247 1929 252 1942 ⁹
738 1949 774 2006 lle
796 1947 884 2024 copiis
905 1949 1069 2008 militaribus
1092 1948 1205 2018 tertie,

379 2032 472 2093 llobur
494 2050 572 2091 omne
595 2033 761 2092 exercituum
783 2034 904 2110 positum
926 2043 969 2092 est
995 2034 1022 2090 in
1049 2033 1174 2108 peditatu
1192 2033 1228 2091 'et
1256 2033 1396 2109 equitibus
1422 2034 1603 2097 cathalractis.

317 2135 371 2194 quo
393 2135 494 2193 genere
517 2127 634 2194 utruque
656 2119 801 2178 Christiani
823 2119 967 2178 excellunt.
1010 2119 1117 2176 Pedites
1146 2127 1236 2176 autem
1264 2119 1386 2182 sumendi
1415 2129 1481 2178 sunt
1509 2137 1541 2176 ex
1568 2119 1605 2177 eis

316 2202 489 2268 nationibus,
517 2222 578 2279 quae
606 2204 718 2262 maxime
741 2205 804 2262 lruic
825 2205 933 2264 milicie
956 2204 1076 2280 pedestri
1098 2212 1126 2262 et
1155 2204 1296 2262 ordinibus
1325 2205 1464 2265 servandis
1487 2205 1633 2266 nnuman

247 2299 325 2356 (omrai
340 2297 371 2346 nt
392 2287 534 2352 Helvetiis,
557 2288 713 2353 Germanis.
736 2307 807 2365 quos
829 2288 1027 2348 lanzethinetos
1049 2298 1159 2353 uncant,
1183 2287 1322 2364 Hispanis,
1345 2282 1496 2367 Endromis
1524 2307 1556 2347 nc
1576 2307 1605 2346 er
1654 2293 1656 2298 '

317 2381 377 2432 toto
400 2374 453 2431 boo
473 2391 587 2432 numero
616 2373 745 2449 seloparii
772 2372 850 2434 multi
877 2384 943 2432 sunt
970 2375 1130 2436 necessarii.
1160 2383 1305 2450 propterea
1334 2375 1409 2448 quod
1436 2392 1475 2432 ea
1497 2393 1604 2450 quoque

314 2467 392 2535 parte
414 2437 529 2516 militurn
550 2459 598 2554 qui
620 2457 722 2554 sclopis
744 2467 873 2524 utuntur,
904 2459 1073 2518 adversarius
1100 2459 1245 2523 habundat
1289 2458 1422 2518 Videntur
1442 2477 1511 2534 ergo
1535 2460 1606 2536 pedi·

317 2553 373 2604 tum
396 2543 509 2601 fortium
531 2545 651 2602 virorum
674 2545 701 2602 in
724 2545 845 2602 exercitu
868 2545 1019 2603 neccssaria
1041 2544 1074 2601 ad
1096 2545 1184 2602 minus
1200 2544 1340 2618 sexaginta
1356 2544 1445 2607 milia.
1468 2547 1604 2604 eatalracti

316 2647 379 2686 vero
396 2628 501 2702 equites
518 2627 611 2687 Gallici
627 2629 723 2703 optimi
745 2637 774 2687 et
795 2629 896 2694 ltalioi
918 2630 965 2704 qui
988 2629 1112 2688 videntur
1133 2629 1166 2686 ad
1187 2646 1328 2692 nunnerum
1351 2638 1486 2704 quattuor
1506 2630 1633 2688 militante

316 2713 574 2786 accederedebere.
617 2714 873 2774 modociensem
896 2714 969 2772 milia
990 2712 1058 2772 leuis
1080 2711 1224 2772 armaturae
1246 2714 1383 2809 equitum.
1407 2731 1463 2789 quo
1480 2733 1536 2774 uno
1552 2715 1605 2772 lere

315 2789 423 2872 milicie
437 2813 539 2872 genere
555 2797 684 2874 prmvalet
697 2799 787 2858 bostis
802 2799 961 2858 nobisdum
977 2804 1064 2874 taxat.
1087 2817 1134 2874 qur
1128 2797 1202 2856 alia
1217 2799 1329 2875 pociora
1350 2787 1494 2864 ducimus,
1518 2818 1606 2858 neces·

316 2883 389 2942 saria
410 2891 490 2946 sunt.
514 2901 546 2940 ex
567 2881 723 2942 nationibus
745 2883 826 2943 liuius
842 2885 925 2944 studii
940 2885 1047 2965 gnaris.
1071 2883 1213 2959 Hispanis
1234 2882 1324 2948 ltalis,
1345 2883 1475 2952 Dalmatis
1490 2903 1523 2944 ae
1537 2882 1606 2944 Gre-

291 3033 293 3039 Α
316 2969 365 3026 cis.
403 2967 452 3026 llic
468 2969 606 3026 terrestris
622 2969 764 3034 exercitus,
788 2970 867 3028 bouis
889 2969 1056 3044 gubernatus
1077 2968 1209 3032 consiliis.
1232 2978 1430 3028 commeatuum
1444 2987 1605 3046 nonogens

273 3093 277 3102 -
316 3070 430 3110 suorum
452 3062 650 3112 tormentorum
673 3056 837 3130 opportunis
859 3053 993 3132 presidiis
1021 3054 1170 3112 instructus
1198 3071 1258 3112 euru
1285 3053 1387 3112 domini
1416 3055 1634 3114 benmieuonea

316 3139 427 3213 iuturus
449 3146 492 3196 est
514 3138 638 3196 invictus.
662 3139 711 3198 'ln
733 3141 869 3198 maritimo
891 3149 981 3198 autern
1003 3139 1098 3199 classis
1128 3147 1259 3214 apparatu
1281 3139 1376 3198 Veneti
1404 3158 1435 3198 ac
1462 3141 1606 3201 lanucuses

316 3239 348 3282 ex
367 3201 466 3286 ltalia,
496 3221 565 3280 Galli
587 3242 618 3281 ex
638 3225 795 3289 Provincia.
817 3225 935 3284 Britania
956 3233 985 3282 et
1013 3223 1073 3282 aliis
1100 3221 1183 3290 loeis:
1213 3223 1324 3298 Hispani
1348 3243 1362 3282 a
1384 3242 1414 3284 se
1436 3225 1506 3301 ipsis
1529 3235 1558 3284 et
1577 3244 1605 3284 er

271 3317 274 3326 '
317 3315 431 3383 utraque
454 3306 560 3371 Sicilia.
590 3309 695 3384 Angliae
725 3328 833 3386 quoque
861 3319 890 3368 et
910 3308 1088 3400 Portugalliaa
1116 3327 1195 3384 reges
1218 3309 1347 3384 optimam
1368 3318 1398 3366 et
1418 3310 1561 3370 bominum
1581 3319 1606 3368 et

315 3391 423 3453 navium
445 3391 572 3451 miliciam
594 3395 752 3470 aesopiam
774 3381 999 3472 suppeditabunt,
1023 3403 1054 3452 ut
1076 3411 1138 3455 mox
1158 3394 1288 3454 dicemus.

273 3507 302 3554 tt
457 3493 566 3554 Sextum
589 3497 726 3570 quomodo
748 3495 955 3555 consultandum
977 3505 1006 3554 et
1026 3496 1267 3556 administrandum
1288 3497 1326 3553 sit
1347 3495 1457 3556 bellum.
1515 3537 1520 3544 ·
1612 3497 1634 3539 ²⁵

379 3599 419 3655 Ad
440 3599 667 3656 consultationem
690 3607 718 3658 et
739 3598 999 3698 administrationem
1021 3597 1086 3656 belli
1107 3599 1235 3674 gerendi,
1258 3599 1332 3676 quod
1355 3609 1452 3657 sexto·
1456 3600 1519 3662 locu
1542 3619 1604 3678 pro·
1700 3609 1701 3662 i

276 3749 278 3754 ¹
316 3677 503 3760 posueramus.
1700 3727 1701 3758 q

368 3831 450 3884 ιΙιιιι
462 3832 603 3885 sensenna
615 3837 639 3884 1.
675 3833 830 3886 stetimom.
843 3836 901 3886 2.r.
936 3831 1055 3886 'ratisb
1069 3833 1221 3898 tunnpn2.
1257 3830 1445 3900 ‘nepharium
1482 3834 1605 3887 nll.al.2.
1700 3787 1701 3866 l

316 3915 481 3969 testum.
517 3915 647 3983 odbold.
683 3922 714 3968 ul
726 3917 772 3970 vcl
784 3922 810 3969 2.
819 3921 846 3970 3.
881 3915 1233 3970 sanctissimo...velom·5.
1268 3915 1473 3984 this]iis2...s.
1498 3920 1606 3972 'omnis
1700 3889 1701 3982 l

316 4003 739 4056 2...4.omnemsummnmex.5.
773 3998 1021 4054 ’nummulum
1059 4000 1077 4035 ¹¹
1090 4001 1207 4068 singulis
1220 4002 1360 4068 quidemr.
1390 3999 1604 4058 ¹³ridcturesse
1700 4027 1701 4040 ι

316 4089 426 4138 n.2...5.
462 4084 652 4138 ¹⁵dnximued.
689 4085 1107 4154 Ιἰιιιιιιιηιιιιιιιὶοοιιι.2...4.
1143 4085 1164 4119 ¹⁸
1175 4087 1303 4153 Denique
1316 4087 1429 4140 robori.
1459 4091 1605 4158 cataphra-

317 4171 451 4223 ctisrecte
464 4175 490 4222 2.
521 4171 800 4239 cathephnsctis2.5.
831 4171 1021 4224 Catbafractis
1041 4175 1066 4222 3.
1085 4177 1111 4221 et
1127 4173 1166 4222 rie
1182 4172 1258 4244 infra,
1271 4176 1296 4222 5.
1332 4175 1604 4242 quosL.rop.era.l.
1700 4167 1701 4172 ’

315 4251 335 4285 ²¹
354 4253 579 4307 Lantnlrricchtos
596 4258 669 4306 2...r.
687 4257 896 4309 Lsnschenatns
914 4261 939 4308 5.
957 4255 1145 4312 [ΛιιιΙιιιειΜε.
1179 4257 1320 4310 Bnboemis
1337 4262 1366 4306 Δ.
1384 4257 1498 4310 Beemis
1516 4263 1604 4311 Ma.
1700 4247 1701 4302 Ᾰ

315 4335 750 4407 ²²Sciopetnriiw.selopnriid.
779 4338 975 4407 ¹'sclopetiob
986 4345 1218 4400 susannense.
1253 4342 1454 4396 abundatL-A.
1484 4342 1606 4396 “millia

316 4424 434 4475 1.2.4.5.
470 4424 646 4491 cataphracti
657 4427 709 4474 1.2.
744 4424 950 4480 ”mutinum
985 4425 1127 4493 ”potions
1138 4429 1210 4482 1...5.
1232 4423 1323 4493 ''lael
1337 4431 1366 4480 et
1375 4430 1449 4480 2...4.
1484 4425 1604 4480 ”bonas
1700 4469 1701 4486 r

315 4511 374 4559 M.
411 4509 553 4560 coucsiliis
573 4512 612 4560 3.-
641 4513 793 4561 comestum
812 4514 839 4562 3.
859 4515 1012 4562 commeatu
1030 4514 1055 4562 4.
1095 4510 1119 4544 ⁸⁰
1136 4511 1406 4568 anomoeorum.
1446 4511 1603 4580 ”aelaiz

316 4594 557 4646 Genuenses2...5.
595 4589 617 4624 ²¹
629 4593 781 4660 prouincia,
795 4595 966 4653 Britannias.⁸
976 4597 1129 4663 provincie,
1141 4597 1378 4652 Britannin1.l.5.
1396 4598 1602 4650 Britanniam

315 4679 458 4742 (Pacemne
472 4685 500 4730 et
511 4677 655 4744 Bretapne)
669 4680 698 4727 et
709 4687 768 4746 nge
782 4696 815 4731 ex
826 4697 873 4732 om.
881 4684 906 4733 1.
944 4678 968 4713 ⁸⁵
983 4681 1118 4732 Riodrteusn
1128 4697 1176 4732 ern.
1190 4684 1221 4737 4.,
1251 4679 1337 4748 Sext]
1355 4681 1430 4736 VIA.
1445 4681 1513 4749 Gap.
1526 4683 1602 4736 VIA.

316 4762 467 4830 (lapibvl.
481 4767 508 4817 3.
543 4764 639 4816 sitem.
657 4765 748 4820 2.3.5.
783 4763 806 4798 ³⁰
823 4780 889 4818 vero
908 4769 937 4817 et
954 4769 1026 4817 2...5.
1063 4779 1309 4833 composuerimus,
1327 4767 1403 4833 prior
1420 4781 1457 4818 ιιι
1473 4768 1511 4818 sit
1528 4771 1554 4818 5.
1700 4763 1701 4774 ³
