3410 5524
301 409 311 432 ο

96 459 203 500 nom
217 463 243 500 Χ.
252 463 309 500 CV!
322 463 503 503 CARDIMBIB.
516 463 695 509 ORATORIM·
703 465 854 502 CONSVLTT·
861 462 914 502 1'80
927 467 1025 502 BXPBD.
1033 466 1143 532 cotimb
1155 467 1232 503 ΠΕΟ.
1241 459 1293 504 eie·
1317 439 1383 511 151

94 621 235 680 beralitati
258 624 312 686 hoo
333 621 533 680 remittendum.
558 617 563 704 Ι
585 613 698 698 Reliqua
720 631 784 680 snut
805 623 859 682 duo
875 641 991 700 genera,
1014 623 1259 685 ecclesiastieorum
1274 637 1301 684 et
1316 627 1365 686 lai·
1380 641 1458 696 teta.)

93 723 202 766 eorum.
247 707 428 768 Ecclesiastioi
451 725 544 766 omnes
571 709 688 766 decimas
715 707 822 766 solvant
849 709 878 764 in
907 708 1031 784 singulos
1054 727 1168 788 anuos.
1183 711 1224 768 vel
1247 714 1337 776 etiam,
1354 715 1390 771 'si

93 795 185 851 risum
214 793 311 856 luerit,
342 793 470 868 vigesima
493 801 539 850 aut
562 794 702 868 trigesima
723 803 801 868 parte
822 793 957 851 bonorum
980 793 1126 859 stabilium,
1150 795 1250 870 quibus
1273 799 1390 856 maiores

93 877 221 935 redditus
243 876 345 936 ltreriut
372 878 493 940 vendita,
522 879 758 954 repraesentabunt
786 877 870 938 semel
897 881 1037 952 pecuniam
1064 878 1184 955 plurium
1211 873 1389 948 deeimarum

73 971 143 1022 saut
166 963 191 1020 si
214 963 304 1040 aptius
327 964 410 1020 visum
434 963 531 1030 inerit,
561 964 697 1044 quodque
716 965 808 1021 forsan
839 972 880 1020 est
906 963 1099 1022 deliberatione
1128 965 1254 1040 dignum,
1283 967 1306 1024 si
1328 985 1389 1043 per·

91 1047 190 1123 pensis
212 1055 240 1106 et
262 1047 403 1106 estimatis
425 1047 672 1106 ecelesiasticorum
695 1047 901 1113 beneficiorum.
930 1050 1138 1125 prasertimque
1160 1053 1389 1110 monasteriorum

92 1141 122 1190 et
144 1131 342 1192 cathedralium
365 1151 395 1192 ae
417 1133 688 1208 metropolitanarum
715 1132 890 1191 eeclesiarum
918 1133 1081 1199 redditibus,
1112 1143 1214 1193 tantum
1242 1135 1291 1198 his¹
1308 1135 1389 1194 reliu-
1498 1121 1505 1136 ⁶

93 1227 198 1294 quetur
219 1235 251 1275 ex
273 1212 364 1282 fructu
386 1235 490 1285 annuo,
514 1218 560 1293 qui
582 1235 677 1275 eorum
700 1217 893 1276 beneficiorum
915 1228 980 1276 sunt
994 1237 1172 1294 possessores
1188 1221 1262 1296 quod
1277 1221 1309 1290 ad
1326 1240 1390 1298 sup-

93 1302 211 1380 plendas
234 1306 425 1366 necessitates.
448 1304 599 1365 mediocres
621 1303 702 1362 etiarn
724 1305 941 1367 commoditates,
969 1303 1060 1362 habita
1082 1306 1188 1363 ratione
1210 1323 1389 1381 personarum

65 1387 329 1463 indignitatnmque,
353 1396 394 1445 sat
416 1389 513 1450 luerit:
535 1388 669 1464 reliquum
692 1405 756 1446 vero
779 1405 857 1446 omne
880 1389 907 1445 in
930 1389 1128 1455 sanctissimum
1151 1408 1228 1448 nsum
1251 1399 1390 1450 curaverin-

94 1482 158 1537 tur,
189 1473 216 1529 in
247 1489 301 1548 quo
323 1473 400 1548 quusi
423 1473 553 1546 gradibus
575 1467 735 1548 quibusda'm
758 1470 858 1533 iudicio
880 1473 1042 1549 prudentum
1065 1483 1107 1531 est
1129 1475 1250 1533 socienda
1272 1477 1389 1534 aestima·

94 1559 148 1621 tio.
181 1565 211 1615 ut
242 1556 289 1632 qui
318 1558 406 1614 minus
433 1557 533 1616 habent
561 1557 588 1616 in
614 1559 711 1619 annuis
738 1556 903 1624 redditibus,
932 1559 1037 1618 tertiam
1067 1558 1172 1616 solvant
1194 1569 1312 1636 partem,
1342 1563 1388 1636 qui

93 1643 174 1720 plus,
203 1640 354 1706 dimidiam,
384 1641 430 1717 qni
452 1641 613 1718 plurimum,
641 1643 707 1700 dous
728 1644 825 1700 tertias
848 1641 889 1700 vel
911 1651 967 1700 tres
990 1654 1100 1720 quartus
1127 1652 1229 1720 partes.
1272 1646 1388 1722 donique

94 1739 140 1794 ut,
171 1733 307 1788 reservata
329 1727 474 1802 uuicuique
495 1726 679 1786 ecclesiastico
701 1727 831 1802 portione
853 1729 885 1785 ad
907 1729 1126 1788 commoditatem
1155 1730 1241 1788 rietus
1270 1729 1388 1806 frugalis

67 1811 264 1875 asnmssaria,
287 1813 359 1888 quod
381 1821 507 1888 superest
527 1811 581 1870 buc
602 1813 760 1880 conferant:
783 1813 856 1887 quod
879 1821 954 1871 tanto
977 1814 1063 1888 magis
1085 1811 1200 1872 tieri'ab
1222 1815 1276 1879 iilis
1298 1816 1388 1878 debet,

95 1899 169 1972 quod
192 1898 348 1972 patrimonii
370 1897 474 1977 Christi
492 1897 788 1973 possessoresd'ebent
810 1898 900 1956 omnia
921 1899 987 1961 deo,
1011 1908 1038 1955 et
1060 1914 1155 1956 eorum
1171 1899 1323 1976 exemplum
1338 1919 1389 1960 oae-
1451 1947 1454 1954 .

95 1984 148 2040 teri
172 1983 303 2039 imitaturi
326 1983 382 2039 sint
403 1980 588 2057 libentiusque
610 1997 658 2040 sua
680 1983 731 2039 deo
760 1981 887 2039 oblaturi.
958 1982 1030 2042 Laioi
1050 1985 1171 2046 vero,si
1200 1985 1306 2042 nobiles
1328 1985 1387 2042 itte·

95 2069 150 2124 rint
172 2075 201 2124 et
225 2073 271 2124 aut
291 2067 409 2124 dominia
431 2075 478 2149 aut
506 2064 584 2126 leuda
612 2067 769 2130 habuerint,
797 2068 942 2131 decimam,
972 2068 995 2124 si
1025 2068 1136 2144 privati,
1165 2069 1334 2143 vigesimam,
1364 2070 1387 2126 si

94 2171 159 2210 vero
180 2151 298 2210 artifices
321 2152 444 2209 manibus
465 2153 564 2210 victum
587 2161 750 2226 quaerentes,
773 2169 830 2210 eam
851 2161 956 2227 purtem
978 2153 1131 2212 reddituum
1144 2171 1258 2212 suorum
1273 2153 1388 2218 solvent,

66 2247 158 2313 nequae
185 2235 323 2295 videbitur
348 2237 502 2295 convenire.
545 2235 716 2294 Publicandus
744 2237 825 2296 etiam
857 2235 1031 2312 indulgentie
1059 2237 1235 2296 sanctissimae
1256 2239 1387 2306 Crupiatae

96 2323 248 2380 terentibus
271 2339 350 2398 opem
372 2321 524 2380 defensioni
547 2331 646 2380 sanotae
669 2321 747 2385 iidci,
777 2339 809 2379 er
832 2321 948 2397 quibus,
975 2323 998 2378 si
1021 2321 1122 2380 bellom
1145 2322 1195 2379 lide
1218 2323 1287 2380 bona
1309 2340 1388 2396 gere·

97 2417 154 2471 tor,
178 2423 284 2482 magnae
306 2407 431 2483 proiecto
453 2408 575 2483 pecunie
596 2407 838 2482 comparabuntur:
862 2423 916 2464 nou
939 2407 1009 2466 enim
1025 2416 1132 2464 mortua
1147 2413 1190 2464 est
1205 2407 1270 2465 lides
1285 2409 1312 2464 in
1328 2425 1388 2465 eor·

96 2493 174 2550 dibus
189 2491 325 2556 fidelium,
348 2509 398 2550 nee
412 2492 531 2550 coelestis
552 2492 1079 2570 patria·usquequaqueooutemnitur:
1102 2493 1149 2549 sed
1172 2491 1250 2550 multi
1273 2502 1337 2549 suut
1360 2499 1388 2550 et

97 2586 175 2636 erunt
199 2577 247 2653 qui
267 2595 351 2654 parvo
374 2577 466 2652 precio
489 2578 570 2636 vitem
592 2584 721 2634 eternam
743 2577 861 2634 libenter
881 2587 984 2641 ement,
1008 2578 1031 2636 si
1053 2577 1169 2634 viderint
1191 2577 1264 2634 serio
1287 2595 1317 2635 ae
1332 2595 1386 2636 non

68 2661 259 2720 assimulatur
281 2679 331 2738 pro
354 2663 405 2718 deo
427 2662 552 2737 pugnari.
596 2661 651 2718 llas
672 2679 735 2719 vero
758 2662 886 2738 pecunius
908 2680 958 2723 nos
981 2651 1129 2720 indicimus
1152 2661 1188 2721 ita
1205 2679 1265 2719 esse
1279 2663 1388 2737 exigen-

97 2749 197 2804 desae
220 2747 411 2806 custodiendas
439 2756 468 2804 et
493 2747 703 2822 dispensandas:
734 2747 853 2805 Primum
883 2756 913 2805 ut
942 2747 1157 2822 uniuscuiusque
1178 2747 1299 2805 Civitatis
1326 2765 1388 2806 cnut

99 2851 144 2890 sua
165 2833 270 2890 diocesi
292 2831 446 2890 ordinarius
468 2823 636 2890 sacerdotem
659 2829 756 2895 unum.
779 2840 808 2889 et
829 2830 977 2908 capitulum
999 2826 1162 2890 cathedralis
1184 2831 1306 2890 eeclesiae
1319 2831 1388 2894 alte·

99 2935 155 2974 rurn
177 2918 325 2992 deputent,
348 2919 394 2992 qui
417 2918 472 2976 sint
496 2917 621 2974 timentes
642 2917 721 2978 deum
744 2919 771 2973 et
793 2917 914 2975 moribus
937 2917 1059 2994 probati;
1081 2917 1181 2974 lleiude
1202 2915 1328 2976 domiuus
1349 2917 1387 2976 ci·
1427 2969 1431 2980 .

99 3003 189 3060 vitatis
214 3003 298 3060 uuum
325 2996 461 3082 idoineum
491 3002 596 3076 eligat,
619 3002 715 3059 deinde
742 3003 904 3059 universitas
933 3001 1029 3059 civium
1060 3019 1141 3058 unum
1170 3019 1219 3058 seu
1241 3002 1309 3060 duos
1332 3012 1456 3070 exam.)

70 3093 212 3145 ”numero
244 3087 342 3146 civium
373 3095 420 3144 aut
446 3085 552 3144 clericis
580 3085 747 3145 secularibus
777 3087 832 3144 sire
859 3086 1046 3172 regularibus,
1080 3095 1110 3145 ut
1136 3086 1233 3144 melius
1260 3087 1386 3152 indicant.

99 3173 261 3236 constituat,
290 3173 337 3247 qui
359 3171 441 3228 simui
463 3183 557 3230 omnes
579 3181 608 3228 et
628 3172 737 3245 erigant
759 3171 941 3247 pecunias'ad
963 3190 1045 3246 supra
1067 3172 1165 3230 dietam
1188 3172 1336 3236 rationem,
1358 3179 1387 3232 et

100 3273 144 3314 eas
165 3258 200 3312 in‘
214 3275 295 3332 capsa
322 3265 369 3314 aut
392 3257 418 3312 iu
440 3255 502 3314 loco
525 3264 604 3332 apto,
631 3255 708 3314 cuius
737 3263 861 3314 seorsum
889 3257 990 3331 singuli
1013 3255 1128 3315 babeant
1150 3257 1238 3314 claves
1259 3257 1387 3320 diversas,

101 3339 241 3400 ninellus
263 3357 359 3400 eorum
380 3341 440 3398 sine
460 3341 560 3398 ueteris
583 3339 718 3416 ommatius,
737 3341 872 3416 dttiogere
899 3343 1046 3416 quidquam
1075 3343 1178 3418 possit,
1206 3350 1386 3415 congregatus

102 3435 130 3483 et
143 3427 275 3501 sepositas
291 3434 415 3490 teneant,
438 3425 627 3501 rationemque
650 3427 737 3484 totius
760 3426 840 3482 buius
864 3427 985 3500 pecuniae
1008 3427 1036 3484 in
1058 3425 1169 3501 scriptis
1184 3425 1331 3500 diligenter
1345 3443 1387 3484 re·

71 3512 199 3586 itdigent.
233 3529 302 3588 quas
328 3511 456 3587 pecunias
478 3515 558 3569 nemo
581 3511 674 3585 mauvis
702 3510 835 3586 dignitate
862 3511 994 3586 praeditus
1022 3510 1073 3568 sub
1102 3509 1387 3568 excommnuicationis

102 3627 303 3654 -τ-

165 3693 408 3746 ¹solreut2.3.5.
444 3694 682 3756 anuos,utetium
694 3693 775 3744 xxm
793 3693 961 3743 eutXXX¹²⁸
979 3697 1004 3744 5.
1039 3689 1215 3742 ⁴reudite5.
1250 3689 1388 3758 ‘anetae

104 3782 161 3830 m.
179 3781 359 3830 iorsitunm.
379 3779 527 3830 forsitoeit.
563 3779 708 3844 prepensis
721 3783 745 3828 t.
781 3777 1025 3844 ‘praesertimm
1062 3774 1288 3826 ¹⁰inbunc2...tt.
1324 3790 1386 3841 pru·

104 3861 219 3914 dcutinm
237 3868 262 3914 2.
271 3868 298 3915 3.
340 3861 361 3896 ¹²
378 3863 531 3915 redditibus
550 3862 685 3914 decimum
704 3862 815 3918 solvunt
832 3867 947 3930 portem,
968 3863 1014 3928 qui
1032 3861 1094 3928 plus
1114 3865 1248 3927 quartam,
1266 3859 1385 3918 tertium,

104 3947 231 4000 decimum
249 3948 313 4015 [pro
331 3949 392 3999 deo.
410 3947 552 3999 dimidium
571 3945 627 4014 3.]‚
653 3947 698 4013 qui
721 3946 866 4013 plurimum
884 3950 909 3997 2.
918 3950 943 3997 3¹.
952 3952 976 3998 5.
1012 3945 1033 3978 ¹⁰
1047 3959 1140 3996 eorum
1154 3941 1206 4010 em]
1224 3949 1329 3996 eertum
1337 3949 1385 3998 ex.

105 4035 187 4084 inti.
201 4035 280 4098 sobo.
333 4031 598 4083 ¹⁷·¹⁸iuerintuut5.
651 4029 671 4064 ¹⁹
689 4045 798 4082 suorum
821 4030 975 4082 reddituum
992 4035 1017 4082 2.
1026 4034 1052 4084 3.
1077 4044 1186 4081 suorum
1197 4045 1244 4080 om.
1255 4033 1280 4079 a.
1333 4029 1386 4080 sol·

104 4123 207 4170 vonit.
241 4116 263 4172 ,²¹
282 4119 387 4186 geritur
404 4120 479 4168 2...a.
514 4113 781 4168 ”autumemus
817 4113 1078 4168 inoonoordibusd.
1114 4111 1279 4164 ²⁸ei.Puul.
1294 4115 1387 4179 epod

105 4199 185 4254 Hebe.
197 4203 243 4254 XI.
260 4201 299 4254 to.
350 4199 373 4235 ²⁴
392 4198 435 4267 uo]
459 4205 488 4251 et
504 4203 579 4251 2...a.
619 4197 642 4232 ¹³
660 4200 735 4250 luter
753 4201 883 4267 pugnari.
902 4207 927 4250 et
943 4199 1003 4251 Hes
1026 4213 1091 4250 vero
1110 4202 1135 4250 4.
1148 4199 1235 4250 addit:
1258 4197 1386 4249 Additum

106 4291 136 4336 ut
151 4285 329 4352 eleemosynae
348 4287 457 4346 e,viria
478 4285 664 4351 integerrimis
689 4284 871 4351 colliguntur,
896 4291 924 4335 et
942 4299 959 4334 s
977 4284 1122 4350 trapezitis
1141 4300 1201 4336 oum
1218 4283 1334 4336 honesto
1353 4300 1386 4334 ue

108 4371 238 4423 moderato
255 4370 361 4423 loboris
379 4369 455 4422 luero
473 4353 685 4430 truasieruntur.
701 4371 820 4421 ceddum
838 4371 1003 4436 neglegentiae
1020 4370 1126 4420 editoris
1143 4369 1313 4422 obediendo
1331 4385 1386 4422 esse

108 4455 225 4522 utetur,
243 4471 298 4508 curu
315 4457 381 4508 idem
397 4456 482 4521 paullo
499 4455 572 4516 infra
588 4469 633 4506 suo
651 4457 705 4506 loco
723 4470 778 4505 eaor
792 4438 994 4519 propositionem
1011 4461 1121 4519 repetat.
1161 4451 1184 4486 ²⁸
1203 4450 1246 4520 uc]
1266 4457 1295 4505 et
1312 4455 1385 4504 imi.

108 4537 130 4570 η
145 4539 252 4594 diocesi
262 4545 348 4592 1.2.4.
389 4534 615 4607 cetheldrerilsA.
655 4536 677 4572 ¹⁸
695 4538 827 4605 probetis.
841 4541 866 4588 2.
901 4538 1054 4588 Deinde...
1070 4537 1159 4602 eligat
1176 4535 1262 4589 σω.
1302 4537 1386 4588 domi·

110 4621 167 4690 uus]
176 4625 346 4678 dioecmnus
354 4627 412 4676 Μ.
425 4627 597 4676 Diooesenus
605 4627 631 4677 3.
641 4624 719 4688 salso.
754 4621 777 4656 ¹⁹
789 4619 899 4688 deinde]
913 4621 937 4672 dr
950 4626 973 4672 1.
989 4623 1091 4674 civium
1102 4637 1185 4672 uniam
1198 4623 1324 4674 idoneum
1337 4635 1386 4672 seu

111 4710 163 4759 Μ.
193 4709 485 4778 ”dveregomae
521 4708 752 4760 iudicaritA.1.5.
787 4704 812 4739 ’ἲ
822 4701 1028 4766 consumatus.
1064 4705 1238 4758 ”habente
1275 4705 1297 4738 ³⁸
1311 4707 1386 4771 quio·

112 4791 203 4857 quite.
234 4793 506 4848 ”diiiusenzab
540 4791 741 4860 ⁸“indigent
754 4795 824 4846 1...5.
859 4777 1250 4858 ⁸⁸·”squuvismindigmbis
1266 4787 1341 4840 tebet
1358 4793 1385 4840 2.
