3434 5512
95 415 99 420 Ι
157 441 263 478 notua
274 443 300 477 1.
315 441 424 476 CONTRA
437 439 589 476 urrunnun
602 438 693 476 BVLLA
705 439 768 474 MT.
786 433 883 476 IMVII·
897 439 922 474 Δ.
934 429 990 472 Ιθ10.
1005 438 1028 472 C.
1042 437 1165 473 narretur
1181 437 1274 474 NOTIS·
1312 407 1384 478 315

93 615 196 676 posses
218 597 297 657 enlm
321 602 424 657 contra
448 593 615 656 veritatemi
638 595 802 671 pracsertim
825 613 892 656 curn
915 613 1016 654 caussa
1041 600 1089 653 tua
1112 599 1170 662 tota
1194 593 1232 652 sit
1254 612 1288 654 er
1305 595 1386 672 cupi-

9 733 12 737 ·
92 697 182 758 ditate
206 705 236 757 et
257 696 426 780 ambitione.
465 697 513 757 ‘ht
534 695 616 756 radix
639 696 770 756 omnium
794 695 939 756 malorum
969 694 1086 771 (Paulus
1108 694 1210 774 iuquit)
1239 695 1386 774 aslcnpi·

93 799 185 872 ditas,
209 816 298 877 qnam
321 798 440 878 quidam
462 804 636 877 appetentes
658 797 908 875 naufragaverunt
937 816 953 856 a
982 797 1057 865 tide,
1087 802 1115 856 et
1144 797 1334 858 inseruerunt
1356 817 1388 858 se

93 897 247 961 doloribus
268 899 386 961 multis'.
431 898 562 960 Gloriam
585 898 779 960 veromandi
801 899 920 977 lugere,
945 905 974 958 et
995 915 1113 957 omnem
1137 904 1307 976 postergare
1327 917 1388 960 am·

73 1001 238 1063 abitionem
261 1001 390 1078 prImum
414 999 549 1066 Christus
571 999 671 1062 docuit
692 1007 722 1062 te
749 1001 795 1062 sui
823 999 974 1078 exemplo,
1004 999 1054 1077 qui
1083 1017 1208 1076 regnum
1238 1007 1389 1060 aversatos

95 1109 138 1163 est
161 1109 193 1163 et
215 1121 248 1162 se
269 1103 366 1180 ipsum
390 1101 525 1171 inanivit,
549 1102 674 1162 turmam
697 1103 774 1162 servi
796 1101 958 1180 accipiens;
982 1099 1087 1161 deinde
1109 1100 1240 1180 Apostoli
1263 1104 1388 1180 passim:

94 1201 201 1264 ‘Nolite
224 1201 347 1279 diligere
369 1202 520 1264 mundum’
543 1203 668 1264 loannes
689 1204 800 1281 iuquit,
831 1213 942 1280 ‘nequo
966 1221 999 1262 ea
1028 1221 1093 1282 qnae
1116 1203 1145 1262 in
1168 1202 1278 1264 mundo
1300 1201 1387 1276 sunt',

95 1311 124 1364 et
144 1301 257 1365 Paulus
278 1302 481 1382 Philippenses
504 1304 642 1366 erudiens
664 1305 704 1364 ait
726 1303 851 1382 ‘Nequid
875 1305 924 1364 hat
945 1321 1000 1383 per
1023 1305 1240 1365 contentionem
1263 1311 1314 1366 ant
1335 1323 1389 1384 per

94 1408 214 1466 inanem
238 1403 377 1482 gloriam,
406 1405 459 1466 sed
484 1423 537 1483 per
559 1402 753 1468 humilitatem
776 1408 867 1466 animi
890 1403 979 1467 alium
1001 1407 1125 1486 quisque
1146 1424 1179 1468 se
1208 1409 1390 1486 prestantio-

65 1527 161 1569 rorem
186 1506 371 1568 existimet’.'
396 1507 458 1584 hge
480 1515 593 1578 autem,
617 1507 688 1586 quid
710 1506 824 1568 ambire
847 1507 899 1566 tihi
922 1508 950 1568 in
973 1506 1081 1568 seculo
1103 1507 1186 1576 licet,
1211 1527 1298 1588 quem
1314 1509 1389 1580 Pau·

94 1611 142 1671 lus
165 1609 399 1687 dispensatorem
422 1608 468 1669 dei
492 1629 555 1671 csse
584 1607 681 1678 iuhet,
711 1616 740 1671 et
766 1616 953 1688 sequestrare
983 1610 1019 1670 ah
1048 1628 1080 1672 se
1110 1610 1207 1672 omnia
1237 1611 1389 1672 saecularia

95 1709 264 1791 desyderia.
308 1709 405 1772 Dehas
427 1718 459 1770 tu
480 1729 551 1772 vero
574 1711 604 1770 iu
627 1711 730 1790 primis
752 1708 919 1790 exemplum
943 1729 1008 1772 esse
1030 1711 1159 1774 fidelium
1182 1713 1212 1774 in
1229 1711 1335 1781 verho,
1360 1714 1389 1772 ln

97 1813 341 1883 conversatione,
365 1813 394 1874 in
417 1811 575 1876 charitate.
600 1813 628 1872 in
652 1811 723 1880 lide,
747 1812 775 1871 ln
799 1813 946 1882 castitate,
974 1819 1043 1874 ante
1065 1813 1163 1874 omnia
1188 1814 1260 1874 viam
1285 1814 1389 1874 verita·

95 1915 133 1974 tis
156 1913 279 1992 eligere.
324 1915 370 1975 ‘ht
392 1914 466 1978 vlam
490 1914 616 1974 veritatis
639 1912 713 1990 elegi
736 1932 802 1974 cnm
825 1913 992 1984 Psalmista,
1017 1913 1198 1996 (Ambrosius
1218 1915 1267 1994 ait)
1291 1915 1390 1976 dicere

66 2034 188 2078 enemo
211 2021 308 2094 potest
330 2017 380 2096 qui
402 2014 554 2077 secularIa
578 2015 773 2094 concupiscit,
798 2017 846 2096 qui
874 2018 1055 2094 negotiatur:
1086 2034 1146 2076 non
1173 2023 1217 2078 est
1245 2017 1323 2077 enim
1347 2019 1389 2078 via

95 2119 228 2178 veritatis
250 2116 377 2178 hahendi
400 2119 546 2187 studium,
576 2117 720 2196 cupiditas
748 2117 932 2196 possidendi,
962 2123 1013 2178 ant
1040 2117 1136 2178 honor
1166 2117 1252 2178 huius
1280 2118 1390 2188 saeculi,

95 2219 266 2280 sollicitudo
289 2220 398 2281 mundi.
443 2219 481 2280 Et
502 2220 531 2280 in
554 2218 661 2290 Petro,
692 2226 724 2279 ut
751 2219 857 2297 dignus
886 2221 969 2280 lieret
997 2219 1046 2298 qui
1069 2219 1175 2282 Christi
1198 2236 1266 2279 ores
1288 2237 1390 2298 pasce·

96 2330 160 2391 ret,
185 2319 257 2384 nihil
280 2320 357 2382 aliud
380 2321 512 2400 qtraesivit
528 2320 675 2389 Christus,
700 2338 786 2400 quam
810 2321 857 2381 sni
878 2337 1019 2382 amorem.
1054 2321 1111 2394 Qui
1128 2318 1222 2398 qualis
1236 2323 1282 2391 sit,
1306 2320 1389 2382 loan-

95 2441 151 2496 nes
167 2423 264 2494 docet,
288 2421 402 2483 “lilioli
420 2420 494 2484 mei’
517 2423 671 2502 loquiano,
696 2431 775 2482 “uon
792 2409 946 2500 diligamui
968 2421 1069 2492 verbo,
1093 2441 1190 2500 neque
1205 2421 1316 2500 lingua,
1338 2421 1389 2482 sed

62 2544 194 2605 aoopere
218 2533 248 2586 et
271 2526 405 2586 terhate:
428 2525 459 2585 in
483 2525 539 2586 hoc
562 2523 763 2602 agnoscimus,
787 2524 854 2603 qtria
878 2543 912 2583 cx
934 2525 1056 2586 veritate
1078 2522 1197 2584 snmus’.
1244 2524 1279 2584 Et
1301 2523 1390 2593 Beda,

96 2645 158 2686 non
182 2625 277 2689 malus
299 2626 415 2696 author,
445 2627 530 2688 ‘Sunt
551 2627 600 2704 qui
624 2643 692 2686 ores
714 2623 831 2686 Christi
854 2624 948 2703 inquit
969 2633 1038 2683 ‘non
1062 2641 1162 2685 amore
1185 2623 1308 2694 Christi,
1337 2625 1389 2686 sed

95 2747 157 2788 suae
181 2726 227 2790 vel
250 2727 364 2806 gloriae,
387 2727 431 2790 rel
455 2728 676 2797 domInationis,
702 2726 746 2787 vel
769 2732 897 2805 quaestus
919 2727 1011 2803 gratia
1035 2723 1174 2804 pascant’.
1221 2725 1261 2786 lle
1284 2725 1391 2804 quihus

95 2829 133 2890 ad
159 2827 364 2908 Philippenses
392 2830 586 2909 conqueritur
614 2827 732 2890 Paulus.
776 2829 839 2890 lloc
868 2827 978 2888 idcirco
1007 2827 1142 2907 plnrihns
1170 2827 1323 2897 admonui,
1354 2846 1391 2888 ne

97 2950 230 3010 unquam
254 2949 288 2991 ca
311 2929 364 2992 tibi
385 2929 492 2992 liducia
515 2930 639 3003 incidat,
664 2937 695 2992 ut
717 2927 869 2992 arbitreris
892 2927 1094 2991 huiuscemodi
1117 2927 1205 2991 hullis
1228 2947 1316 3008 posse
1331 2935 1391 2991 tea

62 3034 230 3094 asseritatis
252 3032 350 3093 studio
370 3031 540 3094 absterrere
563 3050 632 3103 nos,
657 3039 686 3093 ct
707 3050 723 3093 a
747 3031 903 3092 dilectione
926 3031 973 3093 dci
988 3049 1141 3112 separare:
1164 3032 1273 3111 quippe
1289 3032 1319 3090 in
1335 3031 1391 3092 llo·

95 3136 181 3196 mino
203 3133 390 3202 conlidlmus,
419 3135 498 3212 apud
527 3153 632 3213 ortem,
664 3139 738 3194 teste
760 3132 828 3202 loh,
859 3132 999 3195 fortitudo
1026 3138 1070 3194 est
1098 3140 1128 3194 et
1155 3133 1311 3210 sapientia,
1341 3133 1393 3210 qni

96 3237 181 3296 norit
202 3242 232 3296 et
253 3235 449 3314 decipientem
473 3237 567 3314 etqui
583 3235 743 3312 decipitur,
767 3236 816 3313 qui
833 3235 956 3296 ellandit
970 3234 1190 3314 despectionem
1206 3251 1296 3312 super
1311 3233 1392 3312 prin·

97 3341 196 3418 cipes,
227 3345 256 3400 et
285 3355 351 3407 eos,
380 3338 431 3417 qui
458 3338 595 3422 oppressi
616 3335 747 3405 lucrant,
776 3335 895 3396 relevat.
940 3335 1097 3414 Responde
1119 3335 1191 3396 mihi
1213 3353 1297 3403 vcro,
1327 3335 1393 3412 qnis

96 3441 264 3519 permansit
285 3441 316 3499 in
339 3439 483 3499 mandatis
506 3439 631 3509 domini,
655 3445 684 3500 et
706 3437 864 3499 derelictus
887 3439 948 3499 esti
970 3437 1097 3499 Proinde
1120 3454 1180 3496 non
1203 3441 1230 3497 tc
1247 3437 1392 3506 timemus,

62 3543 179 3613 soleo,
210 3551 471 3622 quantumcunque
494 3539 687 3602 lerocientcm
710 3542 812 3602 etiarm
836 3557 895 3600 non
919 3541 996 3601 enim
1018 3538 1129 3618 poteris
1151 3544 1283 3598 evertere
1299 3536 1392 3598 trihu-

97 3643 148 3704 nal
173 3641 297 3712 Christi,
321 3659 380 3721 quo
402 3642 557 3704 nobiscnm
579 3641 632 3702 tlhi
656 3643 784 3704 eundum
808 3647 867 3710 est,
901 3648 930 3702 et
956 3639 992 3701 ad
1021 3639 1100 3719 qnod
1123 3645 1318 3719 provocantes
1339 3657 1393 3700 noa

97 3763 171 3806 curn
193 3743 342 3822 Propheta
365 3745 489 3804 dicimus
512 3743 632 3805 ‘lustitia
654 3745 723 3805 iusti
744 3761 835 3824 super
858 3741 950 3804 eum':
974 3741 1037 3802 haec
1059 3741 1165 3802 fiducia
1188 3747 1241 3802 est.
1285 3739 1346 3809 Tu,
1368 3743 1393 3802 si

102 3951 301 3960 ..—.----—-—

166 4080 419 4148 'Paulephad
430 4080 659 4136 hincuiennio.
695 4080 821 4148 incipe]
839 4081 920 4132 Pauli
934 4097 976 4146 ep.
991 4081 1025 4130 ad
1036 4080 1157 4146 Philipp.
1170 4081 1238 4130 Il.¹l.
1273 4079 1392 4130 *Ioanm

95 4171 176 4234 Lep.
190 4167 277 4220 11.15.
330 4165 756 4233 8Ριιιιῐ.ορ.ιιι1Ρ1ι111ρρ.ΙῙ.3.
811 4163 1173 4231 10Ριιι11.ιρ.ιι(1’1’11.1.,“1.
1227 4162 1247 4197 ¹¹
1267 4162 1393 4231 exempl]

95 4251 182 4304 Pauli
201 4267 245 4318 ep.
260 4251 281 4301 I.
296 4251 331 4301 ad
342 4250 464 4302 Timoth.
477 4250 574 4303 IV.12.
627 4249 648 4284 ¹⁴
660 4251 763 4302 Psalm.
778 4250 901 4300 CXVIII.
913 4249 955 4300 30.
979 4251 1102 4301 Ambrae.
1116 4263 1209 4317 expos.
1223 4249 1327 4300 Psalmi
1345 4250 1393 4299 clt.

96 4339 170 4389 eae.
185 4337 229 4388 etl.
243 4335 349 4388 Baned.
363 4336 384 4384 1.
399 4353 424 4409 p.
438 4332 512 4385 loto.
565 4333 588 4368 fl
604 4335 712 4401 Evang.
725 4351 781 4386 sec.
800 4337 896 4386 loanri.
910 4335 983 4384 xxt.
1000 4334 1040 4384 lo.
1054 4349 1113 4399 sqq.
1171 4333 1192 4367 ¹⁸
1209 4335 1305 4385 Ioamr.
1316 4335 1337 4384 1.
1351 4351 1393 4400 ep.

96 4419 201 4474 111.18.
263 4417 287 4452 ¹⁰
303 4420 381 4470 Beda
399 4435 460 4486 exp.
475 4433 574 4486 evang.
588 4431 644 4470 aec.
658 4421 754 4470 Iouna.
768 4421 842 4470 XXI.
856 4419 895 4469 lh.
920 4419 994 4482 „in
1012 4419 1064 4469 hoc
1083 4419 1174 4470 animo
1192 4422 1311 4486 pascunt
1327 4433 1395 4470 oves

97 4505 219 4566 Christi,
237 4509 268 4555 ut
285 4519 350 4555 anas
368 4504 458 4555 velint
475 4519 552 4568 eoae,
571 4519 626 4556 aon
644 4504 762 4567 Christi,
783 4503 827 4554 vel
846 4503 983 4570 gloriandi
1000 4504 1046 4556 uel
1064 4503 1223 4555 dominandi
1241 4502 1287 4552 vel
1299 4501 1393 4567 acqui-

96 4589 177 4642 rendi
192 4589 357 4654 cupiditate,
372 4603 426 4640 non
439 4589 586 4640 obediendi
599 4593 628 4639 et
639 4588 822 4640 subveniendi
835 4592 863 4638 et
875 4587 927 4638 deo
940 4587 1068 4653 placendi
1080 4587 1245 4638 charitata'’.
1280 4582 1302 4617 ¹³
1314 4584 1393 4635 Paul.

96 4672 368 4738 edPnttipp.11.·tt.
408 4670 431 4706 ¹⁸
449 4673 499 4724 Iob
513 4673 672 4723 Xll.ld.21.
711 4671 734 4706 ²⁸
754 4669 824 4737 quia]
843 4670 1133 4724 declamantium.
1175 4670 1198 4704 ¹⁰
1217 4667 1393 4720 cl.Paul.ad

96 4761 174 4812 Rom.
187 4757 264 4810 XIV.
272 4757 313 4808 10.
349 4757 371 4790 ¹²
388 4756 539 4824 Propheta]
560 4755 852 4809 lla.echielXV1H.²0‚
