3410 5524
338 377 411 452 148
431 409 531 446 biom
545 409 570 444 Χ.
579 405 1168 451 ΟΠΟΔΒΒΙΜῙΛΙΙ.ΟΙΔΤΟΙΙΜΛΟΝΕΥΗΤ.
1183 406 1235 443 PRO
1249 405 1465 442 mamconm
1476 395 1606 442 ”Rc-eid.

295 571 321 628 rl.
472 567 622 626 Secundum
644 567 845 643 suscipiendum
867 583 902 624 ne
924 565 1026 626 bellum
1049 566 1224 630 ostensivum,
1247 583 1280 624 an
1302 565 1486 625 ousnsimnt
1595 613 1600 620 .

395 685 433 744 h'e
455 688 507 744 hoc
530 687 636 762 quidem
659 685 733 744 valde
755 685 931 743 dubitandum
953 694 1010 749 est.
1038 685 1104 760 quin
1126 683 1209 760 longe
1231 683 1329 744 melior
1350 685 1386 741 sit
1408 683 1531 741 conditio
1553 684 1608 740 inle-

332 772 417 830 rentis
440 770 541 828 bellum
564 789 642 846 quam
664 771 867 846 propulsantis:
888 759 1006 827 Primum
1028 771 1091 845 quia
1113 770 1224 844 aggredi
1241 769 1315 826 ultro
1330 769 1437 826 hostem
1452 767 1561 826 maioris
1573 776 1608 824 est

331 865 359 916 et
375 856 456 914 animi
472 866 500 912 ct
516 856 701 918 auctoritatis,
719 874 798 932 quarn
814 855 888 912 illins
904 855 1035 930 impetum
1051 863 1206 930 expectare,
1228 873 1289 912 cum
1304 854 1386 910 etiam
1403 854 1548 911 adversarii
1562 853 1609 910 ani·

331 960 390 1000 mus
412 959 447 999 eo
468 941 554 1016 magis
576 941 726 1003 minuatur.
755 958 810 1014 quo
838 941 925 1014 magis
953 957 1014 998 eum
1037 939 1134 998 viderit
1156 939 1253 996 andere
1275 947 1369 996 coutm
1392 955 1471 1014 quem
1499 938 1624 998 decerta-s
1694 962 1698 983 ι

333 1035 409 1086 turus
432 1035 488 1098 est;
509 1026 608 1084 Deinde
630 1026 654 1082 si
677 1025 741 1100 quid
762 1024 851 1082 debile
874 1033 920 1081 aut
941 1025 1051 1082 inlidnm
1073 1034 1116 1084 est
1138 1025 1166 1080 in
1188 1033 1261 1083 statu
1285 1023 1402 1086 inimici,
1425 1023 1451 1080 id
1467 1023 1529 1082 data
1544 1039 1609 1080 ooea·
1695 1020 1698 1031 '

331 1112 407 1168 sione
419 1109 564 1184 detegitur,
581 1109 670 1185 qualia
681 1108 764 1166 multa
779 1110 904 1184 prolecto
920 1109 947 1165 in
963 1117 1036 1168 statu
1045 1111 1201 1172 sarcarum.
1218 1109 1240 1166 si
1257 1126 1290 1165 eo
1305 1109 1393 1165 nostri
1409 1107 1543 1165 exercitus
1557 1123 1609 1182 per·
1695 1112 1699 1187 ᾗ

332 1196 471 1257 venerint.
493 1195 743 1270 deprehendentur,
767 1212 827 1268 quae
850 1204 878 1251 et
899 1212 950 1269 pro
972 1195 1051 1252 nobis
1073 1194 1162 1258 valde.
1186 1203 1213 1252 et
1236 1201 1331 1252 contra
1355 1192 1417 1250 illos
1432 1193 1547 1256 lanient:
1566 1192 1609 1248 Po·
1698 1192 1699 1270 l

330 1290 431 1338 stremo
454 1281 576 1338 civitates
597 1287 625 1336 et
646 1279 742 1354 populi
764 1289 875 1336 externo
897 1278 970 1336 bello
992 1277 1143 1354 perturbati
1170 1279 1204 1336 de
1226 1277 1312 1336 salute
1335 1295 1383 1334 sua
1405 1279 1541 1351 cogitant.
1568 1293 1609 1332 nec
1694 1277 1699 1322 ’ἰ

329 1366 431 1423 habent
447 1365 566 1442 spacium
583 1367 615 1420 ad
629 1381 660 1421 ea
682 1365 874 1439 comparanda.
898 1363 996 1438 quibus
1018 1364 1107 1421 hostis
1129 1365 1156 1420 in
1172 1364 1230 1420 suis
1251 1362 1411 1438 regionibus
1431 1371 1555 1425 vexetur.
1575 1371 1634 1418 atu

331 1458 420 1508 tamen
442 1451 501 1508 hac
523 1449 784 1512 incommodarum
806 1449 931 1506 hostibus
955 1449 1137 1523 importantur
1158 1449 1301 1506 inlerendo
1322 1446 1396 1505 ultro
1413 1447 1501 1510 bello.
1524 1455 1576 1503 tum
1595 1464 1608 1501 a

331 1535 434 1593 nostris
456 1542 637 1591 removentur.
681 1533 799 1591 Possunt
821 1541 849 1591 at
871 1533 932 1591 aliae
955 1533 1047 1608 plures
1070 1535 1190 1590 rationes
1213 1533 1321 1598 adduci.
1345 1550 1430 1608 quare
1446 1533 1546 1589 inlcrre
1561 1529 1608 1587 bel·
1697 1539 1698 1554 l

262 1632 339 1691 (nro.)
361 1620 417 1678 lum
439 1619 533 1678 utilius
555 1619 605 1682 sit:
628 1619 675 1675 sed
698 1619 738 1674 hae
762 1619 854 1676 faciles
876 1618 999 1694 cogitatu
1021 1627 1093 1676 sunt.
1136 1619 1193 1676 bun
1216 1627 1305 1675 tamen
1328 1617 1355 1675 in
1377 1616 1451 1675 belle
1468 1609 1473 1696 Ι
1490 1615 1607 1673 odensim

330 1704 475 1779 diligenter
497 1703 730 1760 animadvertenda
759 1713 837 1762 suut:
866 1703 984 1778 primum
1014 1711 1044 1760 nt
1069 1701 1113 1760 his
1141 1701 1243 1760 viribus
1271 1711 1367 1760 contra
1394 1703 1503 1770 hostem
1533 1710 1607 1762 eatur,

330 1790 428 1864 quibus
449 1788 496 1845 ille
519 1788 635 1864 opprimi
657 1788 767 1852 debeam
794 1789 890 1845 deinde
917 1797 948 1845 ut
978 1789 1058 1863 periti
1080 1787 1203 1845 locorum
1225 1796 1308 1864 atque
1331 1787 1452 1845 hostium
1475 1785 1507 1844 ad
1528 1785 1634 1844 omnian

264 1913 266 1921 ,
329 1874 394 1931 belli
415 1873 528 1932 consilia
550 1873 737 1932 adhibeantur.
782 1873 834 1930 Sed
862 1874 921 1930 haec
948 1882 975 1930 et
1004 1872 1056 1930 alia
1083 1873 1168 1931 multa
1189 1873 1358 1948 prudentiam
1380 1873 1480 1930 ducum
1503 1881 1531 1929 et
1551 1869 1607 1943 rigi·

329 1959 439 2018 lantiam
461 1975 516 2016 nnn
538 1958 645 2016 lallunt.

283 2121 315 2166 m.
624 2111 742 2169 Tertium
766 2129 827 2188 qum
850 2111 980 2190 impedire
1003 2113 1055 2170 hoc
1077 2110 1177 2170 bellum
1200 2119 1323 2188 possent,

758 2204 786 2253 et
809 2198 945 2271 quomodo
968 2213 998 2254 ea
1019 2197 1194 2254 dimovenda?

302 2385 304 2388 ¹
351 2347 359 2352 -
412 2315 509 2374 Essent
538 2316 609 2374 enim
637 2316 829 2391 impedimento
856 2316 972 2374 maximo
999 2316 1184 2374 dissensiones
1211 2324 1239 2374 et
1266 2315 1408 2389 discordie
1437 2313 1522 2390 (qued
1548 2313 1635 2370 dense

328 2400 440 2474 avertat)
462 2401 674 2459 Christianorum
697 2401 851 2476 principum
872 2401 944 2461 inter
964 2419 1008 2464 se.
1032 2401 1055 2458 si
1077 2419 1138 2476 quae
1159 2419 1229 2462 nuuc
1244 2409 1321 2464 snut,
1344 2409 1391 2458 aut
1406 2401 1429 2458 si
1445 2417 1508 2474 quaa
1524 2407 1609 2474 postca

329 2485 510 2543 exorirentur.
553 2487 593 2544 hd
616 2487 689 2560 quod
711 2485 810 2544 malum
832 2484 940 2542 exitiale
963 2495 1091 2560 tanquam
1114 2503 1205 2544 semen
1228 2473 1352 2542 Sathanm
1374 2485 1486 2560 penitus
1514 2484 1611 2540 eiicien-

328 2572 393 2628 dum
415 2589 466 2646 pax
488 2571 596 2646 quidem
620 2571 746 2646 optanda.
771 2570 817 2627 sed
839 2570 981 2645 generales
1004 2569 1114 2628 omnino
1137 2571 1267 2634 induciae,
1291 2569 1388 2630 saltem
1410 2571 1443 2626 ad
1459 2585 1565 2640 annum.
1584 2585 1611 2624 ac
1689 2640 1693 2649 ·

328 2656 425 2713 deinde
447 2655 533 2714 donec
554 2657 607 2715 hoc
635 2655 834 2712 sancdssimum
862 2654 964 2712 bellum
992 2655 1123 2713 manserit
1152 2671 1184 2713 ac
1212 2673 1245 2713 eo
1273 2655 1350 2712 linito
1379 2655 1411 2711 ad
1439 2673 1487 2712 sex
1515 2669 1609 2722 meuses

272 2747 280 2764 ⁸
329 2741 458 2800 faciende
491 2749 568 2803 sunl.
609 2759 669 2815 quan
704 2739 824 2798 omniurn
857 2740 1010 2816 principum
1043 2739 1252 2815 religiosissimo
1286 2740 1462 2800 iureiurando
1499 2739 1637 2796 maaian-2³

331 2833 384 2889 tur,
406 2843 437 2882 ac
460 2825 579 2882 omnium
601 2825 843 2887 ecclesiasticarum
865 2843 1041 2884 censurarum
1063 2824 1293 2899 anathematisque
1315 2824 1531 2901 privationisque
1552 2840 1611 2898 quc·

330 2927 382 2984 que
416 2911 508 2984 regni,
535 2909 684 2974 bonorum,
714 2909 934 2986 privilegiorum.
969 2911 1069 2968 iurium
1098 2909 1186 2985 penis
1221 2911 1393 2974 muniantur,
1428 2916 1459 2966 ut
1493 2908 1539 2986 qui
1572 2925 1611 2965 eas

232 2986 239 3001 ‘
328 2993 446 3058 laeserit,
469 2995 557 3051 bostis
579 2994 704 3070 publicus
725 2995 769 3052 dei
792 3004 819 3052 et
840 2995 901 3052 lidei
923 2995 1082 3053 Christianae
1105 2995 1141 3053 sit
1163 2995 1384 3072 appelleturque,
1406 2996 1549 3068 dictasque
1562 3009 1610 3069 pn·

329 3095 377 3136 nas
399 3080 490 3136 ceteri
513 3079 545 3136 ab
568 3097 600 3136 eo
621 3078 760 3156 principes
781 3089 906 3155 repetere
928 3081 1051 3140 debeant.
1096 3080 1123 3137 Si
1147 3097 1207 3154 qne
1229 3079 1293 3138 vern
1316 3081 1441 3138 oriantur
1461 3087 1611 3137 conburer-

329 3164 391 3227 siae.
415 3173 462 3221 ant
483 3182 532 3239 per
553 3165 700 3222 Romanum
723 3165 878 3240 pontificem
902 3184 932 3224 ae
954 3183 1059 3224 sacrum
1082 3165 1260 3224 cardinalium
1283 3165 1429 3239 collegium
1450 3151 1638 3224 seneliaco

328 3257 376 3305 aut
396 3256 461 3323 post
482 3247 564 3308 linem
584 3249 647 3308 belli
669 3249 838 3308 dillerantnr.
881 3250 960 3308 Esset
982 3251 1062 3308 etiarn
1085 3251 1201 3309 lortasse
1223 3253 1343 3310 sanctius
1357 3259 1385 3308 et
1400 3249 1506 3313 atilius.
1530 3256 1559 3306 ut
1572 3247 1611 3302 lie·

328 3342 370 3390 ret
392 3352 444 3392 nna
467 3333 742 3393 Sanctalraternitas
763 3336 915 3411 principum
938 3353 997 3393 cunr
1021 3337 1140 3394 humano
1161 3335 1302 3412 pontilice,
1325 3337 1478 3394 iuramento
1501 3343 1613 3407 notoque

327 3418 432 3482 vallata.
456 3419 507 3477 suh
529 3421 630 3477 eisdem
644 3419 767 3478 censuris
790 3429 818 3478 et
840 3421 927 3496 pranis
948 3427 1043 3478 contra
1065 3438 1123 3478 eam
1143 3419 1300 3483 violantem.
1324 3421 1503 3494 iurarentqne
1525 3433 1611 3476 omnes

328 3512 356 3560 et
378 3503 532 3579 obligarent
554 3523 597 3569 se,
626 3515 766 3582 ruptorem
794 3505 876 3564 buius
898 3505 1075 3562 fraternitatis
1098 3523 1127 3562 se
1150 3507 1330 3564 communiter
1351 3505 1432 3562 armis
1454 3512 1610 3580 persecutu-

328 3607 388 3652 ros.
412 3589 649 3665 appellareturquc
673 3591 723 3649 ista
746 3591 903 3648 fraternitas
926 3590 1030 3648 Sancte
1052 3591 1187 3649 cruciatu.
1501 3611 1508 3622 ·
1617 3593 1637 3634 ³⁵

336 3775 339 3782 ¹
361 3787 370 3824 ¹
390 3787 553 3856 Secundum]
573 3789 809 3857 11.1.02p.11.2.
830 3789 898 3858 Gap.
913 3789 950 3843 11.
964 3794 990 3843 3.
1015 3791 1139 3844 liudricus
1156 3809 1202 3844 om.
1217 3794 1242 3843 4.
1255 3789 1344 3861 ubique
1361 3793 1409 3847 red
1425 3795 1542 3842 lemmata
1557 3804 1611 3855 pur·

325 3875 417 3926 rimad
432 3879 567 3942 marginem
584 3875 666 3936 babet,
685 3877 958 3944 quoenonrepelimur.
994 3874 1108 3942 'primo
1121 3881 1176 3930 M.
1211 3875 1311 3928 ‘anth
1325 3880 1414 3930 MA.
1451 3876 1531 3928 illum
1544 3875 1610 3926 2...l.

328 3959 544 4012 etiamnunm.
581 3976 641 4011 cnm
655 3967 729 4012 esset
742 3962 802 4013 adv.
818 3965 843 4016 3.
878 3959 962 4012 ⁵oum
975 3965 1091 4015 nm.A.1.
1127 3962 1345 4014 αιιᾶ.νίὀ.2...5.
1381 3960 1611 4028 'detegeturzst
1698 3997 1699 4016 t

328 4041 350 4076 ¹⁰
361 4045 481 4110 spatium
499 4047 573 4096 2...4.
621 4043 683 4112 att]
704 4050 872 4111 atque2...5.
919 4045 938 4080 ¹¹
959 4051 1060 4099 tunsa.
1107 4043 1246 4114 ¹²p1ures]
1265 4047 1399 4099 multet.
1446 4045 1546 4098 inferri
1558 4046 1612 4094 Μ.

245 4149 251 4162 ·
328 4125 349 4159 ¹⁸
367 4132 493 4180 eae2...l.
529 4124 550 4162 ¹⁴
563 4131 604 4180 eis
622 4133 694 4182 2...4.
734 4126 756 4162 ¹⁸
793 4131 939 4198 prudentia
956 4134 1028 4204 two.
1064 4131 1230 4198 vigluntiam
1241 4137 1270 4181 A.
1288 4130 1613 4198 vigilantisnonlulleut

327 4215 401 4264 2...d.
438 4213 652 4266 lallantrectiaa.
696 4213 718 4247 ¹⁷
734 4215 785 4266 111.
794 4218 817 4265 1.
830 4217 919 4282 Cepit.
932 4217 984 4268 111.
1000 4220 1026 4270 3.
1071 4216 1203 4282 capon.
1217 4221 1242 4272 2.
1261 4218 1425 4269 Tertium...
1440 4215 1611 4284 penituaeii·

328 4296 639 4350 cieudnmnmninnnd.
681 4297 701 4332 ¹⁸
714 4299 820 4366 possint
830 4303 855 4350 1.
889 4299 912 4334 ¹⁰
928 4300 1128 4367 impedimeudo
1142 4305 1168 4354 3.
1203 4303 1321 4356 maxime
1334 4306 1391 4356 m.
1428 4302 1612 4354 dissentiones

329 4385 384 4432 td.
417 4397 457 4447 ,ip
471 4381 496 4432 d.
511 4388 614 4434 amem.
632 4388 657 4440 5.
699 4381 891 4436 ”caedentur
908 4389 933 4437 5.
970 4385 1082 4443 Satanae
1095 4390 1119 4437 1.
1159 4387 1247 4439 Verba
1264 4402 1359 4440 nomeu
1376 4387 1489 4440 Satanae
1507 4383 1613 4454 pta-ir

308 4453 418 4518 'biblica
434 4482 490 4518 erae
508 4469 654 4526 uideantur,
672 4475 754 4520 tamen
772 4477 905 4523 nunaunt.
956 4469 979 4504 ¹⁸
992 4472 1106 4524 indutias
1121 4477 1146 4524 3.
1170 4471 1281 4524 inducie
1293 4477 1318 4524 5.
1338 4477 1472 4539 uaoeptua
1490 4481 1573 4538 e'pro
1589 4483 1611 4518 ε
1697 4499 1698 4544 3

326 4555 366 4604 nel
382 4565 407 4602 m
425 4554 538 4602 retinuit.
594 4550 617 4584 ²⁸
634 4555 789 4612 sentientur
807 4559 834 4608 3.
887 4553 910 4588 ²⁸
928 4555 1168 4622 anathematisque
1182 4557 1321 4615 ...iuriam
1338 4561 1424 4610 nam.
1482 4555 1611 4622 privatio·
1697 4565 1698 4604 ζ

294 4703 298 4712 ,
327 4635 369 4686 uls
387 4639 457 4688 Μ.
512 4634 535 4668 ²⁰
554 4642 582 4700 at
600 4637 619 4690 f.
634 4637 698 4691 Chr.
709 4655 756 4692 om,
771 4643 796 4692 3.
855 4639 878 4672 ⁸⁰
896 4639 953 4706 eut]
972 4646 1002 4692 ut
1020 4643 1047 4693 d.
1104 4639 1150 4708 ee]
1168 4645 1282 4695 ettad.
1345 4639 1367 4676 ⁸¹
1386 4641 1507 4694 eiusdem
1521 4647 1551 4691 lt.
1568 4639 1611 4690 ils-

326 4721 387 4774 dem
406 4725 429 4772 1.
466 4721 603 4774 violantes
620 4724 693 4774 2...4.
728 4721 750 4756 ⁸⁴
767 4723 848 4776 huius
866 4723 938 4776 modi
957 4725 990 4776 l'r.
1009 4729 1081 4780 2...r.
