3410 5524
352 459 422 531 134
444 489 566 526 errrerrr
580 485 616 523 an
627 487 774 536 rrrncrrss
785 485 912 524 cremer
926 487 1035 523 sacrarat
1049 485 1148 522 rrnore
1161 482 1301 520 rarenter
1313 461 1616 531 exsecramentum.)

349 644 455 726 mribus
477 639 661 723 pereundum
684 643 759 702 lame
782 649 841 712 est,
865 639 984 702 mallent
1007 640 1105 701 lerro:
1140 639 1206 700 date
1229 657 1325 709 arma,
1354 638 1419 700 date
1441 641 1538 716 signa!
1564 659 1617 700 con

349 747 419 806 viris
441 762 574 824 pugnare
596 762 684 823 quam
707 761 775 804 cnm
798 745 874 804 lame
897 749 926 804 et
956 751 1083 820 egestate
1112 743 1275 804 Germanos
1303 743 1394 820 magis
1420 741 1520 811 deeet3
1549 735 1622 804 nolo·⁸

350 863 416 908 mus
438 847 550 924 inopia,
573 846 737 923 principes,
760 844 898 906 nolumus
921 848 1017 906 esurie
1040 847 1145 924 perire.

321 929 325 937 ¹
666 946 882 1027 pulchrumque
905 949 979 1008 mori
1001 949 1147 1008 succurrit
1168 947 1198 1007 in
1222 949 1322 1008 armis.

282 1049 507 1111 §.reseratores
531 1067 595 1110 eam
618 1049 699 1108 scitis
721 1067 784 1110 esse
807 1051 971 1111 Germaniae
994 1049 1205 1119 conditionem,
1234 1057 1266 1109 ut
1294 1055 1403 1130 quanto
1424 1049 1546 1130 quisque
1567 1049 1635 1111 lma

351 1151 437 1231 gibus
458 1151 552 1230 magis
574 1151 713 1212 adeersus
735 1157 779 1211 est
801 1169 908 1234 annos,
932 1158 1011 1212 tanto
1033 1148 1125 1228 magis
1147 1149 1224 1212 bello
1247 1153 1358 1212 amicus
1373 1151 1424 1212 sit:
1447 1153 1563 1212 unicum
1576 1155 1617 1213 ita·

351 1272 408 1334 que
430 1252 560 1314 levandae
582 1270 707 1316 annones
730 1253 882 1314 consilium
906 1261 950 1314 est
972 1251 1044 1316 ioris
1066 1252 1174 1314 bellum
1198 1271 1316 1333 gerere,
1349 1254 1407 1334 duo
1429 1260 1513 1314 exeat
1535 1255 1618 1315 iuren-

282 1360 348 1411 §.aea
361 1361 423 1424 tos,
446 1364 478 1416 ut
500 1355 649 1415 minuatur
671 1353 749 1415 dorni
773 1355 938 1416 multitudo.
976 1355 1103 1416 Proinde
1124 1373 1245 1436 oporam
1268 1373 1318 1416 vos
1339 1353 1410 1416 dare
1425 1357 1569 1425 convenit,
1589 1375 1618 1417 oe

349 1456 521 1518 seditionem
550 1456 651 1518 imloat
677 1457 850 1528 Germania,
879 1475 916 1518 ne
943 1457 973 1518 in
1001 1464 1127 1528 vestras,
1162 1475 1200 1518 ne
1227 1458 1256 1516 in
1286 1455 1410 1518 aliorum
1439 1459 1618 1536 possessiones

351 1558 477 1637 impetus
499 1557 565 1624 llat;
589 1575 626 1618 ne
648 1557 717 1620 dum
734 1561 860 1637 opimam
878 1559 949 1620 ioris
964 1558 1139 1636 negligimus
1154 1559 1300 1638 praedam,
1324 1559 1404 1619 domi
1424 1576 1560 1638 cogamur
1573 1577 1642 1637 pron

351 1660 535 1738 patrimoniis
558 1663 666 1720 nostris
688 1661 829 1721 intestinis
844 1661 1030 1722 commisceri
1045 1661 1189 1731 caelibum
1213 1679 1269 1722 nec
1284 1655 1411 1730 metm,
1435 1678 1473 1748 ne
1489 1661 1541 1734 ista
1553 1663 1617 1731 dant,

353 1759 404 1822 sed
428 1766 457 1820 et
478 1777 515 1820 ne
538 1761 653 1822 interim
676 1762 828 1822 discordie
850 1770 958 1823 nostrae
980 1763 1134 1824 occasione
1163 1761 1211 1822 illa
1240 1763 1269 1823 in
1298 1780 1353 1831 nos
1374 1763 1498 1832 Asiatica
1524 1771 1618 1842 tempe·
1691 1805 1692 1858 p

284 1869 423 1925 §.coactas
445 1869 527 1933 ruat,
558 1882 616 1943 quo
645 1863 758 1946 duplici
783 1865 865 1926 clade
894 1867 1105 1944 opprimamur.
1151 1864 1222 1926 llate
1250 1881 1455 1943 operam,.ne
1482 1866 1532 1945 qui
1555 1883 1623 1950 nunc.
1691 1865 1692 1943 p

352 1963 445 2025 libere
468 1965 543 2025 tueri
565 1967 663 2026 omma
686 1967 821 2045 potestis,
845 1968 920 2027 intra
943 1967 972 2027 id
995 1968 1150 2027 discrimen
1174 1965 1375 2035 includamioi,
1403 1967 1484 2028 unde
1508 1967 1618 2046 expediri

352 2060 555 2126 difficillimum
577 2067 627 2127 sit:
648 2067 731 2128 lacile
746 2057 781 2128 ¹id
804 2069 995 2146 praestabitis,
1019 2067 1099 2133 nullo
1122 2075 1218 2129 restro
1240 2067 1441 2138 incommodo,
1470 2067 1546 2130 nulla
1566 2087 1643 2140 mors
1691 2057 1692 2070 ²

216 2229 219 2237 Δ
283 2165 460 2238 roclena,
484 2168 508 2228 si
526 2167 693 2231 'concordes
715 2170 841 2240 lueritis,
864 2172 890 2230 si
905 2173 1113 2250 imperatorem
1129 2153 1300 2248 agnoscatis.
1330 2171 1405 2256 Qnid
1421 2168 1537 2231 multis?
1555 2167 1619 2230 'lao-

350 2270 417 2333 dem
440 2268 599 2332 deliberate
622 2271 700 2333 domi
723 2291 737 2332 a
761 2273 865 2333 vestris
887 2275 950 2352 capi
974 2272 1064 2335 velitis
1094 2292 1162 2334 cum
1191 2273 1351 2346 dedecore,
1380 2251 1417 2333 an
1446 2272 1519 2334 loris
1545 2291 1618 2352 expe·

350 2373 403 2433 riri
425 2389 491 2432 cnm
515 2372 616 2451 gloria.
655 2374 750 2436 ileum
773 2373 926 2436 consilium
943 2381 987 2436 est
1001 2377 1162 2454 praevenire
1179 2374 1293 2444 ultima,
1318 2375 1432 2436 amoliri
1448 2393 1463 2436 a
1479 2373 1618 2456 Gemrania

350 2471 475 2544 bellum,
505 2475 679 2536 domesticas
706 2476 882 2558 intercipere
909 2477 1080 2549 seditiones,
1110 2495 1283 2539 conservare
1311 2477 1497 2554 dignitatern,
1527 2493 1619 2554 augere

350 2577 520 2655 imperium.
545 2578 580 2638 ad
603 2576 721 2640 divitem
744 2597 922 2640 concurrere
943 2580 1089 2658 praedam;
1113 2579 1201 2659 ldqne
1221 2577 1278 2640 hoc
1293 2579 1476 2658 potissimum
1492 2585 1644 2656 temporeo

352 2677 469 2756 quando
492 2687 690 2756 opportunum
712 2682 837 2757 manime
860 2687 918 2749 est,
948 2680 1070 2760 qnando·
1091 2698 1122 2741 se
1152 2701 1217 2762 quae
1245 2682 1375 2742 omnium
1404 2682 1618 2761 expectationem

282 2781 462 2848 morvined,
487 2781 614 2842 ostendit
635 2783 759 2842 occasio.
805 2783 862 2844 Sed
886 2785 943 2843 iarn
966 2783 1099 2854 incitatos
1122 2801 1172 2843 ros
1194 2783 1293 2852 rideo,
1324 2791 1352 2844 et
1374 2781 1531 2844 alacritatis
1550 2783 1618 2856 signa

351 2898 496 2958 agnosoo;
519 2883 603 2944 rideo
626 2886 733 2962 gestire
756 2884 914 2963 quosdam,
949 2891 979 2946 et
1001 2883 1070 2945 nihil
1094 2903 1181 2964 quam
1204 2883 1329 2955 bellum,
1363 2884 1451 2965 idque
1480 2883 1618 2954 coelestin
1692 2867 1693 2870 ¹

278 3041 281 3048 ,
351 2980 439 3052 velle,
463 2989 550 3061 atque
573 2984 647 3046 hanc
669 3003 757 3047 unam
780 2988 910 3047 omnium
933 2988 1136 3066 cogitationem
1160 2987 1312 3056 existimo,
1336 2987 1395 3048 lruc
1417 3005 1519 3050 omnes
1539 2987 1618 3047 inten-

351 3082 436 3152 dere,
465 3083 522 3144 hoc
545 3088 660 3156 conari,
688 3094 775 3167 atque
803 3089 890 3166 igitur
918 3089 948 3148 in
976 3104 1163 3152 communem
1191 3089 1379 3178 concerdiam
1414 3105 1571 3168 propensos
1595 3093 1642 3148 eto

351 3201 457 3264 parere
480 3185 586 3248 Caesari
610 3195 741 3267 paratos:
772 3187 878 3270 quibos
901 3210 916 3251 a
940 3189 1054 3270 Christo
1077 3193 1186 3270 optimo
1209 3189 1336 3252 maximo
1360 3179 1486 3270 primum
1510 3197 1539 3251 ot
1558 3207 1618 3250 con·

351 3292 462 3348 stanter
484 3289 513 3348 in
536 3287 591 3349 hac
614 3291 751 3369 opinione
773 3301 990 3370 perseverane*
1011 3293 1116 3354 deinde
1145 3301 1177 3353 ut
1199 3293 1294 3353 omnia
1317 3291 1375 3353 sibi
1397 3291 1519 3354 feliciter
1540 3292 1618 3353 lorto·

350 3394 476 3468 rateque
500 3391 616 3452 evenire
637 3393 754 3453 rideant
775 3411 809 3454 ac
831 3395 991 3472 gaudeant,
1015 3413 1131 3473 precor.

949 3517 1027 3558 nrxr.

418 3709 558 3764 ¹Datetl.
611 3710 744 3781 ⁴Vergil.
757 3712 869 3784 AE⁰·.1¹·
884 3715 942 3768 317.
994 3717 1155 3767 ⁸adoemos
1169 3719 1223 3767 1.2.
1243 3715 1490 3769 decennovenn.
1539 3713 1618 3764 ’.Νι

350 3798 420 3848 inn.
473 3795 573 3850 ¹⁰.Ne
586 3803 617 3849 11.
670 3797 741 3852 ¹'de
760 3799 892 3851 libertate
911 3799 984 3867 1.(1)
1035 3801 1058 3834 ²³
1076 3817 1110 3852 ee
1123 3804 1179 3852 1.2.
1199 3807 1267 3852 ettt.
