3464 5526
358 344 404 413 58
485 371 604 406 nt'rrrrrtt
626 372 654 405 ΙΝ
674 371 765 407 Dt'cstt
784 371 1062 407 Wllll'fllll‘nllilfllffl!
1081 369 1184 432 onusto
1206 371 1261 408 1111.
1281 371 1309 406 Ι.
1324 373 1387 406 AVG.
1401 372 1426 408 Α.
1443 366 1499 406 t5tt.
1556 401 1562 412 ,

355 529 447 590 oratio
470 543 533 587 esse
555 523 660 596 debet,
684 526 712 585 in
735 543 793 604 qua
815 526 885 588 nibil
909 527 1006 587 botrum
1017 521 1032 596 ‚'
1053 525 1125 586 nibil
1147 528 1324 595 accersitum
1353 526 1498 596 adieram,
1528 527 1631 587 meniu

353 631 493 710 profiteor
521 647 554 688 ea
582 628 728 688 dicturum
756 645 804 688 me
833 645 897 708 quae
924 629 980 688 boc
1002 627 1115 689 latrone
1138 627 1225 705 digua
1253 635 1335 698 sunt,
1366 635 1395 689 et
1415 646 1480 708 quae
1502 630 1528 690 si
1550 647 1567 688 a
1590 647 1631 689 mo

354 732 515 810 dicipulus
537 747 594 788 non
618 719 878 800 decuissetnuoc
901 729 1025 790 maxime
1048 729 1150 798 decet,
1182 729 1299 808 quaudo
1328 731 1382 791 iste
1404 731 1492 792 audet
1515 730 1630 792 maledi·

354 833 456 896 centiae
477 849 537 892 suae
559 831 677 892 aculeos
699 833 729 892 in
751 850 806 893 uos
827 831 971 908 deligere,
1002 849 1099 909 neque
1121 831 1230 893 veritus
1249 839 1296 894 est
1318 834 1414 892 omnia
1443 832 1527 894 aliter
1549 851 1631 912 quaro

356 938 413 996 visa
436 940 523 1013 atque
545 933 641 994 audita
664 942 732 995 sunt
753 951 935 1013 proponere,
958 935 1194 996 iu·re·ornnium
1218 932 1310 994 oculis
1332 951 1366 994 ac
1396 934 1518 996 auribus
1546 913 1657 1012 erpo-s*

287 1039 408 1101 §.casita
430 1035 652 1098 absurdissimas
674 1035 803 1106 fabulas,
827 1036 1078 1114 impudentissima
1100 1035 1250 1096 mendacin
1274 1037 1462 1098 comminisci.
1491 1037 1529 1097 Et
1550 1055 1631 1097 orsus

230 1205 233 1212 Δ
355 1147 398 1201 est
419 1138 550 1200 inbono
573 1137 691 1199 modum
715 1137 915 1223 defensionem
938 1155 1037 1206 suam,
1067 1135 1154 1214 longa
1183 1135 1307 1218 quadam
1339 1143 1368 1198 et
1389 1139 1536 1198 incondita
1560 1156 1630 1217 pra·

263 1257 277 1280 ‘
330 1243 461 1330 ⁸tutione
488 1239 579 1310 lacta,
609 1240 722 1318 inqua
751 1257 833 1300 suam
855 1241 1040 1317 aequitatem,
1070 1255 1153 1299 suam
1181 1239 1268 1300 animi
1296 1239 1527 1301 moderationem
1550 1238 1630 1300 vobis

354 1342 552 1412 commendat,
585 1343 634 1420 qui
662 1340 782 1402 consiliu
805 1343 982 1426 optimorum
1006 1343 1134 1402 virorum
1158 1359 1191 1402 ac
1214 1359 1265 1402 sua
1295 1342 1380 1401 etiam
1404 1348 1507 1402 natura
1531 1347 1560 1402 et
1579 1340 1629 1401 bu-

353 1445 498 1506 ruauitatis
518 1443 722 1504 recordatione
745 1444 878 1506 detentus
900 1444 954 1513 sit,
978 1461 1036 1524 quc
1059 1443 1154 1504 miuus
1177 1449 1244 1504 ante
1266 1449 1395 1532 nostram
1419 1444 1628 1504 accusationem
1639 1461 1655 1498 o

353 1565 436 1608 suurn
461 1545 568 1608 lactum
592 1545 728 1607 omnibus
749 1551 944 1625 proponeret,
975 1562 1009 1605 ac
1038 1545 1146 1624 passim
1175 1544 1337 1623 divulgaret
1364 1563 1420 1625 qua
1447 1563 1534 1624 prena
1556 1545 1628 1624 quod

307 1725 309 1728 Ι
352 1647 526 1710 maleficium
549 1647 704 1728 puniverit.
741 1647 860 1708 Interim
883 1657 951 1706 suas
973 1665 1090 1726 quoque
1112 1648 1234 1708 virtutes
1256 1647 1350 1707 obiter
1372 1646 1585 1708 commemorat
1605 1655 1629 1706 et

353 1753 390 1820 is,
414 1752 443 1811 in
465 1769 552 1830 qrrem
574 1767 612 1810 ne
635 1749 761 1827 suspicio
784 1748 901 1828 quidem
924 1751 1072 1827 pravitatis
1094 1749 1260 1819 conveniat,
1283 1748 1374 1810 videri
1396 1749 1498 1826 gestit:
1529 1749 1628 1810 iniuste

352 1854 438 1914 etiam
465 1851 652 1916 maledictum
680 1849 734 1910 sibi
762 1869 776 1910 a
806 1848 891 1910 nobis
920 1859 949 1910 et
976 1857 1106 1911 nostram
1135 1851 1348 1912 accusationem
1377 1845 1512 1910 iniuriam
1537 1855 1628 1928 ⁴vocat

283 1967 340 2018 §.tt
351 1955 403 2018 llic
424 1957 528 2032 igitur,
552 1953 629 2014 bone
651 1954 710 2022 vir,
734 1971 798 2032 quae
820 1959 869 2012 tua
891 1959 1021 2014 anteacta
1045 1955 1099 2012 vita
1116 1953 1177 2014 est?
1199 1953 1267 2033 quid
1284 1954 1439 2022 virtutum,
1463 1951 1532 2032 quid
1548 1951 1655 2011 bones

313 2053 317 2062 “
350 2055 442 2136 frugis
463 2057 494 2116 in
516 2061 544 2116 te
567 2062 784 2134 perspexerunt
805 2054 954 2124 homines,
985 2055 1063 2117 undo
1092 2073 1151 2116 non
1180 2054 1284 2116 debeat
1306 2053 1387 2115 credi
1408 2053 1497 2114 talem
1521 2071 1584 2115 osse
1604 2061 1630 2112 te

351 2157 442 2240 qualis
464 2177 480 2218 a
501 2157 586 2219 nobis
607 2156 720 2218 delatus
743 2157 792 2218 est
821 2173 919 2218 nonne
941 2159 983 2218 sic
1006 2157 1113 2225 vixisti,
1143 2163 1175 2218 ut
1204 2175 1271 2240 cum
1298 2163 1377 2218 tuaru
1401 2157 1574 2235 pravitatem
1597 2153 1628 2214 ad

351 2270 466 2340 tempus
487 2257 665 2320 occultasses
688 2267 717 2320 et
738 2259 795 2320 iem
818 2258 854 2320 ad
876 2265 983 2319 metam
1007 2261 1191 2321 continentie
1213 2267 1270 2320 tuae
1292 2260 1475 2340 pervenisses
1489 2275 1524 2318 ac
1538 2264 1567 2318 te
1583 2273 1629 2317 ex-

351 2360 517 2443 plicandum
540 2361 679 2431 duceres,
709 2379 758 2422 eas
781 2353 1007 2444 commotiones
1037 2379 1087 2422 cas
1108 2360 1211 2422 turbas
1233 2363 1380 2431 excitasti,
1410 2377 1475 2439 quae
1496 2361 1551 2420 nisi
1574 2359 1629 2418 lov·
1709 2331 1710 2392 l

351 2466 528 2525 tissimorum
551 2464 703 2526 homiuum
726 2463 831 2523 virtute
857 2468 955 2524 esseut
977 2464 1164 2542 composita,
1187 2465 1239 2523 toti
1261 2465 1357 2523 stetim
1373 2462 1545 2530 Germania,
1569 2461 1657 2522 nni-s

283 2577 435 2628 §.taverso
457 2565 582 2645 imperio
605 2566 722 2625 ruinam
743 2583 777 2624 ac
799 2563 1017 2626 internitionem
1041 2566 1253 2626 coniecissent?
1276 2564 1325 2624 Sic
1347 2571 1375 2624 te
1391 2565 1546 2642 aperuisti,
1569 2560 1630 2622 talis

351 2668 473 2746 erupisti
495 2687 530 2727 ex
553 2667 689 2726 diuturna
713 2651 759 2726 illa
782 2673 832 2726 lua
854 2665 1097 2737 dissimulatione,
1128 2669 1156 2727 in
1186 2665 1242 2726 boc
1271 2666 1427 2726 discrimen
1456 2682 1559 2724 omues
1581 2681 1630 2724 uos
1709 2683 1710 2748 r

351 2770 515 2830 coniecisti:
539 2774 567 2828 et
589 2766 687 2828 dicere
710 2769 800 2830 audes
822 2767 898 2829 bene
921 2771 1024 2856 risisse
1047 2777 1089 2838 te,
1118 2785 1173 2830 nec
1195 2767 1280 2829 alicui
1303 2768 1471 2847 opinionem
1493 2769 1523 2827 iu
1544 2774 1573 2828 te
1594 2767 1629 2825 si·
1709 2759 1710 2842 l

351 2873 472 2944 sistram
495 2856 678 2948 competere:
703 2887 791 2949 quam
814 2877 893 2932 tuarn
916 2871 1142 2950 impudentiam,
1165 2869 1200 2930 ad
1224 2888 1298 2950 quus
1318 2868 1492 2930 minushaec
1507 2870 1630 2948 pertinet

350 2970 511 3040 calamitas,
534 2975 566 3030 ut
588 2969 739 3034 ridiculam
762 2979 967 3040 contemnunt:
998 2971 1104 3050 qrribus
1125 2973 1248 3062 propius
1269 2978 1370 3031 noster
1392 2971 1514 3042 accessit
1535 2969 1656 3034 dolens
1709 2987 1710 3044 p

349 3093 439 3142 cruce
462 3081 491 3134 ct
512 3071 623 3153 laqueis
645 3072 829 3152 plectendam
852 3083 970 3154 putant:
1000 3089 1067 3134 uum
1096 3081 1127 3133 tu
1156 3091 1222 3133 cum
1250 3079 1281 3132 te
1303 3071 1412 3132 boumn
1436 3073 1532 3132 virum
1553 3071 1628 3138 lacis,
1709 3055 1710 3114 Ῐ

349 3175 471 3255 perinde
493 3182 576 3237 tuum
599 3193 766 3236 sermonem
788 3178 947 3256 accipimus
970 3196 1004 3237 ac
1026 3178 1050 3237 si
1072 3175 1167 3244 dicas,
1200 3192 1265 3253 qua
1292 3181 1323 3234 tu
1347 3177 1375 3234 in
1397 3175 1558 3252 perniciem
1579 3189 1630 3250 pu·

350 3276 455 3339 blicam
479 3280 670 3356 comparasti,
701 3286 729 3338 et
751 3280 858 3362 optima
884 3279 961 3340 tactu
985 3295 1048 3340 esse
1072 3266 1226 3354 et'diguos
1248 3295 1302 3338 rins
1325 3277 1374 3355 qui
1395 3275 1463 3336 talia
1486 3276 1631 3354 perpetia-
1709 3263 1710 3286 ³

282 3391 340 3440 §.au
351 3399 425 3442 mm.
464 3379 535 3450 Quis
550 3387 646 3440 arrtem
662 3387 721 3440 tam
738 3377 789 3440 tibi
806 3383 916 3442 amicus
932 3381 985 3440 luit
999 3387 1032 3440 ut
1046 3377 1237 3440 succensilio
1258 3377 1435 3444 abduceret,
1459 3395 1518 3456 quc
1539 3379 1631 3436 minos
1709 3359 1710 3366 ἵ

349 3484 565 3545 accusationem
588 3489 717 3542 nostram
739 3490 790 3543 tuo
812 3483 951 3562 figmento
974 3483 1171 3562 praevenires?
1197 3488 1247 3542 aut
1264 3480 1383 3558 'quidin
1399 3495 1453 3555 nos
1468 3497 1503 3539 ac
1519 3485 1661 3540 nostross

348 3590 481 3650 mortuos
504 3585 688 3645 criminosius
709 3591 780 3645 tunc
794 3584 900 3674 'dicere
923 3585 1069 3662 potuisses
1091 3601 1178 3663 quam
1200 3583 1288 3642 modo
1311 3581 1425 3643 dixisti?
1452 3581 1496 3641 ln
1527 3577 1631 3658 aliquid

349 3685 462 3756 retulit,
486 3687 614 3766 primurn
630 3688 725 3748 statim
747 3685 790 3746 vel
806 3685 899 3748 multo
915 3693 981 3764 post
995 3684 1180 3746 mentireris?
1203 3684 1398 3763 Stupidissimi
1412 3683 1523 3760 ingemi
1537 3682 1632 3748 bomo,

349 3805 408 3849 uun
430 3788 510 3848 vides
532 3805 618 3867 quam
641 3790 694 3850 ista
716 3787 770 3849 tibi
792 3785 865 3848 nibil
895 3789 1026 3868 prosint,
1055 3787 1144 3848 immo
1172 3793 1313 3866 mantum
1342 3781 1458 3862 obsipat?
1488 3783 1537 3845 Sic
1558 3783 1632 3844 enim

266 3977 269 3984 ,
351 3889 389 3950 ita
413 3889 623 3951 exacerbaristi
645 3889 796 3952 bominum
820 3896 932 3952 mentes
954 3889 1010 3950 bac
1033 3889 1172 3951 maledice
1200 3895 1250 3951 tua
1277 3887 1459 3956 invectione,
1488 3891 1632 3964 utquam
1707 3957 1710 3982 ,

351 3993 478 4072 primum
501 3989 578 4051 illam
599 3993 630 4064 iu
652 4009 706 4052 nos
728 3990 888 4052 eiaculatus
911 4009 955 4059 es,
980 4009 1081 4052 omnes
1102 3989 1190 4052 simul
1205 3975 1367 4056 defensioni
1382 3995 1441 4050 tuae
1456 4003 1542 4053 ames
1555 4001 1664 4065 prae-s

145 4057 151 4078 ἱ
189 4149 190 4155 ,
282 4101 341 4152 §.tt
351 4090 482 4154 cluseris.
528 4099 558 4154 et
577 4094 794 4154 accusationem
816 4103 948 4154 nostram
970 4095 1103 4154 iniuriam
1127 4111 1222 4154 vocas.
1239 4098 1310 4152 ‘aut
1332 4091 1420 4169 igitur
1442 4085 1588 4150 nullus'iu
1604 4095 1633 4146 te

351 4209 454 4253 seusus
469 4194 559 4270 viget,
583 4201 633 4254 aut
647 4193 738 4256 semel
753 4195 850 4254 omnia
863 4193 1010 4256 invertere
1025 4195 1192 4256 decrevisti:
1217 4212 1284 4254 omn
1306 4211 1372 4256 eum
1388 4191 1531 4254 occideris
1545 4207 1633 4268 quem

421 4427 429 4461 ¹
449 4425 562 4496 etenim]
583 4429 628 4480 Sic
648 4431 720 4480 enim
738 4433 761 4481 1.
781 4433 889 4484 Etenim
909 4439 937 4480 Η.
991 4431 1002 4463 ⁸
1020 4430 1064 4483 cf.
1076 4445 1159 4497 supra
1171 4431 1224 4481 vol.
1237 4429 1259 4480 Ι.
1273 4447 1299 4494 p.
1312 4429 1353 4479 bl.
1368 4443 1427 4494 sqq.
1440 4425 1633 4478 summai.

349 4516 541 4580 ⁷.Longan.
593 4513 649 4562 uin
668 4528 721 4578 qun
739 4517 816 4568 deleo.
831 4519 866 4567 H.
912 4517 932 4550 ¹³
951 4518 1083 4567 iniustum
1102 4519 1127 4565 2.
1168 4513 1251 4578 ²³‚&
1270 4520 1293 4564 1.
1324 4515 1428 4564 nen.
1479 4511 1632 4562 ³⁰nccusu·

351 4596 462 4664 tioucm]
482 4597 628 4650 veritatem
646 4585 714 4650 corr.
729 4606 758 4650 11.
771 4603 807 4652 cf,
821 4617 903 4668 supro
916 4619 940 4652 v.
957 4601 996 4652 14.
1049 4599 1070 4632 ³³
1090 4605 1220 4665 quantum
1238 4597 1532 4666 corr.11.d3(qusm)1.
1585 4595 1633 4644 Sic

351 4683 715 4750 mmmmwmt
874 4669 877 4676 ⁴
