3444 5518
343 373 415 453 356
436 403 539 438 onusto
553 403 720 440 conectunt
736 405 839 440 sverm
852 404 1009 440 uovrttt'rtttr
1024 405 1059 440 D!
1073 403 1193 442 VIRTVTR
1206 405 1331 442 GMVIVU
1341 407 1378 442 8¹1·
1392 407 1484 444 BVlM
1498 408 1596 443 Hom
1605 409 1627 442 Χ.

342 564 378 620 ‘in
401 561 528 622 omnibus
550 557 646 618 vobis'.
690 561 746 620 llna
769 563 862 637 itaque
885 561 911 618 in
935 561 1069 636 apostolis
1091 562 1231 620 oonlessio
1253 572 1299 620 est·
1317 563 1396 628 lidei,
1425 566 1534 622 animus
1556 580 1627 622 unns.

340 647 413 706 llanc
435 649 566 704 unitatem
588 647 665 704 hisce
688 646 830 704 confirmat
858 645 947 704 verbis
974 647 1100 707 dominus
1129 647 1198 704 ‘Tibi
1228 647 1321 712 dabo:
1350 649 1420 708 bane
1449 650 1581 707 unitatem
1605 659 1630 706 et

340 751 391 790 nos
414 732 529 790 tirmiter
551 740 644 790 tenere
666 740 694 788 et
716 731 850 793 vindicare
872 731 1010 788 debemus.
1054 747 1135 789 nemo
1157 733 1357 791 fraternitatem
1386 734 1532 793 mendacio
1551 733 1628 796 sallat

272 827 420 878 §.tt-nemo
442 816 504 874 lidei
526 817 666 874 veritatem
689 815 790 891 perfida
812 817 1034 890 praevaricatione
1061 827 1230 890 corrumpat.
1274 817 1463 893 ‘Episcopatus
1491 835 1563 876 uuus
1583 829 1627 880 cst

317 889 428 962 '‘cuius
450 921 464 958 a
487 901 605 975 singulis
627 902 655 958 in
678 900 795 958 solidum
816 918 880 975 pars
904 909 1026 964 tenetur;
1055 899 1170 958 ecclesia
1193 919 1245 959 una
1268 910 1326 966 est,
1349 921 1410 978 qna
1431 903 1459 958 in
1483 903 1646 960 multitud-s

339 997 410 1046 ‘nem
432 986 515 1044 latius
538 985 705 1044 incremento
728 986 912 1044 foecunditatis
934 985 1104 1050 extenditur,
1128 987 1266 1060 quomodo
1289 987 1356 1046 solis
1377 985 1457 1045 multi
1477 989 1564 1051 radii,
1586 989 1627 1044 sed

340 1073 439 1130 ‘lumen
462 1089 562 1134 unum.
585 1079 614 1128 et
635 1072 701 1128 rami
724 1070 831 1126 arboris
853 1070 946 1134 multi,
970 1071 1018 1128 sed
1039 1071 1126 1127 robur
1147 1055 1231 1130 mum
1253 1073 1341 1129 tenaci
1364 1071 1454 1130 radice
1476 1073 1627 1136 fundatum

339 1167 376 1215 ‘et
397 1175 458 1216 cum
480 1157 513 1214 de
535 1156 611 1229 tonte
634 1173 690 1212 uno
712 1157 763 1212 rivi
785 1153 897 1230 plurimi
918 1155 1056 1218 delluunt,
1086 1158 1271 1214 numerositas
1299 1155 1363 1214 licet
1390 1157 1490 1214 diffusa
1514 1159 1628 1214 videatur

339 1243 508 1302 ‘exundantis
530 1242 616 1316 copiae
638 1239 778 1314 largitate,
801 1241 892 1297 unitas
916 1248 1005 1298 tamen
1026 1249 1151 1298 servetur
1174 1241 1200 1296 in
1223 1241 1345 1314 origine:
1365 1240 1452 1298 avelle
1467 1242 1574 1298 radium
1588 1259 1628 1298 so·

340 1327 384 1384 ‘lis
404 1345 419 1384 a
442 1344 574 1401 corpore,
602 1325 762 1382 divisionem
791 1323 859 1382 lucis
887 1325 978 1381 unitas
1006 1341 1062 1382 non
1089 1326 1175 1398 oepit:
1204 1325 1237 1381 ab
1266 1325 1365 1382 arbore
1393 1327 1490 1400 frange
1520 1345 1654 1387 ramumu

270 1412 452 1473 §.adtractus
474 1412 627 1484 germinare
649 1427 704 1466 non
726 1411 845 1484 poterit;
873 1409 987 1466 alonte
1013 1409 1128 1482 preside
1158 1410 1260 1474 rivum,
1289 1411 1421 1484 praecisus
1444 1421 1565 1468 arescet:
1593 1413 1627 1467 sic

283 1540 292 1552 .
341 1504 378 1553 ‘et
400 1495 513 1553 ecclesia
534 1495 636 1554 domini
658 1493 718 1552 luce
740 1495 851 1568 perlusa
873 1511 924 1568 per
946 1494 1039 1550 orbern
1063 1500 1150 1550 totum
1172 1493 1264 1552 radios
1292 1509 1358 1552 suos
1385 1495 1519 1571 porrigit3
1549 1513 1625 1552 unum

340 1589 438 1638 ‘temen
461 1579 552 1636 lumen
571 1588 616 1637 est
638 1580 711 1654 quod
732 1579 834 1654 ubique
855 1577 1031 1642 diffunditur,
1059 1595 1109 1635 nee
1136 1579 1226 1635 unitas
1253 1579 1379 1654 corporis
1401 1589 1560 1653 separatur:
1589 1597 1626 1636 ra·

338 1674 407 1723 ‘anos
430 1683 496 1722 suos
519 1666 547 1720 iu
569 1665 721 1722 universam
744 1673 844 1728 terram
866 1664 946 1737 copia
967 1661 1102 1720 ubertatis
1123 1663 1257 1728 extendit:
1280 1663 1450 1736 profluentes
1465 1663 1581 1738 largiter
1594 1665 1626 1720 ri·

337 1758 394 1806 ‘vos
417 1747 499 1806 latius
521 1749 766 1824 expandit:'unum
788 1757 871 1823 eaput
892 1756 983 1805 tamen
1004 1755 1048 1804 est
1069 1756 1096 1804 et
1118 1748 1198 1822 origo
1219 1765 1286 1824 una,
1299 1756 1341 1804 -ut
1356 1764 1408 1804 una
1423 1757 1514 1805 mater
1528 1749 1652 1808 [mcor-rs

338 1833 440 1892 ‘ditetis
468 1833 640 1892 successibus
667 1833 795 1907 copiosa'.
831 1833 913 1890 ‘Hanc
944 1832 1076 1889 unitatem
1103 1831 1227 1896 Christus
1259 1835 1449 1889 demonstraus
1475 1833 1561 1890 Petro
1591 1832 1624 1890 ait

337 1919 406 1974 ‘Tibi
433 1919 503 1976 dabo
531 1918 620 1976 claves
647 1918 724 1992 regui
751 1915 881 1974 calorum
908 1917 969 1973 ete!
997 1933 1111 1974 numero
1138 1916 1279 1989 singulari.
1324 1915 1401 1984 Quod
1428 1917 1518 1990 igitur
1539 1917 1624 1974 lumen

335 2003 464 2061 diffusum
486 2004 577 2061 estin
601 2019 708 2060 omnem
729 2001 846 2059 terram?
869 2019 933 2058 num
949 2002 1061 2059 Romani
1083 2001 1219 2074 pontilicis
1236 1999 1373 2058 tenebrari
1394 2001 1481 2058 absit:
1505 2002 1623 2060 Christos

335 2086 427 2145 lumen
449 2096 492 2146 est
513 2087 682 2150 indeficiens,
707 2087 780 2161 quod
802 2087 936 2156 illuminat
959 2103 1064 2143 omnem
1079 2086 1224 2145 vborrninem
1245 2085 1397 2146 venientem
1420 2087 1448 2142 in
1465 2087 1538 2144 bunc
1552 2105 1623 2146 mun·

333 2172 411 2238 dum;
435 2173 478 2230 sol
500 2174 560 2247 ipse
582 2173 707 2236 iustitiae,
732 2173 837 2246 inquo
859 2171 979 2228 tenebrae
1000 2168 1096 2234 nullm.
1119 2171 1179 2246 ipse
1201 2169 1259 2228 dies
1282 2171 1327 2246 qui
1350 2177 1459 2228 noctem
1481 2173 1578 2236 neseit,
1598 2173 1649 2228 inre

335 2269 391 2331 quo
411 2258 499 2333 siquis
521 2257 712 2320 ambulaverit,
736 2274 790 2313 non
814 2256 932 2314 ollendet
953 2256 1052 2330 pedes,
1075 2257 1127 2312 seit
1149 2256 1220 2313 enim
1237 2271 1293 2330 quo
1308 2255 1445 2319 ambulen
1466 2257 1548 2314 cuius
1562 2257 1622 2313 tides

333 2341 363 2398 in
384 2343 537 2410 universam
560 2359 620 2399 sese
642 2342 750 2398 dilludit
771 2350 886 2406 terreum
915 2339 1039 2397 ctuistus
1068 2332 1164 2403 arbor,
1193 2341 1316 2396 Christus
1345 2341 1435 2402 radix,
1466 2358 1519 2398 nos
1551 2341 1619 2400 rausi

332 2426 392 2500 ipse
414 2427 492 2490 vitis,
515 2415 567 2483 uos
589 2425 729 2501 palmites,
752 2427 811 2500 ipse
834 2426 897 2482 lons
919 2426 996 2488 vitae,
1019 2442 1069 2481 uos
1091 2422 1185 2488 rivuli,
1210 2441 1305 2482 ornnes
1327 2426 1373 2498 qui
1390 2425 1418 2482 iu
1431 2443 1496 2482 enm
1512 2428 1620 2482 eredunt

332 2520 494 2586 serventque
516 2512 664 2586 genuinum
693 2509 778 2568 sontis
806 2527 957 2584 saporem,
975 2510 1075 2583 quique
1103 2525 1158 2566 nou
1187 2527 1219 2566 ex
1248 2508 1306 2566 luto
1336 2520 1507 2576 terrenarum
1535 2528 1619 2566 rerum

264 2595 515 2658 t.rr.adulterinnm
537 2595 681 2670 acquirunt
702 2611 836 2670 saporem.
881 2595 943 2653 llaec
963 2595 1049 2668 igitur
1070 2610 1125 2651 non
1148 2595 1176 2650 in
1198 2593 1341 2668 superbia,
1364 2595 1517 2668 tyrannide,
1541 2595 1645 2652 armi-rs

184 2734 188 2741 .
332 2681 369 2737 tia
390 2689 418 2737 et
440 2681 512 2740 vitiis
534 2681 623 2738 inanis
645 2679 741 2756 glorie
769 2681 874 2736 unitas·
888 2685 1024 2740 servatur,
1053 2679 1101 2734 sed
1128 2679 1157 2734 in
1184 2679 1273 2753 capite
1294 2678 1403 2735 Christo
1424 2679 1486 2736 lesu
1513 2680 1618 2736 domino

262 2827 264 2830 ,
331 2772 437 2822 nostro.
482 2766 533 2822 Sed
556 2783 641 2830 nuno.
665 2766 734 2822 eheu
757 2762 943 2839 prohdolor,
966 2761 1109 2820 discordie
1128 2763 1227 2820 lurore
1249 2762 1364 2820 ecclesia
1386 2761 1537 2828 scinditur,
1558 2763 1617 2820 fides

330 2848 497 2914 destruitur,
525 2867 577 2925 pax
604 2850 744 2914 turbatur.
767 2849 923 2923 ¹dissipatur
944 2848 1077 2926 ebaritas,
1106 2855 1273 2906 sacramenta
1293 2847 1517 2922 prophananda:
1546 2851 1617 2905 ‘lxta

330 2941 382 2990 ‘cst
403 2935 532 2990 meretrix
553 2935 649 2998 civitas
670 2935 773 2996 tidelis,
803 2933 882 3008 plena
906 2933 1013 2996 iudicii:
1037 2932 1141 2990 iustitia
1163 2933 1299 3008 requievit
1321 2933 1348 2988 in
1371 2951 1415 2996 ea,
1439 2948 1513 2992 nune
1534 2941 1616 2991 autern

331 3014 490 3076 ‘homicidae’
513 3020 560 3093 qui
583 3019 685 3077 animas
708 3019 849 3082 occidunt.
873 3018 952 3076 vitam
975 3017 1096 3092 privant,
1117 3017 1192 3075 vitiis
1214 3018 1304 3075 omnia
1319 3015 1427 3090 replent
1442 3027 1470 3074 et
1485 3037 1502 3076 a
1515 3018 1644 3074 cuneos

329 3111 472 3176 separant:
495 3121 575 3162 error
596 3105 668 3161 enim
691 3121 739 3162 eos
760 3102 848 3166 ladit,
872 3101 981 3160 extollit
1003 3109 1115 3176 stupor,
1138 3102 1208 3160 livor
1231 3103 1364 3166 incendit,
1387 3103 1526 3177 cupiditas
1540 3121 1616 3160 exce·

329 3195 385 3250 cat,
414 3188 543 3261 depravat
572 3189 711 3264 impietas.
744 3187 872 3263 superbio
900 3187 991 3251 inllat,
1025 3187 1160 3244 discordia
1193 3191 1350 3260 exasperat,
1383 3187 1423 3243 ira
1458 3189 1614 3262 praecipitat

327 3271 395 3328 lline
417 3281 568 3348 ‘argeutum
590 3282 667 3331 tuum
690 3289 797 3330 versum
819 3281 862 3330 est
883 3273 912 3330 in
933 3271 1066 3334 seoriam',
1089 3272 1185 3328 sordes
1200 3276 1228 3328 et
1242 3273 1439 3346 ptirgamenta;
1463 3271 1615 3348 ‘argeutum'

326 3356 388 3413 dieo
412 3356 484 3430 ‘igne
499 3360 693 3422 examinatum,
717 3357 862 3433 probatum
879 3355 968 3420 terrm,
991 3365 1138 3431 purgatum
1153 3355 1328 3430 septuplum'
1349 3358 1562 3414 contaminatum
1575 3361 1614 3412 est

328 3442 511 3501 Aristotelieis
533 3443 660 3517 spinetis,
683 3442 881 3516 sophismatum
903 3443 1032 3516 argutiis.
1056 3438 1220 3515 simulatque
1236 3440 1379 3498 tendiculis
1395 3442 1563 3515 opinionum,
1585 3447 1642 3508 utar

328 3524 391 3599 plus
414 3527 557 3588 humanans
579 3545 660 3602 qnam
681 3527 798 3584 (lisinam
820 3528 908 3601 spires
930 3526 1103 3601 sapientiam,
1130 3525 1238 3601 eloquia
1260 3526 1349 3582 divina
1370 3526 1403 3582 ad
1426 3528 1543 3600 gratiam
1564 3535 1612 3580 tra·

259 3609 397 3672 §.tabunt
417 3612 573 3676 hominum,
603 3613 711 3670 literam
733 3610 829 3670 colunt
850 3609 948 3670 relicto
970 3610 1079 3685 spiritu.
1122 3618 1214 3668 ortum
1236 3627 1270 3667 ex
1293 3628 1326 3668 eo
1348 3611 1441 3674 duxit,
1472 3613 1535 3685 quia
1555 3627 1611 3668 cau·

326 3712 414 3770 ponas
436 3697 476 3753 toi
498 3697 612 3755 miscent
633 3714 731 3772 aquam
753 3697 828 3760 vino,
855 3714 918 3754 oum
946 3695 1073 3753 dominus
1101 3702 1129 3751 et
1150 3704 1274 3754 servator
1295 3703 1391 3756 noster
1411 3712 1510 3770 aquarn
1533 3697 1557 3751 iu
1576 3695 1611 3750 ri·

325 3797 389 3837 nuru
411 3783 536 3840 verterit:
558 3782 648 3857 legem
670 3799 785 3855 namque
808 3781 867 3847 dei,
899 3797 960 3855 qum
984 3797 1065 3854 pura,
1093 3796 1205 3854 syncera
1227 3797 1259 3837 ac
1279 3781 1394 3838 veritate
1416 3781 1540 3844 subnixa,
1560 3780 1611 3836 rio·

324 3863 382 3920 lant
403 3867 598 3935 traditionibus
620 3868 690 3930 suis,
712 3865 820 3940 legibus
842 3873 871 3922 et
891 3865 1135 3922 constitutionibus
1157 3864 1292 3940 propriis,
1321 3865 1477 3940 pharisaico
1499 3866 1639 3940 supersi-o

323 3947 361 4007 lio
384 3951 417 4008 ad
438 3953 569 4025 gratiam,
592 3953 625 4009 ad
648 3950 870 4012 delectationem,
893 3950 925 4008 ad
949 3948 1053 4007 lucrum
1077 3949 1166 4006 omnia
1188 3957 1311 4015 vertunt,
1339 3967 1396 4008 uon
1420 3967 1483 4024 qua
1500 3947 1546 4007 ⁴dei
1566 3948 1608 4004 sed

227 4081 229 4088 .
325 4051 385 4106 quo
409 4053 456 4092 sua
484 4045 549 4094 sunt
577 4045 741 4112 quarentes.
785 4035 849 4093 hinc
875 4051 927 4109 pax
948 4033 1126 4108 profligitur,
1156 4033 1292 4092 dissensio
1321 4034 1506 4109 amplexator,
1534 4041 1607 4090 secte

322 4199 526 4212 -—-.—,.

390 4297 401 4332 ²
418 4299 493 4351 dabo
511 4301 584 4353 hanc
603 4305 662 4353 edd.
732 4299 744 4334 ⁴
767 4303 862 4370 Epire.
880 4300 961 4370 nnus]
985 4301 1039 4354 Hie
1058 4316 1166 4369 quoque
1184 4299 1263 4354 locus
1281 4308 1324 4354 est
1341 4301 1478 4370 Cypriani
1495 4301 1527 4354 de
1544 4299 1604 4351 unit.

323 4383 392 4444 ecel.
407 4389 436 4434 at
460 4389 537 4439 extat
560 4388 589 4436 in
612 4403 673 4438 con.
688 4387 771 4450 citt.
788 4387 811 4437 l.
880 4386 896 4454 Τ
913 4387 995 4440 robor
1012 4391 1037 4438 1.
1112 4386 1134 4420 ¹⁶
1157 4385 1281 4454 eopiosa]
1305 4387 1474 4440 Hactenus
1500 4387 1603 4454 Cypria-

321 4481 383 4518 nus.
434 4467 457 4504 ’θ
474 4470 516 4520 sol
534 4468 634 4536 instit]
655 4471 875 4524 Malaeh.1V.2.
928 4471 951 4505 ²¹
969 4466 1057 4537 radix]
1076 4469 1263 4538 ApocalXX.
1278 4470 1318 4522 to.
1377 4469 1399 4504 ⁸¹
1418 4469 1602 4540 vitialloann.

321 4553 379 4604 XV.
393 4553 418 4604 5.
482 4553 504 4588 ¹⁸
521 4555 588 4606 Is‘ai.
602 4557 623 4606 1.
637 4555 679 4607 21.
748 4555 771 4589 ⁸⁰
789 4557 826 4607 ef.
840 4557 939 4611 Matth.
953 4559 987 4610 X.
1000 4555 1043 4608 28.
1107 4555 1130 4588 ³³
1148 4557 1303 4608 lessies.
1369 4553 1601 4608 “Psalmxtt

320 4635 469 4703 ”spirits
490 4645 578 4694 ortum
598 4640 921 4704 exeodnxit.Quia1.
968 4642 1010 4692 Cf.
1026 4641 1127 4692 1ssa-1.
1141 4642 1183 4692 22.
1229 4639 1254 4674 ⁸⁸
1271 4641 1368 4692 Ioann.
1383 4641 1421 4692 11.
1434 4639 1460 4691 9.
1512 4638 1532 4671 '⁰
1549 4635 1601 4701 [rn-

319 4739 384 4789 cpra
403 4728 426 4775 1.
474 4721 495 4758 ⁴¹
515 4726 550 4778 ci.
564 4725 643 4777 Paul.
658 4742 700 4792 ep.
714 4726 749 4777 ad
761 4726 881 4792 Philipp.
894 4727 930 4776 11.
942 4725 984 4777 21.
1007 4775 1008 4780 ,
