3464 5526
223 457 348 492 aarum
367 457 395 492 ru
416 457 508 491 nvcsrr
527 456 806 506 urmrarrrsuurusarr
826 451 928 492 oleario
948 457 1004 492 1111.
1029 455 1175 494 tauma.
1190 449 1249 506 tttt.
1334 425 1381 498 67

103 609 302 688 perpetrandis
323 608 494 672 criminibus
515 627 632 687 semper
654 611 815 680 concitata,
837 611 988 688 nunquam
1004 627 1130 672 cessans.
1168 611 1273 673 dedisti
1288 627 1384 692 nuper

103 711 200 787 ingens
221 711 431 772 documentum
453 713 522 791 quid
544 711 598 774 tibi
618 713 915 796 proposueris‚.cum
937 713 1034 773 medio
1057 712 1114 772 hoc
1136 712 1243 773 iudicio
1258 713 1288 773 in
1303 718 1381 774 tuam

103 829 236 888 uxorem,
260 829 325 891 qum
346 821 379 874 ut
400 811 591 886 nobilissima,
614 823 647 876 ut
661 815 847 894 pudicissima
863 821 923 886 est,
947 830 1097 893 nunquam
1113 813 1201 875 debet
1215 831 1231 874 a
1247 831 1294 874 me
1310 813 1380 874 citra

102 913 218 976 honoris
240 916 440 994 praelationem
462 918 619 989 nominari,
642 935 717 979 nova
739 935 773 978 ac
795 916 921 978 inaudita
937 905 1052 978 saeviisti
1067 915 1158 978 rabie.
1188 913 1285 985 Quare
1301 915 1450 994 quodam.

86 1023 214 1094 reportet
235 1015 280 1078 uel
302 1017 378 1078 hanc
400 1018 444 1079 rel
465 1016 554 1080 ullam
577 1017 630 1080 abs
652 1027 681 1082 te
708 1018 911 1082 defensionem
938 1017 1091 1096 confingi,
1108 1018 1132 1086 si
1158 1016 1216 1078 hoc
1243 1017 1382 1080 iudicium

103 1103 276 1204 contemnis²
306 1125 335 1180 et
356 1113 436 1180 arma
459 1118 551 1181 habes
573 1120 679 1200 quibus
701 1128 730 1182 te
752 1119 909 1185 undeunde
938 1118 1101 1200 paricidam
1130 1117 1279 1180 incumbat
1306 1120 1384 1180 tueri

102 1220 227 1296 cogitas?
257 1227 285 1280 at
305 1221 330 1280 si
352 1212 431 1282 hunc
453 1221 614 1293 Cesaram,
642 1223 697 1286 laos
718 1224 867 1302 principes
889 1222 1050 1302 despicatui
1072 1219 1178 1291 habes,
1207 1228 1236 1282 et
1258 1219 1383 1284 Gallicas

102 1329 198 1382 matra
221 1339 276 1384 nos
297 1329 399 1399 gentes
413 1325 549 1394 armasti,
573 1331 602 1385 et
616 1324 761 1386 Helvetios
780 1324 908 1395 invehis,
931 1323 1016 1404 quid,
1039 1324 1173 1403 inquam,
1196 1321 1285 1384 rerba
1300 1323 1379 1394 lacis,

102 1421 214 1484 umlril
235 1424 300 1488 iure
321 1425 432 1501 cogdas
453 1423 602 1497 obtinere,
632 1407 683 1488 sad
712 1427 767 1487 vim
797 1442 832 1487 ac
860 1427 994 1490 iniuriam
1022 1424 1107 1487 nobis
1135 1424 1280 1486 obveutst
1307 1431 1337 1486 et
1358 1426 1449 1486 sisso.

77 1523 165 1586 renuit
190 1523 283 1606 habes
304 1527 488 1606 propositum
510 1526 587 1588 aliud
601 1515 699 1607 ‘quiam
722 1527 800 1608 quod
822 1530 852 1590 in
875 1527 1020 1590 excidium
1042 1529 1143 1606 patria
1165 1545 1200 1588 ac
1219 1528 1383 1590 communis

79 1595 262 1688 memmio
282 1629 445 1711 perniciem
473 1619 600 1698 recidat,
630 1629 723 1690 homo
748 1630 902 1708 desperate
929 1649 963 1692 ac
991 1637 1155 1692 extremum
1183 1629 1310 1709 perdite,
1341 1630 1382 1690 sic

101 1744 149 1790 nos
170 1737 361 1792 contemnere
381 1731 516 1810 potuisti,
539 1738 572 1794 ut
593 1732 650 1792 tuis
671 1732 733 1792 istis
755 1731 868 1794 auxiliis
889 1733 959 1796 satis
981 1733 1155 1794 instructum
1177 1739 1207 1793 te
1222 1729 1380 1792 arbitrare·

101 1829 151 1898 ris,
175 1831 226 1910 qui
249 1831 385 1894 omnibus
407 1835 504 1907 ompia
527 1840 719 1913 extorqueres
736 1851 771 1896 ac
788 1835 936 1912 eriperes?
958 1835 995 1895 llt
1009 1833 1062 1894 tibi
1077 1851 1132 1911 ego
1148 1833 1272 1896 vicissim
1287 1832 1449 1897 terimam

100 1929 167 1992 nihil
189 1933 306 1994 ominer
327 1949 415 2012 quam
437 1935 515 2014 quod
529 1951 684 2000 summum
707 1935 817 1998 malum
838 1937 992 1998 imminere
1014 1935 1065 1998 tibi
1088 1936 1172 1997 scias.
1212 1941 1273 1996 tota
1296 1935 1380 1998 undi-

74 2048 154 2112 uque
175 2033 332 2096 Germania
359 2036 409 2115 qui
437 2035 587 2098 rabiosum
614 2055 717 2098 canem
739 2037 896 2118 occiderit,
925 2037 1070 2118 publicam
1093 2039 1217 2116 gratiam
1240 2035 1307 2110 init,
1331 2035 1382 2098 ali·

101 2143 167 2214 quot
186 2134 260 2196 locis
281 2138 434 2215 praemium
457 2156 573 2218 quoque
595 2141 701 2202 refert:
724 2139 761 2218 de
782 2146 812 2202 tc
834 2140 964 2204 litturum
988 2139 1056 2218 quid
1086 2129 1187 2218 parlasi
1215 2155 1302 2217 quem
1333 2139 1382 2217 qui

101 2238 253 2308 occiderit,
285 2257 372 2318 quam
396 2241 483 2304 inissa
505 2242 644 2320 gratiam,
676 2241 755 2320 quod
785 2243 928 2303 meruisse
956 2242 1109 2319 praemium
1133 2240 1296 2301 censendus
1319 2240 1381 2300 esti
1413 2233 1416 2240 ’
1479 2235 1482 2240 ’

101 2329 234 2400 curn'tua
256 2339 356 2402 rabies
376 2360 436 2404 nou
459 2361 495 2404 aa
521 2343 557 2404 sit
585 2361 650 2426 quae
671 2357 764 2405 unum
787 2349 837 2404 aut
858 2341 982 2405 alterum
1004 2342 1154 2404 homiuem
1181 2348 1231 2402 aut
1259 2341 1381 2402 bestiam

101 2449 237 2504 reueuato
258 2461 360 2505 morsu
382 2443 523 2508 iniectum
544 2445 663 2515 reddet,
690 2445 742 2506 sed
764 2445 789 2506 is
811 2443 895 2506 liuor
917 2462 976 2524 quu
998 2443 1113 2505 sublato
1140 2427 1258 2522 publica
1281 2445 1381 2522 perni-

72 2543 157 2604 acies
177 2563 279 2607 aversa
301 2547 351 2616 sit,
381 2565 415 2610 ea
441 2545 606 2630 pestilentia
628 2565 685 2626 qua
708 2544 828 2625 depulsa
851 2548 981 2608 omnium
1003 2547 1068 2608 vnae
1095 2563 1131 2608 ac
1157 2545 1283 2608 fortunis
1311 2563 1380 2625 pro·

100 2651 237 2722 spectum.
281 2645 474 2726 quamobrem
502 2648 673 2711 defuturum
699 2657 785 2728 putas
812 2649 862 2728 qui
889 2647 1123 2728 pulcherrimum
1151 2647 1264 2709 lacinus
1299 2648 1450 2715 adiretur.

101 2748 188 2808 ausiti
211 2747 255 2810 rel
277 2750 308 2818 in
330 2755 410 2813 tanto
431 2723 583 2812 hominuln
607 2768 748 2822 numero,
777 2757 821 2812 tot
841 2751 1008 2813 fortissimis
1031 2751 1100 2812 uiris
1127 2767 1187 2836 nun
1217 2749 1380 2812 invenietur

101 2850 147 2926 qui
166 2869 214 2919 se,
238 2851 288 2930 qul
310 2853 449 2930 patriam,
474 2854 524 2931 qui
545 2855 676 2916 omniurn
699 2853 822 2914 salutern
845 2859 1047 2938 conservatam
1070 2850 1155 2914 veliti
1184 2852 1274 2912 immo
1296 2850 1381 2913 dubi·

101 2955 160 3010 tare
179 2959 264 3028 potes
285 2952 428 3033 plurimos
450 2972 515 3016 esse
537 2957 587 3034 qui
609 2955 666 3018 lroc
688 2955 744 3016 iam
768 2955 969 3024 decreverint,
993 2955 1043 3032 qui
1066 2945 1243 3018 tibicaed'em
1258 2953 1381 3016 molian-

74 3057 159 3120 atur.
180 3053 283 3130 quiin
306 3062 389 3116 tuum
412 3057 530 3118 exitium
553 3064 669 3136 paratas
691 3065 804 3118 mentes
825 3075 860 3118 ac
882 3074 986 3120 manua
1006 3054 1149 3126 habeant,
1173 3057 1222 3134 qui
1244 3063 1302 3116 tum
1324 3056 1381 3118 iam

102 3153 200 3214 terrici
221 3156 408 3226 immineant,
429 3164 481 3218 tuo
504 3158 603 3236 iugulo
625 3159 922 3234 lunestosintentem
943 3157 1071 3236 gladios?
1099 3165 1149 3218 ant
1179 3175 1211 3220 ea
1235 3175 1266 3218 es
1289 3158 1448 3219 cena-ese.

102 3252 208 3326 denda,
232 3264 265 3318 ut
287 3275 377 3318 unum
400 3266 429 3320 te
452 3260 588 3322 omnibus
610 3259 766 3332 sufficere,
796 3268 899 3322 contra
927 3259 1076 3340 publicum
1106 3259 1205 3322 odium
1234 3260 1380 3320 munitum

102 3357 167 3417 satis
187 3360 290 3436 puteal
312 3366 460 3432 memento
482 3370 579 3424 autem
601 3361 678 3425 illius
700 3363 811 3441 tragici,

244 3461 281 3522 Et
304 3463 354 3541 qui
375 3461 412 3524 ab
435 3479 494 3525 uno
518 3481 576 3526 non
599 3471 695 3542 potest
717 3465 826 3532 occidi,
850 3483 866 3524 a
889 3462 987 3526 multis
1009 3463 1167 3524 occiditur:

75 3581 96 3622 rr
245 3562 372 3641 Elephas
394 3565 514 3644 grandis
536 3573 595 3636 est,
619 3573 649 3628 et
669 3565 822 3642 occiditur,

104 3729 297 3748 ..ψ-

168 3833 187 3867 ¹⁸
204 3837 272 3902 quod
290 3841 320 3886 rt.
337 3840 369 3886 at
387 3838 411 3887 1.
463 3833 485 3868 ¹³
504 3837 561 3888 Imo
579 3841 605 3888 2.
674 3821 777 3888 ‘lauti
795 3840 819 3889 t.
840 3852 891 3903 age
910 3843 1022 3892 cormfl.
1091 3829 1203 3902 tragici]
1222 3833 1312 3888 Velim
1330 3835 1398 3886 hos·
1453 3895 1457 3904 p

105 3931 204 3982 versus,
231 3923 277 3986 qui
301 3937 344 3972 me
367 3921 414 3972 diu
437 3921 514 3972 male
531 3920 686 3974 habuerunt
709 3921 796 3974 donec
818 3921 956 3988 Hauptius
975 3937 1051 3975 meus
1074 3927 1142 3988 aput
1159 3921 1210 3972 Iul.
1230 3919 1378 3988 Capitolia.

106 4003 150 4052 vit
160 4003 328 4058 llaximinor.
343 4022 366 4057 c.
379 4005 404 4057 9.
418 3991 465 4057 'eos
482 4005 631 4072 reperiret,
651 4021 711 4057 cum
730 4005 831 4072 lapidis
849 4007 951 4073 sculpti
962 4009 1080 4074 pictsere
1093 4005 1195 4058 tabulae
1209 4009 1379 4077 epigramma

107 4087 187 4152 potius
204 4105 284 4157 quam
301 4091 366 4142 huic
384 4089 582 4142 declamationi
600 4077 764 4142 exornandae
784 4093 842 4157 upti
859 4093 1018 4154 videantur,
1043 4107 1098 4144 noa
1121 4093 1261 4160 recepisse
1278 4093 1378 4144 liutte-

107 4185 174 4238 nuro,
191 4178 235 4242 qui
253 4178 277 4228 ei
295 4192 331 4228 ex
347 4177 409 4243 ipso
427 4175 585 4243 Capitolino
604 4176 713 4228 eosdem
731 4177 936 4242 descripsisset,
963 4178 1158 4228 commodiores
1181 4177 1216 4228 ad
1233 4182 1378 4243 tyrannum

108 4255 294 4326 depingendum
314 4261 420 4314 colores
437 4261 503 4314 inda
521 4262 574 4312 sibi
592 4277 697 4314 sumere
715 4265 834 4328 poterat.
870 4261 1043 4330 Capitolinus
1066 4265 1160 4329 itaque
1183 4268 1326 4328 postquam
1344 4262 1378 4312 (le

109 4339 257 4410 Maximino,
277 4347 325 4412 qui
343 4347 437 4397 occiso
454 4337 609 4398 Alexandro
627 4347 766 4414 Augustus
784 4345 819 4396 ab
839 4347 962 4397 exercitu
984 4347 1140 4413 appellatus
1163 4352 1217 4410 est,
1243 4345 1300 4398 alis
1318 4361 1378 4412 quae

110 4425 140 4475 td
154 4431 299 4498 principem
318 4417 584 4498 Virtembarpensem
596 4433 711 4482 trahere
731 4437 794 4497 apte
812 4437 922 4496 poterat
939 4431 1089 4496 Huttenus,
1109 4431 1216 4482 rettulit
1234 4431 1378 4496 ‘Denique'

110 4508 187 4576 inquit
207 4516 275 4566 ‘cum
298 4515 480 4570 immortalem
503 4532 533 4568 se
556 4533 641 4584 propa
660 4517 785 4568 eraderet
807 4515 841 4566 ob
858 4517 1074 4582 magnitudinem
1097 4515 1215 4584 corporis
1233 4516 1276 4566 sui
1293 4515 1377 4566 uirtu-

109 4595 198 4662 tisque,
220 4603 319 4654 mimus
341 4601 450 4666 quidam
474 4601 502 4652 in
523 4598 632 4654 theatro
654 4600 862 4666 praesenteillo
885 4602 986 4653 dieitur
1005 4617 1101 4656 versus
1125 4603 1237 4657 Graecos
1264 4599 1377 4662 dixisse,

111 4693 208 4742 quorum
224 4687 283 4738 lrsrc
302 4691 365 4738 erat
381 4687 485 4736 Latina
502 4687 640 4739 sententis
657 4685 692 4736 Et
711 4685 802 4753 padul
819 4703 868 4738 uno
887 4703 937 4738 noa
951 4693 1038 4752 pateat
1051 4689 1121 4738 .....'
1152 4685 1264 4738 Graecos
1282 4697 1377 4736 versus

112 4768 239 4820 restituere
256 4770 374 4822 diversis
391 4770 477 4822 modis
494 4776 664 4838 temptarunt
681 4770 844 4835 Salmasius,
864 4771 1061 4836 casaubonus,
1077 4771 1135 4822 alii.
1164 4801 1168 4810 ·

1103 4839 1243 4918 ὖ*”
