3468 5512
428 456 431 469 ι
482 421 543 481 cal.
558 445 615 482 avr.
629 447 664 482 or
678 445 745 482 esua
760 446 1000 482 rossemanno.
1048 441 1055 450 '
1307 417 1380 488 449

103 598 167 660 nihil
189 599 244 662 sibi
266 601 412 670 consistit,
435 599 515 662 nulla
529 599 742 681 tranquillitas,
766 601 897 662 sedatum
915 598 995 671 nihil,
1019 599 1135 661 turbata
1157 605 1263 663 omnia.
1293 619 1380 682 quam
1393 619 1438 670 aa.

103 703 230 780 corporis
258 703 507 773 immutationem,
536 702 740 764 membrorum
768 704 993 765 concitationem
1024 721 1059 764 ac
1087 703 1267 782 compaginis
1296 704 1384 768 huius

103 804 325 882 quassationem,
350 821 511 883 omnesque
533 804 586 865 has
608 804 710 865 turbas
740 850 1384 869 .............

103 949 110 963 .
151 951 158 965 .
203 953 210 966 .
253 925 263 966 ι
307 951 635 968 .......
652 917 687 968 ’.
727 907 872 986 quendam
895 908 978 986 quasi
999 908 1254 986 supervenientem
1277 911 1384 990 pietate

84 1023 216 1084 cgravcm
238 1025 273 1068 ac
294 1011 405 1070 meritis
428 1011 537 1078 virum,
566 1026 668 1072 senem
690 1027 724 1070 ac
745 1008 922 1089 prudentem
944 1016 975 1070 et
994 1009 1142 1088 primarias
1169 1009 1199 1071 in
1228 1008 1381 1088 republica

102 1109 290 1179 auctoritatis,
315 1111 381 1190 qui,
411 1117 444 1173 ut
464 1111 513 1173 ille
536 1113 589 1180 ait,
614 1117 707 1188 ‘regat
728 1111 814 1172 dictis
836 1112 949 1172 animos
971 1117 999 1172 et
1021 1117 1140 1191 pectora
1163 1111 1313 1182 mulceat:
1337 1115 1380 1174 sic

101 1210 280 1273 intercedere
304 1213 382 1274 enim
405 1213 560 1274 commotis
582 1211 719 1272 omnibus
741 1212 847 1282 salem,
876 1215 926 1293 qui
949 1215 1092 1275 concitata
1114 1213 1210 1284 sedet,
1240 1214 1383 1294 dirempta

102 1313 177 1373 uniat
198 1331 234 1373 ac
256 1322 427 1383 connectat,
451 1316 588 1376 distracta
611 1315 763 1383 revinciat,
793 1313 909 1375 turbata
930 1315 1116 1395 tranquillet,
1142 1315 1282 1378 omnihus
1304 1319 1385 1395 quie·

102 1421 169 1484 tern,
193 1415 380 1478 securitatem
403 1417 540 1477 omnihus
561 1415 693 1486 inducat,
717 1417 919 1493 astringendo,
949 1423 982 1478 ut
1004 1417 1079 1489 dixi,
1108 1417 1298 1488 desiccaudo,
1323 1417 1384 1478 alli·

76 1517 213 1591 tugando,
244 1525 272 1578 et
293 1517 494 1598 depurgando.
538 1517 598 1579 lam
621 1516 733 1579 Plinius
755 1525 892 1596 quantam
922 1526 951 1579 et
978 1535 1067 1597 quam
1094 1521 1289 1582 necessariam
1317 1520 1441 1582 saliats.

103 1619 155 1678 rim
177 1618 336 1682 arbitratus
357 1627 417 1682 est:
441 1619 520 1682 ‘Sine
543 1619 611 1680 sale’
635 1621 730 1699 inquit
752 1621 817 1680 ‘vita
839 1619 996 1681 humanior
1018 1621 1125 1700 degere
1149 1619 1266 1700 nequit'.
1303 1621 1382 1700 Ergo

102 1861 161 1922 cati,
180 1864 230 1911 ons
247 1858 279 1923 ist
298 1856 347 1910 alit
364 1857 526 1923 ttribtctltiqs
542 1863 573 1910 to
589 1865 638 1910 ton
655 1859 699 1911 otte
713 1857 773 1921 tina
792 1857 853 1922 [rim
868 1856 990 1921 ascedant
1008 1855 1045 1912 mi
1057 1853 1183 1925 anstites,
1201 1859 1281 1924 metha
1299 1869 1441 1920 omen-§.a

100 1947 189 2006 terunq
206 1939 244 1996 ori
261 1940 573 2008 trecasinensem
592 1938 717 2008 silitum
739 1949 787 1995 unt
810 1944 853 1996 otte
875 1949 961 1996 onom
981 1943 1031 2004 siis
1052 1943 1114 2008 [qur
1136 1940 1172 1997 ori
1194 1943 1326 2010 onqcltirm
1341 1951 1383 2010 aaa

102 2026 157 2091 latta
174 2027 221 2080 mie
238 2028 278 2080 eta
296 2025 475 2091 omadoitiqet
492 2041 550 2080 non
569 2028 648 2093 tritten
667 2028 717 2080 ica
734 2023 768 2084 cai
783 2029 936 2091 mirmiram,
960 2029 1006 2080 mit
1032 2025 1096 2102 [dot
1117 2035 1201 2081 scaren
1223 2027 1257 2082 mi
1279 2030 1383 2095 reintqi,

76 2107 136 2164 carri
152 2112 234 2177 [paiqt
252 2114 308 2177 oud
324 2112 431 2178 plinius
446 2119 488 2175 oca
504 2113 543 2166 oie
559 2112 661 2178 mmihi
679 2125 712 2166 m
730 2112 787 2176 [atq
805 2111 842 2180 oq
856 2117 926 2164 cutm
949 2113 990 2166 nit
1011 2112 1079 2166 tetro
1101 2108 1201 2177 atain,
1222 2112 1299 2167 scrib
1317 2115 1441 2179 [ramas.

101 2195 132 2259 [ie
148 2195 171 2260 [a
186 2204 233 2250 sos
251 2197 309 2262 [otta
327 2197 396 2265 [uolt
414 2197 458 2250 atr
472 2197 532 2262 tiaq
549 2197 666 2261 temeret,
690 2197 736 2250 mie
759 2197 827 2250 loon
850 2210 875 2250 rs
895 2202 944 2249 tun
963 2197 990 2249 ia
1007 2197 1069 2262 riser
1087 2207 1186 2264 attaurp
1203 2198 1305 2264 [mettid
1323 2198 1383 2266 lein,

164 2399 171 2432 ¹
190 2401 215 2462 ἃ.
230 2399 255 2452 3.
275 2407 301 2450 ut
319 2405 344 2451 la
362 2402 421 2452 edd.
434 2408 533 2466 proeter
545 2403 569 2452 8.
588 2401 699 2452 omnibus
710 2403 802 2466 lepitur
813 2398 857 2466 [td
866 2407 904 2452 eat
921 2407 949 2450 ut
965 2415 1012 2452 aot
1024 2415 1121 2468 quoque
1133 2401 1245 2452 ἀιάἰηιια
1257 2404 1307 2452 alsi
1317 2403 1386 2469 quor!

99 2485 162 2535 inter
173 2487 279 2548 turbae,
298 2491 324 2536 et
335 2485 471 2551 quendam
483 2501 579 2537 ceram
591 2503 663 2535 unum
674 2489 789 2550 plumesce
808 2486 935 2536 excidisse
944 2485 1045 2549 punctis
1061 2485 1219 2551 interpositis
1234 2487 1385 2552 siqaifieaui·

99 2585 155 2634 m,
165 2579 243 2638 atque
253 2571 437 2630 auctoritatis,
448 2571 495 2637 qui
505 2573 565 2634 (aon
577 2587 630 2621 mma
641 2571 700 2622 edd.
712 2569 892 2620 auctoritatis.
912 2568 976 2632 Qui)
988 2562 1141 2634 scripsimus,
1152 2571 1244 2621 deinde
1253 2571 1398 2637 mulceat„

100 2655 137 2704 sic
154 2656 376 2707 intercedentem
394 2671 488 2706 comm.
506 2659 533 2706 la
551 2655 685 2706 mulceat:
703 2657 744 2705 sic
762 2654 913 2705 interced'e
925 2650 967 2706 eu‘t
986 2651 1168 2720 [intercedere
1182 2651 1267 2723 euim]
1288 2663 1383 2708 comm.

98 2738 254 2806 mambrae]
272 2743 343 2790 sciaris
360 2743 506 2792 inconcinne
524 2745 657 2806 conposita
673 2747 712 2791 ert
730 2757 802 2807 quarn
825 2747 851 2790 ut
869 2741 1006 2790 Hutteaum
1026 2741 1064 2789 aie
1086 2741 1130 2790 edi
1150 2744 1255 2792 coluisse
1270 2749 1385 2806 parem

100 2821 144 2882 (ci.
158 2825 211 2875 vol.
226 2825 250 2874 Ι.
264 2841 289 2890 p.
303 2825 382 2887 Yth).
417 2826 529 2875 arcendum
547 2831 574 2874 ut
588 2826 663 2890 potui
678 2829 780 2886 sustuli,
804 2841 853 2875 non
877 2808 949 2891 qusai
970 2827 1027 2889 ipae
1044 2825 1154 2874 Huttcrrt‘
1173 2825 1251 2876 uerba
1268 2831 1385 2878 restitue-

98 2909 154 2968 rba,
172 2909 221 2958 hoc
239 2912 326 2960 modo:
345 2910 434 2972 Quam
447 2936 477 2946 -
491 2935 524 2945 —-
538 2935 564 2944 -
581 2891 676 2960 tfirhas
693 2913 747 2959 sale
764 2912 853 2960 sedari
866 2927 943 2976 posce
962 2928 1012 2962 aon
1024 2913 1084 2961 nulli
1101 2913 1183 2972 uiant,
1204 2927 1251 2977 quo
1270 2912 1383 2964 adibito

97 2994 198 3043 silerent
216 3009 249 3044 ac
265 2999 289 3044 et
306 2996 500 3058 conspemiasent
517 2993 651 3060 quendam
671 2995 750 3060 quasi
763 3021 794 3029 —
808 3021 840 3030 —
853 3024 884 3032 -
898 2996 944 3060 qui
954 3023 989 3032 —
1000 3023 1032 3032 -
1046 2995 1179 3046 mulceat:
1204 2996 1244 3046 sic
1263 2997 1383 3048 interce-

98 3075 159 3128 dere
178 3081 250 3129 anim
273 3076 438 3148 [interced'e
454 3077 505 3145 eni]
525 3095 619 3130 comm.
638 3085 663 3129 et
677 3097 698 3129 r.
719 3079 751 3129 Ia
770 3081 794 3130 8.
812 3082 850 3130 sic
867 3087 921 3130 est:-
943 3079 1038 3130 turbas
1056 3080 1171 3144 quodam
1189 3079 1267 3145 quasi
1290 3096 1383 3147 super-

96 3164 223 3213 veniente
241 3164 345 3229 pietate
363 3165 443 3230 gravi
459 3178 493 3214 ac
511 3164 615 3214 meritis
633 3166 691 3214 uiro
710 3180 773 3213 serre
792 3179 825 3214 ac
843 3164 976 3231 prudente
994 3169 1021 3215 et
1039 3166 1177 3230 primariae
1196 3165 1224 3214 in
1241 3165 1385 3231 republica

99 3248 289 3312 authoritatis,
314 3251 370 3299 tolli
385 3249 507 3313 contiapit
525 3251 581 3299 dum
598 3254 679 3314 regat
744 3249 784 3298 sic
803 3249 1020 3300 intercedentem
1039 3249 1180 3300 commotis
1198 3256 1247 3300 etc.
1282 3250 1384 3314 Aperte

97 3347 130 3382 ex
151 3334 267 3398 Verqt'b'o
286 3330 562 3399 (Aen.l.148.sqq.)
581 3333 777 3397 cooperationes
794 3334 953 3397 oefflitudinh
970 3335 1088 3398 corporis
1104 3350 1136 3384 ae
1158 3333 1317 3397 reipublterc,
1341 3349 1382 3383 aa·

98 3419 127 3465 lla
145 3434 176 3468 cc
191 3419 236 3484 pii
250 3420 402 3470 consultoris
418 3421 524 3484 craspeit
541 3419 676 3476 Iduttenus,
696 3435 726 3468 ac
743 3419 766 3466 ai
785 3415 927 3468 ‘deroicwn'
939 3416 1081 3482 ‚scriberem
1100 3433 1156 3466 uam
1173 3419 1211 3468 illi
1226 3424 1299 3467 aunt:

299 3504 339 3554 llc
357 3503 445 3554 veluti
463 3518 563 3569 magno
581 3503 609 3553 iu
628 3501 727 3568 populo
746 3517 806 3552 cum
824 3517 899 3567 eaepe
918 3501 1059 3553 cohortaat

297 3589 411 3650 Seditio,
429 3589 550 3654 amodque
567 3589 654 3638 maianis
672 3585 778 3652 ipnchite
795 3589 895 3650 colpus,-

298 3673 410 3740 Iamqua
428 3673 507 3724 laces
525 3677 553 3722 et
570 3687 638 3722 saxa
656 3671 763 3736 volunt,
785 3671 858 3722 luror
877 3686 954 3720 arma
971 3671 1120 3722 ministrat:

297 3759 366 3808 Tum
381 3763 479 3822 pietate
496 3773 596 3822 qrmrem
613 3773 644 3807 uc
661 3757 756 3807 aseritis
773 3755 797 3806 si
816 3757 885 3806 forte
902 3758 980 3806 cirum
998 3771 1076 3822 qnam

298 3827 487 3910 Conspexere,
507 3841 591 3892 silent
609 3842 779 3907 arrectisque
798 3839 910 3890 auribus
930 3839 1055 3902 edetant;

297 3927 348 3978 Ille
367 3929 434 3994 repit
451 3929 527 3978 dietis
543 3928 639 3977 aalma
656 3931 681 3976 et
698 3933 805 3991 pectora
822 3929 923 3975 nrulret:

298 4011 343 4062 Sic
361 4017 475 4063 cunctus
494 4011 588 4077 pelagi
606 4011 708 4061 cecidit
726 4009 820 4076 fragor
837 4016 863 4059 et
875 4026 896 4059 e.

97 4093 153 4146 Nori
169 4098 226 4146 aine
244 4097 351 4163 quodum
369 4103 427 4146 arte
444 4095 586 4146 Muraena
603 4099 680 4146 lorum
699 4112 715 4146 a
732 4111 759 4145 sc
778 4111 826 4144 non
844 4097 993 4145 intellectum
1010 4095 1069 4144 inde
1091 4111 1108 4144 a
1129 4093 1212 4144 oerhia
1234 4093 1307 4149 haud
1330 4093 1382 4145 ali-

96 4185 138 4230 ter
155 4183 181 4230 tn
200 4179 300 4230 treotm
324 4185 462 4231 contradat.
508 4179 622 4230 Ttmma'aa
639 4183 691 4229 stc:
713 4177 796 4241 meldos
814 4173 1094 4248 teioermctntcunq
1117 4177 1168 4232 unt
1187 4176 1380 4249 briditterunq

98 4264 138 4318 tet
156 4263 263 4320 elieser
281 4263 323 4318 tet
336 4263 459 4330 illepublir
478 4263 525 4318 mit
544 4263 609 4318 oden
628 4264 724 4318 antem
742 4263 885 4333 carrubiqm
898 4262 1087 4332 benequnqrn,
1108 4259 1202 4324 lohonn
1221 4262 1291 4330 hurd>
1310 4263 1380 4319 oinct

96 4343 350 4420 Gottetdiirdptiqen
414 4347 531 4420 utuiqe
550 4347 637 4402 diebus
660 4347 794 4402 mittemur
817 4346 917 4417 qeqtuet
938 4347 1049 4412 metten,
1073 4345 1156 4401 intem
1175 4345 1251 4412 ticlrr
1268 4347 1306 4401 tie
1325 4347 1380 4412 ouh

95 4427 197 4504 tibriqe
207 4428 346 4497 (ltembtbet
359 4433 461 4496 heburti
475 4447 531 4500 qum
541 4429 677 4497 &titillent
690 4431 788 4503 brinqct
801 4431 851 4486 unt
865 4431 919 4496 itte
928 4431 1027 4500 Sparten
1039 4427 1208 4503 hellulitiqet:
1221 4431 1281 4494 tillo
1294 4431 1380 4504 brings

95 4517 151 4583 aud)
176 4519 225 4574 tot
243 4516 329 4584 molt,
351 4527 427 4574 torna
451 4517 499 4571 ohe
520 4515 607 4582 ttrite
631 4514 971 4581 rectractationum,
996 4516 1041 4569 hen
1064 4513 1201 4578 &titillant
1224 4516 1298 4570 toric
1323 4515 1380 4571 noir:
1468 4585 1471 4594 1

95 4602 169 4658 trum
187 4615 218 4670 au
235 4615 300 4674 totqe
318 4609 343 4653 et
354 4619 377 4654 c.

161 4687 173 4720 ⁸
192 4687 370 4738 authoritatis
388 4691 444 4737 Μ’.
496 4685 506 4718 l
524 4685 548 4735 si
567 4685 782 4736 intercedentem
802 4687 828 4736 3.
855 4683 896 4749 ⁴¹⁰
912 4683 994 4752 Pliu.]
1013 4685 1048 4735 H.
1060 4685 1093 4736 N.
1106 4685 1206 4735 XXXI.
1220 4685 1243 4733 t.
1258 4689 1324 4733 Suel.
1339 4683 1380 4733 41.

95 4773 190 4836 „Ergo
209 4771 321 4822 hercule
339 4773 398 4822 vita
415 4771 558 4821 humanior
576 4771 634 4845 sine
653 4770 711 4820 sale
730 4785 784 4820 uon
803 4772 861 4836 quit
879 4771 1005 4836 degere''⁸

154 4857 287 4908 Hvrmesr
301 4856 369 4907 Ore.
383 4872 446 4907 voc.
461 4857 492 4906 V.
1120 4855 1160 4915 29
