3468 5512
290 483 351 526 Qu
364 481 447 518 011οΑ
459 480 564 518 VlcTVH
577 480 646 516 rost·
659 479 838 517 cvnartoltn
852 477 925 514 abac
938 477 1102 514 hartman
1115 475 1280 514 coartatur.
1352 445 1424 518 489

139 645 192 698 aut
212 637 360 702 interdum
382 637 483 698 decem
506 653 563 696 nna
587 653 669 696 crena
691 635 797 696 missus
818 633 1034 712 importandcs:
1058 635 1164 700 mhum
1187 639 1232 694 est
1246 634 1325 696 enim
1339 651 1426 713 quan

141 740 207 802 hec
230 739 343 810 abunt,
367 757 426 800 non
448 737 601 800 stomacho
622 743 749 805 mutum,
773 737 824 797 sed
847 737 1003 814 digestioni
1026 737 1113 796 etiam
1136 737 1288 798 universa.
1325 735 1497 820 ltaquesm.

139 840 214 908 iilud
236 841 344 904 iterum
366 839 471 904 eodem
492 839 530 900 ab
552 839 677 904 authore
698 838 889 916 repetendum
912 837 991 917 quod
1013 839 1053 900 ait
1068 848 1265 916 ‘summopere
1281 839 1427 902 vitandam

140 941 350 1006 alimentorum
372 945 558 1016 uarietatem,
581 941 745 1018 praesertim
767 941 923 1002 conti-arie
946 939 996 1002 uhi
1019 940 1128 1000 luerint
1149 940 1178 1000 in
1201 941 1243 1000 eis
1258 939 1427 1002 facultates:

117 1063 211 1108 auam
233 1063 300 1123 quaa
320 1047 364 1106 sic
384 1046 573 1122 ingeruntur,
597 1043 781 1104 concoctioni
803 1041 961 1102 resistuut'.
999 1031 1092 1120 ¹atque
1115 1041 1172 1104 hoc
1194 1043 1323 1104 sentiunt
1343 1043 1428 1110 Gele-

138 1164 197 1208 nus
219 1153 249 1208 et
269 1147 430 1208 Ariceunas
451 1163 614 1223 omnesque
637 1145 825 1206 emunctioris
847 1144 876 1202 in
898 1142 1042 1210 medicina
1065 1143 1172 1204 iudicii.
1218 1142 1334 1208 Catonis
1349 1145 1496 1224 apudque.

139 1249 313 1310 Ciceronem
336 1253 516 1327 preceptum
537 1253 597 1316 est,
629 1252 751 1306 ‘tantum
779 1245 836 1306 cibi
864 1263 899 1306 ac
921 1246 1047 1324 potionis
1068 1244 1267 1330 adhibendum
1290 1265 1369 1318 ease,
1398 1255 1430 1310 ut

138 1351 311 1412 reficiantur
343 1351 434 1418 vires,
466 1365 527 1408 non
560 1349 646 1410 etiarn
679 1347 901 1426 opprimantur'.
946 1345 1044 1416 Ouare
1077 1353 1109 1408 ut
1137 1345 1297 1426 plurimum
1324 1347 1429 1425 leniter

139 1451 347 1531 prandendum
370 1451 574 1531 Xenophontis
596 1449 734 1528 oonsilio,
762 1455 795 1510 ut
816 1450 855 1508 sit
875 1447 1009 1510 videlicet
1030 1447 1114 1520 locus
1137 1467 1236 1510 coenaa
1281 1449 1370 1514 Plane
1393 1472 1428 1514 ex

104 1552 200 1618 inillis
233 1561 277 1616 est
309 1555 357 1616 hic
388 1552 526 1623 morbus,
559 1569 635 1630 quos
665 1569 699 1612 ex
733 1550 914 1630 plenitudiue
948 1551 1103 1629 provenire
1131 1549 1259 1614 Galenus
1286 1561 1427 1617 autumat.

139 1654 221 1733 quod
243 1657 286 1718 sic
307 1653 527 1735 intelligendum
550 1661 608 1722 est.
638 1670 698 1714 non
720 1659 752 1713 ut
774 1671 877 1714 omnes
899 1654 948 1730 qui
971 1653 999 1712 in
1023 1651 1141 1731 crapula
1171 1653 1295 1732 degunt,
1321 1657 1498 1727 morbosae.

139 1758 240 1818 statim
255 1755 367 1820 Gallico
390 1757 534 1821 obnoxios
549 1757 614 1818 fieri
629 1755 802 1824 existimem,
825 1772 993 1833 quanquam
1008 1753 1107 1816 morbi
1122 1755 1177 1816 bos
1191 1765 1312 1818 manent
1327 1759 1428 1838 quiqui

139 1858 200 1918 sint
221 1860 400 1935 gravissimi,
431 1858 483 1920 sed
512 1877 547 1918 eo
576 1858 667 1936 siquis
694 1863 762 1916 ante
783 1855 974 1924 laboraverit,
1004 1859 1028 1918 si
1051 1857 1283 1936 intemperanter
1305 1860 1372 1922 edat
1393 1879 1428 1922 ac

138 1957 238 2030 hibat,
260 1960 394 2024 recidere
416 1946 485 2022 illuc
507 1961 681 2022 necessario.
726 1959 826 2038 ltaque
849 1958 932 2020 cibus
953 1959 1123 2020 adsumatur
1145 1977 1242 2038 noque
1265 1962 1361 2024 varius
1376 1981 1496 2032 umnec.

104 2080 201 2140 reque
222 2061 345 2131 multus,
370 2079 428 2140 quc
450 2080 488 2124 ne
510 2068 651 2123 oneretur
672 2061 841 2122 stomachus
863 2067 891 2120 et
913 2061 1089 2138 impediatur
1110 2061 1247 2140 digestim
1276 2063 1383 2126 deinde
1405 2067 1430 2126 is

142 2163 213 2242 qui,
235 2170 271 2234 ut,
289 2165 405 2234 monui,
429 2170 571 2225 concocta
594 2161 688 2224 lacills
709 2165 760 2224 sit:
791 2161 955 2223 ‘difficulter
978 2161 1178 2241 perficiuntur?
1201 2162 1312 2224 Plinius
1334 2167 1430 2246 inquit

140 2267 249 2328 ‘omnia
270 2267 300 2326 in
323 2265 396 2326 cibis
417 2267 513 2336 acria,
541 2266 629 2327 nimia
651 2271 681 2325 et
708 2262 791 2324 avide
818 2263 937 2334 hausta,
967 2270 996 2324 et
1022 2265 1053 2324 in
1082 2269 1180 2326 aestate
1209 2284 1296 2344 quam
1324 2267 1429 2349 hyeme

139 2365 304 2436 difficilius,
333 2387 367 2428 ac
391 2369 420 2428 in
442 2375 557 2429 senecta
578 2373 669 2445 'quam
691 2367 720 2425 in
743 2363 877 2426 iureuta'.
922 2364 1006 2454 Apud
1030 2363 1202 2427 Ciceronem
1227 2376 1270 2430 est
1292 2369 1358 2440 ‘Oui
1379 2389 1428 2432 ca·

137 2475 187 2528 ret
209 2469 304 2548 epulis
326 2469 524 2547 extructisque
546 2469 655 2550 mensis
678 2473 707 2528 et
729 2465 933 2546 frequentibus
953 2465 1080 2544 poculis,
1104 2474 1185 2546 capet
1207 2470 1274 2530 item
1299 2472 1427 2534 vinolen-

101 2571 197 2639 actia,
227 2569 369 2632 cruditate
392 2579 421 2630 et
443 2569 611 2630 insomniis'.
656 2567 728 2638 Quia
752 2576 848 2628 autem
871 2569 1035 2646 posthanc
1058 2571 1238 2630 curationem
1261 2572 1495 2645 ridendumlar.

141 2689 252 2751 eorpus
273 2656 415 2735 inanitum
438 2673 579 2734 hactenus
601 2679 631 2732 et
646 2677 833 2731 extenuatum
849 2669 885 2730 ad
901 2687 933 2730 se
948 2671 1050 2731 reduci
1066 2671 1214 2758 quomodo
1230 2676 1330 2751 possit,
1354 2677 1428 2738 cibis

139 2773 266 2836 fortasse
288 2773 383 2835 darida
406 2791 496 2852 opera
518 2773 565 2832 his
587 2774 636 2851 qui
659 2779 767 2849 augent
788 2790 822 2832 ac
845 2789 951 2849 corpus
980 2772 1118 2851 implent,
1147 2791 1206 2834 nen
1234 2777 1340 2860 noxiis
1356 2777 1426 2842 illud

139 2874 261 2954 quidem
283 2873 473 2944 humoribus,
504 2873 556 2936 sed
578 2873 674 2954 qualia
697 2873 797 2936 Celsus
820 2882 1030 2963 commemorat
1052 2870 1143 2953 primi'
1160 2874 1228 2938 libri
1251 2879 1346 2956 capite
1368 2870 1432 2942 ter·'

137 3131 227 3194 trebir
243 3125 288 3184 urai
304 3130 343 3184 rie
359 3131 404 3191 frit
418 3137 460 3183 mr
477 3129 571 3195 [criden
590 3130 621 3196 ita
639 3123 744 3194 arbitio)
763 3128 876 3194 lutatii),
895 3129 946 3182 niti
964 3130 1036 3182 atria
1046 3136 1098 3182 mm
1112 3143 1197 3194 meam
1210 3130 1297 3193 [curer
1308 3135 1425 3200 andrean

98 3227 127 3266 ac
138 3225 244 3279 canipa
259 3221 377 3279 aarum,
398 3217 501 3268 mrcmb
520 3216 568 3279 hier
586 3215 629 3278 lid)
647 3217 709 3267 tmrr
726 3229 767 3268 oco
785 3216 930 3278 maudein)
953 3214 1055 3280 latitia,
1079 3216 1126 3267 mit
1149 3219 1221 3268 nomi
1245 3217 1270 3280 [r
1288 3218 1321 3281 lit
1338 3220 1425 3273 uhtr-
1436 3227 1495 3277 §.rc

136 3300 226 3363 metria
244 3300 322 3365 [tint.
337 3307 383 3352 rra
400 3300 438 3353 air
455 3300 509 3364 intr
525 3301 620 3364 piaret
636 3306 680 3352 bae
696 3305 782 3352 aanor
799 3301 823 3352 a·
842 3297 939 3362 mairia
958 3300 1019 3362 [rim
1038 3301 1081 3352 altr
1099 3308 1173 3364 nisi,
1192 3303 1231 3352 ote
1249 3299 1314 3354 tarr
1331 3303 1495 3368 [dedicare.

137 3383 180 3436 mi
199 3384 234 3448 lot
253 3385 278 3448 lc
296 3387 333 3438 nit
352 3375 469 3448 allm'ras
484 3385 524 3437 rie
541 3384 665 3448 caturcio)
684 3383 768 3448 tratri
787 3394 867 3436 emm
885 3389 961 3436 merri
979 3385 1019 3436 nir
1037 3389 1111 3435 onan
1130 3383 1223 3447 trudat,
1243 3391 1307 3438 rma
1326 3401 1374 3439 mer
1387 3391 1494 3451 cicero.

135 3468 296 3533 fronteriam
314 3473 366 3532 bort
385 3471 481 3534 parabi,
504 3476 553 3522 aab
574 3472 674 3532 ternod
698 3470 772 3521 mirer
794 3470 821 3521 in
844 3468 944 3533 {diersa
967 3469 1027 3532 trbr,
1049 3477 1093 3520 rm
1118 3469 1235 3521 tomum
1253 3469 1286 3534 lie
1304 3472 1377 3524 miter
1392 3484 1425 3526 aa

134 3559 215 3606 aaran
233 3553 265 3617 ida
284 3553 340 3606 lirin
356 3554 448 3618 amiitat
466 3555 519 3619 hal.
555 3555 665 3618 baroni
683 3555 718 3618 [ot
735 3551 776 3606 mi
794 3551 851 3618 apen
869 3561 917 3605 orm
935 3553 1027 3606 triadi
1051 3554 1091 3606 nit
1111 3545 1142 3617 μοι
1165 3554 1202 3605 ott
1222 3560 1267 3607 roc
1282 3562 1324 3608 mr
1341 3569 1426 3621 maara
1437 3562 1494 3614 tao.

96 3652 125 3693 so
138 3637 181 3690 nir
200 3638 323 3702 priimam
342 3645 403 3692 anam
421 3653 454 3692 an
473 3639 560 3703 [dcem
577 3647 689 3704 cauom,
708 3646 755 3691 ona
771 3639 809 3690 air
824 3645 870 3690 aen
882 3647 964 3702 aarum
982 3632 1017 3692 ori
1033 3641 1089 3703 nob
1101 3637 1242 3704 [buchtun
1254 3639 1301 3692 teil
1312 3640 1425 3706 tequea·

136 3721 181 3784 lida
200 3735 317 3774 maneam
336 3730 404 3776 onor
422 3725 462 3776 nit
486 3724 668 3776 crmrrrromm.
704 3724 812 3788 vitatae
835 3725 914 3791 [paida
935 3729 976 3774 arr
1001 3723 1045 3776 trib
1070 3723 1151 3788 nimpi
1169 3715 1199 3786 3i'a
1216 3723 1263 3775 mir
1282 3722 1360 3789 [hilm
1379 3731 1494 3783 onitu.

205 3959 339 4024 ³oodam]
359 3961 472 4012 Paull.
487 3959 528 4012 73.
581 3961 752 4012 Ἀνίοειιιιιι
770 3964 845 4012 8.10.
898 3961 1047 4012 emirctoris
1066 3963 1092 4010 3.
1148 3961 1248 4028 tcta]
1268 3963 1302 4012 do
1320 3970 1425 4016 sonaci.

138 4041 234 4107 11,36.’
268 4044 434 4114 'Xenoph.]
454 4049 467 4096 ί
486 4045 581 4096 Simile
600 4047 664 4111 quid
683 4038 812 4098 Socral‘es
831 4048 860 4096 in
877 4047 1002 4112 Xenoph.
1016 4047 1183 4098 memorabb.
1197 4047 1233 4096 11.
1248 4046 1271 4096 l.
1295 4041 1373 4110 ‚dora
1392 4045 1425 4102 db

133 4135 198 4190 vote
215 4125 268 4197 pla
285 4122 365 4198 ἐμοῖς
382 4131 478 4197 φίλοις
495 4121 582 4196 ἡδεῖα
599 4126 652 4197 plo
670 4129 719 4183 ael
737 4122 893 4198 ἀπράγμων
910 4132 995 4183 σίτων
1007 4129 1056 4184 καί
1067 4130 1163 4184 ποτῶν
1174 4121 1343 4192 ἀπόλαυσις·
1362 4125 1425 4186 ἀνί-

134 4231 237 4282 χονται
255 4208 309 4281 po'cp
326 4212 380 4276 ἕως
401 4205 438 4267 ἂν
461 4207 676 4282 ἐπιθυμήσωσιν
693 4206 798 4268 ababa}
815 4221 844 4266 et
861 4215 967 4266 111.11.
985 4206 1053 4281 ὁρᾷς
1071 4210 1138 4282 γὰρ,
1156 4206 1201 4270 ὅτι
1218 4213 1268 4268 καί
1286 4215 1341 4268 τῶν
1358 4216 1426 4283 βοω-

133 4291 234 4364 paim
251 4291 287 4350 τὰ
304 4289 417 4366 ἥδιστα,
437 4290 490 4352 ἐὰν
506 4294 559 4365 μέν
577 4317 619 4360 τις
637 4296 782 4368 προςφὲρῃ
794 4297 862 4365 rrplo
875 4295 1040 4366 ἐπιθυμεῖν,
1059 4291 1135 4366 ἀηδῆ
1150 4298 1296 4364 φαίνεται,
1315 4316 1426 4367 κεκορε-

134 4379 250 4450 σμένοις
258 4379 290 4436 dt
302 4383 351 4438 acal
362 4383 537 4452 βδελυγμίαν
548 4379 680 4450 παρέχει·
695 4377 746 4437 ἐὰν
759 4379 792 4446 δέ
804 4401 846 4444 τις
858 4380 1003 4451 προςφὲρῃ
1016 4376 1098 4450 lapda
1110 4374 1338 4450 discucientes&
1350 4401 1424 4451 φαυ-

134 4461 238 4533 λότερα
256 4455 283 4534 ᾖ,
302 4462 380 4520 πάνυ
399 4459 473 4536 ἡδέα
492 4469 657 4534 φαίνεται”.
676 4470 811 4522 calvo.
859 4473 977 4533 cqna.2.
1025 4468 1046 4501 ¹⁰
1065 4467 1175 4535 Galam]
1198 4469 1231 4518 de
1250 4472 1426 4522 samtuenda

134 4554 168 4602 V.
186 4553 225 4602 12.
279 4552 299 4585 ¹⁰
317 4552 401 4619 Ptin]
414 4555 449 4606 H.
462 4555 495 4604 N.
509 4555 556 4604 xl.
569 4552 611 4604 53.
625 4551 766 4604 nectito.
820 4553 841 4586 ¹⁸
859 4553 903 4621 aa]
921 4555 1027 4605 etPlr'n.
1080 4550 1152 4621 cie]
1172 4553 1206 4604 de
1224 4554 1424 4621 senect.13,tt.

134 4653 217 4702 quem
235 4637 325 4688 loennn
344 4653 426 4704 supra
444 4657 471 4705 p.
484 4639 543 4690 468.
557 4640 745 4704 repetivimus.
792 4637 813 4670 ¹⁹
826 4639 930 4688 mentis
948 4639 1128 4704 sequentibus
1140 4655 1166 4706 p.
1180 4643 1205 4689 2.
1253 4640 1424 4692 violentia2.

131 4722 158 4756 ²³
177 4720 264 4788 Calc]
284 4723 383 4772 medic.
397 4724 418 4774 I.
433 4721 458 4773 3.
473 4725 501 4774 ίιι
520 4723 583 4774 fine.
602 4725 707 4790 priores
731 4724 833 4788 capitis
856 4728 951 4790 pertas
974 4724 1007 4774 de
1031 4724 1093 4775 aliis
1112 4723 1260 4776 diceteticia
1278 4726 1425 4790 praeceptis

133 4811 268 4859 meeum.
281 4833 285 4844 ·
