3382 5516
69 439 241 475 lssfflllalssl
261 421 324 476 ω’..
340 439 506 474 rnoeostrto
525 439 559 476 DE
578 439 667 480 11βί50
686 439 805 476 ’13110100
823 437 861 474 ΑΒ
879 438 1025 476 1311101111
1042 438 1103 476 ΙΝ.
1127 439 1153 474 A·
1167 431 1227 476 1313.
1269 409 1339 482 1η

67 599 143 669 magis
165 597 245 654 huius
268 595 368 673 p'ublici
397 591 503 672 consilii
530 597 625 654 ducein
652 606 733 671 atque
761 606 885 656 autorem
913 614 973 654 esse
1000 597 1134 654 convenit.
1178 595 1265 666 Quare
1287 597 1340 656 nisi

66 683 93 736 de
112 683 152 737 lus
177 683 260 738 tantis
282 681 364 738 rebus
384 681 431 738 diu
454 681 622 755 multumque
645 689 686 739 tot
708 682 759 738 iam
782 682 944 741 exercitatus
967 681 1046 740 bellis
1067 689 1096 738 et
1110 699 1205 756 magna
1220 683 1340 742 fortunae

66 767 185 822 canente
207 766 385 840 cogitassem,
408 767 532 842 prolecto
554 765 775 841 repraehensione
798 767 917 827 omniurn
939 766 1038 841 dignus
1060 785 1158 824 essem.
1202 765 1253 824 Sed
1274 766 1341 824 milri

65 850 170 914 credite.
193 868 253 910 cum
276 849 309 908 ab
331 851 458 925 auspiciis
479 853 547 910 meis
568 860 727 926 recuperata
748 853 856 910 dustria
878 860 942 926 post
963 861 1079 910 mortem
1099 852 1173 925 regis
1196 851 1340 926 Hungariae

40 934 172 992 illattlriae
195 935 340 992 lluuniadae
361 945 390 992 et
410 937 513 1010 ingenti
535 935 648 1011 expulso
671 937 790 994 exercitu
813 938 959 994 lurcorum
980 954 1013 992 ex
1034 937 1141 994 Croatia
1163 936 1230 994 nihil
1252 937 1337 1016 mpgis

66 1021 177 1077 innotis
199 1021 264 1076 milii
287 1021 382 1084 luerit,
412 1038 492 1095 quam
521 1029 551 1078 ut
579 1038 641 1078 mox
663 1022 797 1081 exercitus
820 1022 847 1077 in
876 1022 1029 1097 provincias
1051 1022 1197 1079 'lurcorum
1220 1021 1343 1080 traduce·

65 1121 127 1165 mm.
154 1123 292 1180 uunquam
322 1114 415 1181 postea
437 1106 476 1162 de
498 1106 551 1162 lroe
574 1104 644 1162 bello
672 1107 794 1180 cogitare
822 1106 899 1165 desii.
943 1099 997 1164 Δι’
1008 1115 1071 1163 tune
1099 1107 1206 1182 quidem
1236 1105 1341 1164 occasio

65 1191 244 1284 percommodo
267 1199 326 1246 erat
347 1189 427 1248 liuius
449 1192 488 1272 re'i
511 1191 704 1265 suscipiende:
728 1208 788 1248 narn
810 1190 1031 1265 postllaltorneti
1054 1199 1169 1250 mortem
1191 1209 1287 1268 magna
1307 1191 1342 1248 de

66 1275 230 1332 successione
253 1275 324 1332 inter
347 1275 444 1332 iratres
465 1274 601 1342 discordia
626 1284 699 1341 erat;
722 1273 835 1334 Sisimus
857 1276 938 1333 etiarn
966 1277 1047 1332 armis
1076 1277 1200 1334 invadere
1228 1293 1343 1350 regnum

40 1358 221 1420 coronabatur:
244 1377 327 1434 quare
349 1361 376 1416 in
399 1360 441 1416 his
462 1360 608 1436 provinciis
629 1377 685 1417 nou
707 1361 773 1418 satis
796 1360 871 1418 firma
892 1361 1018 1435 presidia
1041 1369 1132 1424 erant,
1155 1369 1182 1418 el
1205 1369 1236 1418 ut
1257 1378 1342 1436 quan

65 1451 112 1498 tum
134 1462 244 1520 possem
266 1444 513 1519 provideremus
536 1445 582 1520 qui
604 1445 746 1502 domestici
768 1453 858 1502 motus
880 1463 931 1502 uos
953 1457 1169 1510 remorarentur.
1197 1445 1286 1520 legem
1307 1446 1341 1504 dc

65 1539 145 1585 restra
167 1531 301 1586 sententia
326 1529 404 1586 tuli
397 1548 424 1586 ιιι
447 1529 563 1605 quodam
585 1539 720 1588 conventu
741 1531 774 1588 de
796 1548 861 1605 pace
883 1529 1032 1588 decennali.

119 1613 216 1672 Verum
239 1616 285 1689 qui
307 1633 349 1670 me
371 1615 428 1672 laaec
449 1625 589 1690 parantem
618 1616 717 1672 lluctus
743 1615 834 1672 subito
864 1616 1065 1692 exceperunt!
1076 1613 1144 1671 Galli
1170 1631 1227 1674 non
1252 1587 1340 1672 solum
1366 1624 1389 1671 tt

65 1700 153 1756 mede
176 1700 350 1776 possessione
371 1701 534 1774 Burgundios
555 1717 605 1776 pen
626 1699 788 1758 seditionem
809 1701 924 1758 deiicere
952 1699 1043 1758 eonati
1072 1707 1150 1763 sunt.
1184 1701 1231 1758 sed
1259 1701 1341 1758 etiam

39 1800 118 1840 tanco
138 1785 222 1859 capiti
243 1784 354 1842 insidias
375 1801 425 1860 per
446 1803 579 1842 summum
601 1784 690 1844 scelus
712 1794 878 1842 struxerunt.
922 1785 1020 1844 Postea
1041 1783 1132 1849 ltalia,
1161 1803 1222 1860 quae
1251 1785 1342 1860 proris

65 1868 108 1924 mis
129 1870 206 1926 annis
228 1869 361 1944 singulari
382 1869 503 1928 consilio
520 1871 607 1945 patris
630 1870 681 1927 mci
703 1869 833 1928 Priderici
856 1870 1028 1944 imperatoris
1049 1879 1143 1945 pacata
1166 1870 1269 1932 luerat,
1292 1871 1342 1928 ite·

65 1971 117 2010 rum
139 1953 248 2011 Gallicis
270 1955 352 2012 armis
374 1955 531 2030 perturbata
554 1964 609 2012 est:
633 1972 694 2013 nam
715 1957 839 2032 proximo
862 1971 933 2012 anno
956 1963 1019 2030 post
1041 1964 1156 2012 mortem
1179 1955 1264 2030 patris
1280 1955 1340 2018 mei,

65 2038 169 2094 trrolus
192 2037 254 2096 Vlll
278 2057 338 2098 cum
365 2040 470 2114 ingenti
498 2040 618 2098 exercitu
644 2039 742 2096 bonam
770 2039 853 2096 ltaliae
880 2049 985 2114 partem
1014 2038 1153 2096 hostiliter
1178 2049 1341 2114 pervagatus

65 2131 115 2183 est:
142 2125 243 2182 etenim
266 2142 320 2181 non
342 2125 423 2181 modo
445 2121 651 2200 Neapolitanum
679 2143 792 2199 regnum
815 2141 948 2199 occupare
976 2123 1141 2187 conabatur,
1169 2125 1216 2182 sed
1238 2132 1267 2180 et
1289 2124 1343 2182 lle·

38 2207 229 2266 udiolanenses
251 2208 323 2267 bello
346 2209 459 2266 adortus
487 2217 625 2284 esuque
654 2227 686 2266 ex
708 2227 737 2266 re
760 2209 933 2272 animadverti
956 2210 1047 2284 potuit
1068 2226 1128 2266 eum
1153 2209 1236 2266 totius
1259 2208 1342 2266 ltaliae

65 2291 267 2376 dominationem
290 2295 342 2352 sili
364 2294 497 2369 polliceri
542 2295 633 2368 itaque
655 2304 691 2350 et
718 2294 778 2352 misi
807 2293 940 2351 ausilia
933 2311 959 2350 ιιι
982 2293 1084 2350 ltaliam
1107 2293 1140 2350 ad
1161 2293 1342 2350 defendendos

67 2361 272 2436 llediolanenses
285 2388 381 2438 contra
396 2379 517 2441 Gallum.
540 2388 568 2435 et
583 2396 616 2436 eo
639 2381 785 2436 exercitum
808 2379 867 2453 ipse
889 2377 994 2436 adduxi
1038 2379 1079 2434 dd
1100 2378 1158 2434 hacc
1174 2377 1344 2436 incommoda

65 2462 189 2520 tumultus
212 2464 356 2538 ilungarici
379 2465 472 2522 eodem
495 2465 551 2520 lere
574 2473 696 2538 tempore
718 2464 880 2522 accidebant.
922 2463 1021 2520 Postea
1042 2463 1105 2520 dum
1126 2471 1186 2520 crta
1209 2461 1278 2520 bella
1294 2480 1343 2520 un-

64 2547 167 2620 dique'
160 2566 187 2604 ιιι
209 2548 350 2608 Germania
373 2557 400 2606 et
421 2548 511 2612 ltalia,
534 2547 649 2609 consilio
672 2559 753 2622 atque
775 2549 856 2606 armis
879 2549 973 2606 sedare
995 2548 1145 2610 contendo,
1168 2555 1199 2604 ut
1219 2546 1343 2624 postula·

39 2630 107 2687 saliat
133 2635 279 2692 necessitas
310 2633 431 2710 publica,
458 2633 561 2690 diutius
590 2651 669 2708 quam
697 2633 818 2692 volebam
846 2633 953 2690 dillerre
980 2631 1123 2692 consilium
1151 2632 1184 2688 de
1212 2632 1343 2690 movendo

66 2715 172 2774 turcico
195 2717 268 2777 bello
289 2727 402 2778 coactus
423 2736 491 2776 sum.
536 2718 588 2776 Sed
617 2727 746 2793 quantum
775 2719 892 2776 iudicare
920 2735 1048 2793 possum,
1078 2717 1206 2774 divinitus
1233 2718 1271 2774 ita
1299 2735 1344 2774 res

65 2810 175 2862 extracta
197 2813 255 2860 est:
278 2822 338 2862 nam
361 2813 389 2862 et
412 2814 517 2879 tempus
540 2793 651 2862 interea
667 2811 695 2860 et
715 2804 772 2863 hmo
795 2803 865 2860 bella
887 2803 1003 2860 allerunt
1025 2802 1105 2860 nobis
1120 2818 1245 2877 maguam
1260 2801 1346 2860 lacul-

66 2894 141 2944 tatem
155 2897 183 2946 et
197 2889 336 2946 commoda
352 2890 384 2946 ad
400 2889 540 2948 Turcicurn
563 2887 676 2946 bellum:
699 2889 798 2963 partim
813 2889 883 2945 enim
900 2897 964 2946 sunt
978 2888 1072 2944 domiti
1087 2889 1169 2946 armis
1184 2887 1212 2946 tn·
1229 2903 1345 2962 quorum

67 2973 210 3044 potentiam
231 2975 358 3032 absentes
380 2973 551 3031 lormidatmi
579 2991 702 3036 eramus.
731 2973 886 3048 Hispaniam
915 2991 945 3029 ac
966 2971 1106 3046 Neapolim
1137 2980 1211 3029 tenet
1232 2971 1344 3028 Carolus

39 3067 136 3114 ancus
157 3075 256 3134 nepos,
280 3059 435 3136 Burgundia
457 3066 514 3116 tota
538 3057 683 3134 tranquilla
706 3067 770 3128 est„
792 3057 897 3114 Gallum
919 3055 999 3124 nobis
1028 3056 1158 3116 beneficio
1187 3075 1217 3114 ac
1244 3057 1345 3118 tedere

66 3141 207 3202 devinctum
228 3145 263 3200 'ad
286 3145 443 3204 societatem
465 3142 544 3206 loelli,
568 3151 598 3200 ut
619 3161 716 3217 spero.
739 3143 924 3217 adiungemus.

142 3227 227 3296 Quare
248 3237 351 3287 certam
374 3227 598 3304 tranquillitatem
619 3229 692 3286 domi
714 3228 874 3303 promittere
897 3226 977 3284 nobis
999 3243 1159 3301 possumus:
1188 3227 1240 3288 hoc
1261 3232 1342 3300 caput
1368 3229 1399 3276 m

67 3319 103 3366 est
123 3313 239 3386 negotii:
267 3331 329 3372 nam
356 3314 461 3389 reliqua
489 3331 553 3388 pars
573 3311 777 3370 deliberationis
799 3312 886 3370 multo
908 3320 952 3378 cst
972 3311 1087 3368 facilior.
1132 3311 1193 3368 ttac
1215 3329 1257 3368 me
1279 3327 1344 3382 eura

67 3396 173 3470 amplius
188 3399 239 3456 iam
260 3399 357 3473 uiginti
380 3399 457 3456 annis
479 3399 613 3462 exercuit,
636 3398 773 3492 precipue
795 3397 933 3472 quomodo
955 3413 1047 3470 pacem
1068 3396 1097 3452 in
1112 3395 1218 3469 Europa
1241 3395 1344 3452 firmam

42 3483 269 3550 oconstituercnu
296 3485 366 3542 ltunc
389 3484 453 3540 mihi
477 3483 555 3540 linem
578 3483 699 3542 omnium
720 3481 855 3541 liellorum
878 3497 985 3555 semper
1007 3481 1155 3554 proposui,
1178 3496 1233 3536 non
1255 3486 1287 3534 ut
1307 3478 1346 3536 la·
1404 3539 1408 3548 ,

70 3565 117 3620 tius
137 3567 199 3626 lines
221 3570 300 3644 regni
323 3570 506 3652 extenderem.
529 3569 576 3625 sed
599 3575 630 3624 ut
651 3585 716 3643 pace
739 3575 818 3641 parta
839 3565 940 3622 bellurn
964 3565 1167 3622 transferrem¹
1161 3581 1188 3620 m
1205 3563 1345 3620 luminum

70 3665 180 3722 regnum.
224 3653 294 3712 hane
316 3653 351 3710 ob
372 3643 493 3714 caussam
516 3653 603 3712 victor
624 3651 708 3713 mirlta
723 3651 847 3710 concessi
866 3650 899 3706 iis
921 3667 991 3724 quos
1013 3649 1094 3706 arinis
1113 3649 1214 3712 domui,
1237 3656 1266 3704 ut
1286 3664 1346 3704 inea

70 3736 243 3795 moderatione
266 3757 314 3800 eos
336 3740 368 3796 ad
390 3756 482 3815 pacem
505 3737 655 3794 invitarem.
700 3737 761 3794 llaec
789 3735 921 3811 praelatus
948 3752 1008 3792 sum
1036 3733 1175 3808 aliquanto
1204 3731 1344 3806 prolixius,

71 3827 172 3893 utque
193 3841 251 3880 mea
274 3823 428 3881 voluntas
421 3841 449 3879 1n
478 3823 520 3880 his
548 3820 640 3885 bellis,
670 3839 730 3896 qua
751 3821 826 3895 gessi
847 3820 992 3882 hactenus,
1022 3819 1120 3882 tuerit,
1150 3817 1229 3893 plane
1253 3833 1346 3874 omncs

44 3903 213 3980 animelligant
240 3925 272 3965 ac
300 3909 387 3966 sciant
415 3915 609 3987 nequeuntes
640 3923 682 3963 ine
705 3906 841 3964 iracundia
864 3913 911 3962 aut
933 3904 1035 3961 iniusta
1056 3903 1205 3979 cupiditate
1227 3917 1346 3996 unquam

71 4005 135 4044 arnas
156 3993 317 4067 sumpsisse,
345 4011 433 4068 neque
461 3993 514 4048 lsoc
537 3975 677 4050 'turcicum
700 3991 800 4048 bollum
823 3989 877 4046 aliu
899 3988 1015 4047 consilio
1038 4006 1149 4064 parare.
1180 4003 1259 4060 quarn
1282 3985 1346 4064 quia

72 4077 240 4136 necessarium
263 4085 290 4134 et
312 4078 388 4152 pium
409 4095 468 4136 esse
492 4077 589 4134 iudico.
635 4094 686 4150 qua
709 4077 742 4132 de
765 4093 793 4132 re
817 4074 862 4144 ubi
885 4091 969 4148 pauca
992 4072 1144 4136 addidero,
1165 4079 1260 4146 postea
1282 4069 1346 4126 reli·

131 4253 283 4310 ‘Matthias
295 4261 317 4310 1.
331 4259 448 4324 Hunysd
461 4255 705 4320 Corvinus†149ll.
742 4255 929 4330 71155552.
964 4253 1161 4305 ”Mansuetus
1174 4252 1346 4316 11.†s.ttet.

72 4335 81 4366 '
97 4337 200 4394 Sitimus
211 4363 247 4388 =
257 4343 387 4394 Dschem.
406 4343 443 4392 cl.
456 4347 512 4392 not.
527 4342 562 4391 sd
574 4359 599 4408 p.
615 4341 671 4392 180.
684 4357 710 4392 v.
726 4341 774 4394 17:
801 4339 822 4373 ¹²
834 4337 981 4406 conventu}
994 4338 1219 4392 Frsneolurtensi
1233 4354 1258 4388 a.
1273 4336 1346 4388 1480.

73 4419 164 4478 habim.
181 4429 250 4480 Vide
263 4428 425 4490 Landftiede
443 4427 491 4489 asts
506 4429 538 4476 10
548 4427 575 4476 J.
593 4429 618 4476 t'n
631 4425 730 4476 Samni.
744 4429 792 4478 der
803 4425 1057 4477 liciam-Abseltt'ede·
1070 4423 1158 4473 Ft'url.
1174 4421 1248 4472 lttt.
1263 4422 1310 4473 sol.
1323 4423 1347 4474 I.

73 4521 95 4569 p·
105 4507 156 4562 215.
167 4528 224 4579 sqq.
282 4509 304 4546 ¹⁴
321 4513 387 4562 Post
404 4509 495 4562 Caroli
509 4511 627 4561 audacis
639 4517 752 4562 mortem
764 4507 907 4576 (salli.)
924 4509 1082 4568 landericus
1099 4509 1146 4558 xt.
1158 4494 1344 4572 Burgundioni

73 4602 252 4660 occupaverat.
291 4595 310 4629 ¹⁵
328 4592 431 4662 scelus]
452 4596 488 4646 cl.
501 4595 555 4646 vol.
568 4595 590 4645 l.
603 4612 629 4662 p.
646 4594 701 4645 115.
742 4593 763 4626 ¹⁸
779 4581 937 4646 Pridericus
945 4595 994 4646 111.
1007 4594 1057 4657 †c.
1066 4591 1138 4644 1103.
1149 4589 1344 4642 OsrolnsVllI.

74 4673 260 4735 Ludorichl.
268 4684 480 4732 succenseretis.
491 4677 563 4730 1483.
614 4676 674 4730 ”s
687 4677 758 4730 1508.
810 4676 931 4728 ²³acctd
950 4679 1057 4730 stem
1110 4665 1132 4707 ὴ
1149 4675 1303 4724 extractai.
1318 4688 1342 4724 s.

74 4767 211 4822 protracta.
257 4759 373 4829 saedere]
394 4763 635 4815 Cameracensld.
653 4761 690 4814 ll.
706 4765 785 4812 Mart.
799 4760 873 4812 toto
906 4760 929 4792 ³⁷
947 4775 1022 4812 osus
1041 4776 1090 4808 aua
1108 4776 1121 4808 s
1139 4762 1164 4809 2.
1176 4757 1243 4823 utiq.

130 4847 250 4900 llvrruru
264 4849 332 4899 Oen.
347 4864 410 4900 von.
423 4849 455 4898 V.
1095 4841 1130 4902 12
