3434 5512
315 400 387 470 308
424 428 524 462 Leonte
538 427 563 462 Χ.
578 425 686 461 CONTRA
701 425 850 460 tt'tttssuvtt
864 424 955 460 nvttt
967 426 1030 460 ΜΤ,
1046 421 1142 462 tbltltt.
1154 427 1180 462 Δ.
1190 421 1249 460 itit.
1269 427 1293 461 C.
1306 426 1430 461 ΕΠΤΕΜ
1444 427 1542 460 noris.

311 589 380 645 totis
395 601 462 644 uere
476 591 660 656 'permanea
674 589 789 662 cortstat
802 581 949 648 haeresum
966 583 1127 641 aconitum
1141 591 1360 659 oppugnatores
1375 599 1493 657 semper
1504 581 1613 654 fuisse.

311 689 396 746 cuius
417 687 465 745 rei
483 694 567 744 testes
589 691 658 743 sunl
678 680 865 742 ”laudabiles
886 685 948 743 illm
966 685 1183 743 constitutiones
1205 685 1441 748 ‘Germanarum
1463 683 1612 758 Impera-

310 797 405 848 torum
422 803 482 863 pra
504 787 639 846 libertate
658 787 804 858 ecclesie,
824 799 940 859 proque
960 786 1148 860 expellendis
1161 785 1456 858 exterminandisqne
1472 801 1515 844 es·
1532 787 1614 843 omni

312 891 475 949 Germania
497 883 678 962 “nar-emis,
700 888 771 946 ‘snb
791 887 978 961 pravissimis
995 888 1106 962 pieriis,
1133 891 1223 947 etiarn
1249 887 1415 946 amissimus
1441 893 1609 957 terranem,

309 1001 337 1051 et
358 992 571 1062 dominiorum,
597 997 704 1049 casuro
727 997 926 1063 receptatores
950 991 996 1048 uel
1020 1000 1079 1047 non
1100 992 1281 1064 expellentes
1301 992 1370 1048 olim
1391 989 1494 1058 edilis,
1524 995 1555 1047 et
1575 983 1630 1046 'at

309 1095 417 1152 uostris
434 1091 707 1166 praedecessoribus
727 1093 929 1161 cmrftmnatoe:
956 1107 1024 1166 qua
1043 1093 1071 1150 si
1091 1091 1178 1150 bodie
1198 1099 1407 1162 servarentur,
1434 1097 1465 1150 et
1485 1105 1559 1162 nos,
1581 1097 1610 1148 ct

282 1183 287 1192 ’
309 1197 368 1268 ipsi
387 1193 493 1266 ubique
511 1193 586 1252 ‘boc
608 1194 740 1251 molestia
761 1207 942 1251 careremus.
992 1191 1082 1252 Testis
1102 1199 1146 1252 est
1166 1189 1215 1250 ”in
1244 1193 1368 1252 concilio
1391 1193 1611 1251 consterneret

309 1295 513 1366 illusitarnm,
536 1311 575 1354 ac
602 1295 853 1366 Wieleoislarom,
875 1309 1006 1354 necnon
1026 1295 1203 1369 Hieronymi
1222 1293 1385 1368 Propensis
1404 1293 1551 1353 damnata
1571 1310 1609 1352 ae

307 1399 412 1472 pituita
432 1395 575 1470 perfidia.
625 1393 716 1454 Testis
745 1403 789 1454 est
814 1397 897 1455 toties
923 1403 1028 1455 contra
1055 1395 1202 1457 Bobemos
1221 1395 1454 1456 'Germanorum
1479 1397 1607 1469 sarranis

308 1633 448 1694 'Utinam
467 1630 601 1690 inissent!
624 1635 652 1690 te
676 1632 754 1690 enim
778 1629 826 1692 din
849 1632 907 1690 iam
932 1639 1160 1710 expugnassent.
1184 1632 1234 1693 sed
1251 1631 1389 1693 maleficis
1405 1638 1524 1693 tuorum
1541 1640 1636 1692 malt

309 1737 405 1794 iorum
429 1732 584 1810 praestigiis
607 1731 744 1809 contigit,
773 1741 805 1792 ut
834 1732 869 1793 ad
885 1734 995 1793 inanes
1024 1732 1138 1793 tabulas
1160 1731 1282 1795 diversae
1310 1733 1463 1794 hominum
1489 1741 1605 1794 mentes

308 1853 410 1895 verum
427 1834 602 1914 dignoscere
617 1834 810 1911 nequiverint.
848 1833 913 1905 Quo
928 1835 1078 1913 respicere
1092 1834 1211 1894 tandem
1227 1834 1360 1894 Christus
1376 1835 1507 1904 videtur,
1531 1836 1604 1894 ism·

309 1953 366 2016 que
388 1937 485 1996 stetim
508 1936 583 1994 iovte
606 1933 867 1995 secunderinum
893 1943 1018 1996 vestram
1041 1934 1128 1996 faciet
1151 1934 1246 2004 vobis,
1271 1943 1300 1996 et
1314 1937 1479 1996 secundum
1495 1937 1602 1996 iudicia

310 2045 404 2100 vestra
427 2035 569 2098 iudicabit
591 2053 650 2095 vos.
717 2032 828 2105 ''Ouam
851 2035 941 2096 inulta
958 2025 1006 2096 hic
1020 2037 1143 2097 dioensis
1160 2037 1270 2097 essent!
1294 2037 1345 2098 sed
1361 2037 1545 2116 parcendum
1568 2039 1604 2097 iis

309 2142 359 2216 usn
374 2139 498 2218 posteris
520 2139 574 2216 ipsi
589 2139 650 2198 suis
665 2151 724 2198 non
741 2144 949 2216 pepercerunt.
985 2138 1037 2198 Dic
1052 2137 1123 2198 mihi
1138 2143 1246 2207 autem,
1263 2155 1350 2218 quam
1367 2155 1453 2199 vocas
1468 2137 1603 2198 ecclesia·
1613 2147 1634 2186 ¹⁵

308 2239 490 2302 libertatem?
519 2247 547 2298 et
569 2259 626 2318 qua
648 2238 688 2300 illi
717 2257 792 2316 opus
822 2243 884 2298 est‘l
911 2239 1067 2300 licentiore
1097 2239 1268 2316 diripiendi,
1295 2239 1468 2309 fraudandi,
1498 2257 1602 2300 omnes

308 2344 428 2410 iniuria,
451 2341 594 2401 besselioio
618 2342 765 2400 nemiuem
795 2339 959 2400 aiheiendil
1023 2340 1106 2402 ‘Non
1130 2339 1320 2416 degenerabit
1342 2359 1359 2400 a
1381 2341 1488 2402 virtute
1510 2343 1603 2401 maio-

308 2461 375 2503 rum
403 2459 525 2504 suorum
549 2441 720 2510 Germania,
749 2459 787 2501 ne
809 2444 892 2508 time:
921 2441 1055 2520 quemdam
1078 2442 1164 2502 etiam
1189 2441 1358 2502 emendabit
1379 2460 1541 2521 perperam
1561 2441 1600 2502 ab

307 2543 363 2606 illis
385 2544 550 2610 instituta..
601 2539 706 2621 “atqui
735 2560 794 2602 non
823 2559 888 2602 esse
910 2560 980 2602 reor
1002 2545 1032 2602 in
1055 2541 1211 2604 Germania
1234 2542 1389 2602 haereticos
1411 2543 1515 2610 hostie.
1545 2545 1600 2604 nisi

307 2661 381 2723 qum
403 2627 440 2704 tn
457 2643 508 2703 alis
530 2643 560 2702 in
583 2661 769 2704 communem
792 2645 966 2722 perniciem.
1033 2644 1126 2706 ‘Satis
1155 2644 1308 2720 gratificati
1335 2642 1387 2704 tibi
1414 2652 1493 2705 sunt.
1560 2641 1629 2704 'Aa

308 2744 390 2806 vohis
413 2745 580 2804 confirmari
602 2753 733 2822 oportet,
757 2745 872 2822 siquid
896 2751 1024 2806 statuant
1046 2746 1137 2805 nostri
1164 2745 1382 2824 imperatores?
1410 2745 1435 2804 0
1463 2745 1599 2822 indignos

307 2847 365 2906 hoo
386 2862 528 2912 munere,
554 2845 662 2923 qui‘ad
685 2847 810 2907 aliorum
833 2847 1003 2924 praescripta
1027 2847 1186 2925 imperant!
1251 2845 1332 2905 ‘Nos
1354 2845 1472 2924 quidem
1497 2865 1598 2908 carere

306 2949 505 3014 decrevimus,
530 2965 653 3023 magno,
676 2965 859 3026 quaestuque
882 2949 997 3007 fortuna
1021 2949 1072 3017 sit,
1101 2949 1198 3010 auimo
1220 2946 1387 3008 libertatem
1408 2947 1549 3008 invasuri.
1573 2955 1599 3008 et

305 3051 363 3110 iam
386 3066 445 3109 non
468 3051 605 3126 potestati
627 3049 744 3127 quidem
766 3057 839 3118 tum,
862 3047 913 3108 sed
936 3047 1115 3126 improbitati
1136 3051 1309 3112 resistimus.
1353 3047 1414 3116 Tu,
1439 3049 1463 3108 si
1478 3051 1598 3112 nimium

304 3150 441 3218 (torridis,
466 3167 530 3210 esse
552 3149 600 3210 hic
622 3151 709 3212 etiam
733 3149 835 3212 leones
856 3150 1040 3220 memineris,
1069 3151 1094 3210 si
1115 3145 1175 3210 non
1198 3151 1267 3210 satis
1289 3157 1358 3210 sunt
1379 3149 1495 3226 aquilae
1554 3148 1624 3210 ¹0³

306 3251 483 3329 praeclarum
507 3249 681 3318 concilium,
710 3251 789 3329 qarod
811 3247 889 3311 nulla
912 3249 1028 3329 publiea
1058 3249 1100 3328 (ut
1121 3251 1231 3331 debuit)
1259 3251 1394 3321 libertas,
1425 3251 1477 3312 sed
1505 3259 1596 3312 vestra

306 3353 395 3430 (qsmd
417 3353 589 3430 pudendum
611 3355 665 3428 est)
695 3353 824 3431 tyrannis
847 3351 1072 3421 moderabatur,
1101 3360 1134 3414 ut
1161 3371 1240 3414 nunc
1268 3352 1369 3414 Romae
1398 3353 1500 3414 neseio
1529 3352 1594 3431 quid

305 3453 490 3514 rarroiliahuli
513 3453 619 3522 lsahes,
643 3455 674 3513 iu
697 3473 756 3532 quo
778 3470 876 3534 nuper
898 3458 1063 3514 statuerunt
1084 3454 1202 3515 tandem
1224 3454 1360 3532 Copiistae
1382 3455 1439 3524 tui,
1472 3456 1593 3514 animam

304 3573 368 3616 esse
391 3555 597 3616 immortalem.
663 3556 769 3616 ‘Cuius
792 3556 835 3616 roi
857 3553 997 3615 authores
1015 3555 1136 3618 inerunt
1151 3557 1330 3634 sanguinarii
1346 3555 1489 3616 Romanae
1504 3555 1593 3616 eccle·

306 3707 504 3716 ......-ψ...-

371 3790 555 3841 'lasntntites
573 3788 634 3856 eta]
655 3795 685 3841 ut
704 3791 871 3842 concordata
883 3790 1164 3856 Aseophaburgeusia
1183 3796 1211 3841 et
1233 3790 1276 3840 his
1294 3792 1459 3844 recentiora.
1517 3789 1538 3825 ¹⁸
1554 3807 1590 3842 ee·

304 3873 432 3942 enndmn]
452 3876 582 3926 Ezechiel
596 3875 705 3926 vitet.
726 3875 762 3926 ei.
778 3875 878 3925 Genea.
889 3873 1039 3927 xvaelt.
1081 3873 1104 3906 ’ὅ
1123 3873 1167 3924 Oi.
1180 3875 1316 3926 Habaeue
1330 3876 1365 3926 [Ι.
1376 3876 1415 3924 12.
1464 3875 1487 3912 ¹⁸
1505 3877 1590 3927 eenei-

304 3959 443 4027 liabulum]
462 3962 653 4012 Lateranense
672 3962 804 4026 quintum.
830 3960 866 4010 ci.
881 3975 965 4024 supra
981 3961 1005 4020 ξ.
1019 3958 1044 4008 3.
1058 3959 1265 4010 Exhortationis
1284 3976 1319 4010 ne
1337 3959 1365 4010 in
1385 3961 1485 4013 decim.
1504 3967 1590 4028 praet.

304 4051 427 4094 consent.
463 4043 518 4076 Μ
537 4047 657 4094 animam
677 4061 737 4094 esse
756 4041 841 4108 imm]
861 4045 893 4094 ln
912 4057 980 4094 sese.
995 4043 1067 4093 Vlll.
1081 4043 1192 4093 aoncilii
1205 4045 1338 4094 Lateran.
1352 4045 1383 4096 V.
1402 4046 1536 4111 praeieets
1553 4051 1591 4095 est

303 4129 405 4178 Leonis
422 4129 456 4181 X.
475 4129 607 4180 schedula
626 4131 682 4178 dat.
704 4128 742 4178 li.
758 4128 814 4178 hal.
828 4130 887 4178 Ian.
907 4143 932 4177 a.
949 4126 1022 4178 leta.
1048 4132 1076 4178 et
1094 4127 1129 4177 ab
1148 4128 1276 4178 omnibus
1299 4127 1412 4193 plaeere
1436 4145 1590 4196 responsum

304 4219 358 4273 eat,
378 4213 407 4260 in
426 4225 479 4276 qna
497 4215 622 4278 pontiies
642 4214 728 4273 „Cum
748 4215 842 4278 itaque
861 4212 959 4262 diebus
976 4213 1092 4263 nestris·¹
1116 4213 1220 4277 inquit,
1245 4212 1382 4274 ,aiamim
1404 4216 1589 4266 seminator..

303 4295 448 4346 nonnullos
466 4285 635 4360 perniciosos
655 4311 760 4346 errores
815 4297 844 4346 in
866 4313 933 4362 agro
956 4293 1060 4347 domini
1082 4295 1301 4361 superseminare
1326 4301 1355 4346 et
1373 4311 1476 4363 angers
1494 4299 1532 4349 sit
1547 4311 1588 4347 sn·

303 4395 349 4429 sas
367 4381 400 4429 de
419 4386 518 4430 natura
537 4381 689 4444 praesertim
709 4381 807 4430 animae
826 4381 986 4442 rationalis,
1007 4379 1077 4445 quod
1095 4379 1228 4430 videlieet
1246 4379 1371 4432 mortalis
1383 4383 1433 4445 sit,
1453 4387 1502 4434 snt
1513 4381 1587 4432 nmen

303 4467 330 4513 in
351 4466 458 4514 eunetis
476 4465 644 4526 hominibus,
666 4469 693 4514 et
711 4463 834 4514 nonnulli
852 4469 956 4515 temere
974 4463 1201 4530 philosophantes
1218 4465 1370 4516 seeundum
1392 4466 1491 4518 saltem
1507 4464 1585 4532 philo·

303 4549 428 4613 sophiam
448 4563 541 4598 verum
560 4549 588 4598 id
606 4565 668 4599 ease
687 4555 862 4612 asseverent,
883 4555 980 4600 contra
998 4547 1152 4599 huiusmodi
1170 4555 1277 4613 pestem
1296 4555 1451 4615 opportuna
1472 4547 1583 4600 remedia

304 4633 436 4682 ardubare
456 4634 597 4696 cupientes
616 4632 667 4682 hoe
685 4645 765 4683 sacro
779 4633 949 4699 approbante
963 4633 1083 4684 coneilio
1096 4633 1256 4684 damnamus
1269 4638 1298 4683 et
1310 4634 1486 4699 reprobamus
1498 4643 1579 4682 omnes

304 4723 461 4767 asserentes
480 4719 599 4768 animam
623 4716 823 4767 intellectivam
847 4716 991 4768 mortalem
1014 4732 1075 4768 esse
1100 4723 1149 4768 aut
1171 4716 1281 4766 unicam
1305 4717 1333 4767 iu
1352 4717 1460 4767 aseneth
1476 4715 1577 4765 homini·
