3434 5512
357 359 429 429 3¹8
467 389 568 424 LEONIS
583 389 608 422 X.
623 387 732 422 (tonsus
747 389 896 424 nvrltmnvu
909 389 999 426 nvom
1013 389 1076 424 ΗΠ.
1087 385 1186 424 iMVll.
1200 389 1224 424 A.
1236 381 1292 422 imit,
1307 391 1332 427 G.
1349 385 1475 424 nvr'rut
1486 389 1574 424 mle.

280 567 284 576 ’
352 551 458 604 emma
473 537 633 606 'commeo
653 546 788 604 ecclesiae
809 543 991 619 doctrinam,
1019 547 1079 604 nae
1097 545 1298 616 traditionem,
1326 551 1415 620 otqoe
1441 544 1517 606 odeo
1544 561 1635 604 amam

353 647 525 706 mainerum
552 648 772 719 scripturorum
799 651 952 719 receptam
978 647 1264 723 interpretationem,
1297 650 1383 706 como
1401 647 1578 706 metitoritoti
1600 649 1637 704 ito

353 748 600 822 acquiescentium
621 741 748 806 ‘censuit
765 747 960 820 Augustinus,
982 755 1015 807 ot
1036 748 1150 808 dicerit
1161 765 1194 808 se
1208 748 1374 823 Evangelio
1387 763 1447 808 non
1463 748 1560 820 foisse
1575 765 1635 807 cre-

351 849 500 922 ditorum,
527 851 587 908 nisi
602 850 736 908 ecciesiae
758 849 915 910 cottoticce
935 850 1138 910 intervenisset
1158 850 1336 910 eumentes.
1373 850 1450 910 Nom
1477 867 1517 909 esc
1538 850 1636 910 eisdem

352 952 519 1022 erroribus,
542 953 588 1010 oet
607 967 709 1010 eorum
727 953 829 1024 aliquo
849 953 895 1010 oet
916 952 1069 1024 atrqotooe
1087 947 1211 1026 hpeloro
1231 955 1379 1026 sequiora,
1402 953 1528 1012 eandem
1546 953 1653 1012 eccle-⁵

332 1053 443 1125 'siom‚
467 1049 667 1127 'qoeespirito
682 1055 922 1125 sauciarentur,
945 1069 1060 1123 errare,
1081 1060 1111 1112 ot
1129 1069 1247 1128 semper
1267 1071 1405 1122 errosse;
1425 1054 1506 1128 guod
1523 1063 1566 1113 est
1582 1056 1637 1112 oti-

353 1168 410 1229 ooe
434 1151 558 1214 ¹‘caretro
582 1155 661 1216 illud
687 1154 769 1228 qood
790 1151 924 1216 Christos
950 1155 1108 1229 discipulis
1125 1157 1187 1215 sois
1216 1159 1247 1216 im
1271 1157 1443 1214 ascensione
1464 1172 1521 1215 saro
1548 1157 1636 1230 (otio

353 1264 460 1317 saneto
477 1259 629 1330 evortpelio
651 1255 779 1314 Motttei
795 1256 915 1333 temtor)
936 1259 1075 1330 praemisit
1092 1258 1195 1317 dicens
1229 1254 1317 1332 ¹⁴Epo
1337 1257 1482 1317 vobiscum
1501 1274 1565 1316 som
1591 1274 1637 1314 us-

263 1341 266 1346 ’
353 1377 410 1432 que
424 1359 468 1418 oo
480 1361 757 1418 consummationem
778 1355 908 1426 soeeoti',·
927 1375 982 1417 roeo
1002 1375 1061 1418 reon
1080 1365 1203 1419 ‘contro
1218 1366 1389 1420 smsctorum
1401 1366 1527 1434 potrum
1544 1360 1637 1418 deter-

353 1462 545 1530 minationes,
570 1461 767 1520 Cmocitiorom
788 1477 904 1534 quoque
925 1467 955 1519 et
974 1476 1154 1520 summorum
1177 1462 1352 1535 Pontificum
1376 1477 1538 1536 expressas
1559 1460 1662 1520 ordio

354 1541 488 1622 estimes
508 1578 560 1622 seer
584 1562 729 1634 Conooes,
749 1562 854 1636 ouibus
874 1577 932 1622 noer
953 1562 1169 1639 obtemperasse
1196 1567 1324 1626 monim
1338 1563 1485 1625 iaeremm
1502 1570 1534 1622 et
1551 1562 1639 1620 sciris-

354 1850 570 1915 laboraverunt.
604 1849 648 1910 Tu
672 1858 784 1920 autem,
809 1849 942 1920 domine,
966 1869 1058 1930 quaro
1080 1869 1139 1911 non
1162 1852 1284 1932 respicis
1306 1857 1539 1931 contemptores,
1561 1855 1638 1908 etta·

312 2013 315 2018 ,
356 1971 405 2012 ces
428 1951 617 2013 concalcante
640 1953 729 2031 impie
751 1953 904 2012 iustiorem
927 1955 977 2014 se‘t
1046 1949 1190 2013 ‘Validam
1220 1955 1336 2014 ansam!
1367 1952 1418 2013 see
1447 1951 1637 2013 arbitrarisne.

355 2056 567 2131 Augrtstinum,
596 2053 672 2113 siin
696 2061 743 2113 tua
767 2059 899 2132 tempora
923 2055 1088 2125 incidisset,
1112 2054 1164 2114 tihi
1187 2073 1221 2137 ac
1242 2063 1301 2115 tuae
1323 2053 1455 2114 ecclesiae
1477 2053 1534 2112 hoo
1555 2049 1637 2110 tribur·

354 2163 453 2217 turum
477 2155 584 2215 inisset
613 2154 750 2215 Proinde.
764 2154 842 2216 hanc
864 2157 972 2216 sanctis
995 2155 1163 2216 hominibus
1185 2157 1322 2217 iniuriam
1346 2156 1444 2216 iacere
1468 2154 1583 2219 desine,
1611 2159 1662 2210 uto

355 2257 393 2319 ab
409 2259 444 2318 iis
459 2258 566 2336 scripta
584 2269 722 2334 perverse
746 2256 781 2316 ad
804 2264 887 2318 tuum
911 2257 1100 2318 commodum
1123 2263 1272 2337 torqueas,
1342 2253 1426 2316 hHoc
1447 2255 1565 2334 quidem
1587 2267 1636 2311 non

355 2359 503 2437 sequitur,
537 2355 588 2418 soal
618 2363 734 2434 egestas
763 2355 816 2418 tihi
845 2359 961 2438 tuisque
991 2359 1285 2442 prothonotariis,et
1318 2357 1462 2420 creatoris
1493 2353 1636 2415 incumbit

356 2456 456 2528 *Otiosi
485 2459 596 2519 nesciat
624 2458 719 2529 orbis,
749 2477 804 2520 nec
835 2461 872 2520 sit
900 2461 931 2519 in
954 2459 1071 2539 publica
1096 2459 1231 2539 querela,
1263 2455 1326 2519 isaac
1353 2459 1452 2518 omnia
1476 2457 1540 2518 fleri
1568 2472 1636 2516 nune

354 2561 455 2621 Romae
478 2557 717 2621 Florentinorum
741 2561 895 2630 instinctu,
920 2569 1007 2641 atque
1030 2579 1121 2623 unum
1145 2569 1174 2623 et
1196 2561 1320 2622 alterum
1344 2561 1468 2622 civitatis
1482 2566 1539 2620 tuas
1554 2556 1637 2619 ecele-

354 2665 427 2723 siam
451 2661 634 2740 gnbernare,
667 2663 763 2740 ipsum
791 2669 820 2722 te
851 2663 937 2723 etiam
950 2671 1075 2748 ‚preter
1101 2663 1219 2724 illorum
1248 2662 1419 2740 praescripta
1448 2659 1519 2722 nihil
1547 2667 1662 2736 ageret¹

355 2764 476 2847 Quoties
499 2765 587 2838 igitur
610 2763 774 2825 inoriendus
804 2778 850 2836 es,
880 2783 917 2824 ne
945 2770 1028 2825 titum
1057 2772 1234 2825 conventum
1262 2763 1486 2842 malignantium
1516 2770 1636 2823 sanctam

355 2881 442 2926 voces
458 2864 621 2926 ecclesiam.
680 2862 846 2927 *Strenuus
861 2872 1064 2944 propugnator
1088 2863 1261 2942 evangelicoe
1277 2864 1418 2925 doctrinas
1440 2871 1484 2923 est
1501 2863 1636 2926 [iacimus.

353 2965 469 3045 ¹Neque
491 2983 550 3026 non
575 2967 644 3037 orit,
668 2971 769 3045 teque,
800 2975 832 3026 ut
854 2968 958 3032 iniuria
982 2972 1148 3046 potentem,
1178 2967 1322 3046 deponet,
1352 2984 1389 3026 ne
1412 2967 1509 3044 gravis
1531 2967 1571 3025 sis
1591 2963 1637 3024 hu·

355 3065 593 3146 milibus‚'quos
616 3067 768 3138 exaltabit,
796 3076 940 3146 tuumque
963 3068 1069 3129 tastum
1094 3068 1272 3146 confringet,
1303 3073 1332 3129 et
1353 3065 1553 3146 pharisaicum
1575 3061 1636 3124 illul

354 3168 544 3248 supercilium
574 3169 786 3247 complanabit:
821 3169 897 3230 videt
925 3171 1003 3231 enim
1035 3169 1173 3248 laqueum
1206 3169 1270 3230 fiori
1299 3187 1350 3228 vos
1378 3165 1585 3246 spetulationi,
1612 3171 1662 3222 eto

245 3323 254 3334 .
354 3271 430 3331 siout
458 3271 549 3332 rheto.
572 3288 733 3348 expnrssum
761 3287 851 3348 super
880 3269 1017 3340 Thebon
1051 3269 1089 3332 ob
1113 3271 1200 3350 idque
1229 3270 1307 3331 (licet
1331 3269 1445 3330 ‘Nonne
1468 3273 1636 3346 cognoscent

297 3380 301 3389 ‘
354 3391 458 3434 omnes
481 3373 530 3451 qui
553 3379 714 3451 operentur
737 3373 935 3452 iniquitatem,
959 3375 1008 3452 qui
1031 3373 1171 3433 eororam.
1193 3371 1310 3450 plebem
1334 3387 1430 3432 meam
1452 3371 1529 3430 sicut
1550 3385 1636 3428 mam

354 3472 470 3554 panisl'
494 3474 631 3552 videtque
645 3489 759 3534 summa
783 3493 849 3534 eum
873 3473 978 3534 iniuria
995 3473 1167 3534 Christiane
1189 3471 1284 3551 plebis
1305 3471 1492 3552 tyrannidem
1509 3487 1637 3531 exercere

354 3593 420 3645 vos,
451 3581 479 3636 et
508 3575 584 3636 (iicet
607 3574 646 3635 ‘si
670 3573 822 3636 nolueritis
845 3575 965 3645 audire,
997 3576 1071 3635 etsi
1094 3573 1248 3635 nolueritis
1269 3591 1382 3654 potiere
1405 3589 1498 3650 snper
1520 3591 1583 3636 cor,
1611 3577 1635 3627 ut

355 3677 428 3738 detis
451 3676 574 3756 gloriam
598 3678 708 3736 nomini
739 3696 820 3746 meo,
835 3679 962 3738 mittam
991 3677 1020 3737 in
1051 3693 1102 3735 sos
1130 3683 1305 3753 egestatem,
1337 3682 1366 3734 et
1393 3673 1566 3736 maledicam
1591 3672 1661 3731 lie-a·

355 3777 569 3840 nediotionibus
591 3780 709 3847 restris,
738 3778 894 3856 egoenim
918 3778 1068 3838 dominus:
1098 3777 1154 3837 imo
1177 3783 1221 3836 est
1243 3793 1352 3838 nomon
1382 3794 1497 3844 meum;
1524 3773 1636 3850 gloriam

266 3953 268 3957 ,
354 3899 449 3941 meam
474 3879 558 3940 atteri
580 3899 639 3940 reon
663 3878 758 3940 dabo?
782 3881 830 3938 Sic
846 3879 998 3940 stobiscum
1023 3879 1078 3939 erit
1100 3877 1181 3938 ilaus.
1207 3877 1284 3958 spmd
1307 3879 1361 3937 nisi
1385 3873 1578 3937 indubitatum
1593 3891 1636 3933 no·

355 3982 400 4044 bis
421 3983 540 4052 inisset,
569 4001 627 4044 uon
650 3983 692 4043 sic
715 3981 896 4042 confidenter
920 3980 1063 4042 obsistere
1087 3979 1136 4040 tihi
1159 3980 1290 4057 aggressi
1313 3996 1455 4040 essemus.
1520 3977 1635 4038 'Eoum

355 4085 402 4144 clio
425 4083 655 4162 Episcopomm,
680 4085 728 4163 qui
752 4081 905 4143 ecelesiam
929 4099 1054 4160 regnum
1077 4075 1141 4142 esse
1162 4079 1334 4148 voluerunt,
1358 4085 1445 4158 atqrm
1468 4079 1537 4140 huic
1552 4097 1583 4139 se
1597 4095 1636 4136 re·

422 4352 595 4439 'Aggastin
616 4359 713 4403 eontra
731 4354 818 4419 Epist.
838 4353 986 4403 tloniohsei
1006 4369 1030 4402 c.
1043 4353 1067 4402 5.
1086 4387 1132 4412 ‚,..
1153 4366 1205 4416 ego
1229 4367 1295 4402 vero
1313 4349 1460 4416 euangelio
1478 4365 1533 4400 nou
1553 4347 1635 4398 crede·

357 4455 426 4503 rem,
445 4441 499 4489 nisi
523 4455 564 4488 me
584 4437 729 4487 cstlrolicae
749 4437 877 4486 eeclesiae
896 4441 1081 4487 commoveret
1099 4437 1251 4486 auotoritas
1263 4472 1270 4484 .
1284 4471 1291 4484 .
1303 4437 1318 4460 ”
1372 4435 1498 4484 sMisith.
1518 4429 1633 4484 xxvnt.

356 4524 397 4580 20,
469 4522 486 4556 ¹¹
506 4519 847 4588 qnareJHabncncl.13.
925 4520 947 4554 ³³
965 4522 1000 4574 ei.
1020 4521 1088 4572 Luc.
1106 4521 1127 4570 1.
1146 4521 1188 4573 ot.
1257 4517 1281 4553 ¹⁴
1299 4515 1377 4584 fut]
1399 4513 1634 4570 etEceleaiastiei

355 4606 518 4661 xnvlno.
569 4606 592 4640 ²⁵
610 4605 800 4673 lentipes]
819 4607 900 4658 Oseae
920 4606 987 4657 v.1.
1039 4605 1061 4637 ’ὓ
1079 4621 1169 4656 nonne
1188 4600 1279 4669 cogn]
1299 4603 1532 4653 Pontouxillai.
1582 4598 1634 4648 ”si

355 4693 421 4761 not]
442 4693 560 4744 Malach.
574 4693 611 4744 Π.
624 4693 649 4742 2.
707 4690 728 4723 ⁸¹
748 4707 799 4756 ego
818 4688 900 4755 donn]
918 4692 984 4742 lsai.
998 4691 1085 4740 XLII.
1099 4688 1125 4739 8.
1243 4695 1246 4700 “
