3410 5524
200 395 321 458 ιιιττὶιιι
340 417 368 454 ιιι
388 415 481 454 nrcnrr
499 410 784 456 wrarnurnnnuanr,
794 411 897 448 onemo
915 411 941 448 ι.
966 411 994 449 rr.
1007 412 1067 450 ιιιι.
1080 397 1116 464 (t)
1128 415 1155 454 r.
1171 409 1228 452 rura.
1306 391 1353 464 89
1400 417 1402 422 ·
1450 401 1458 420 “

85 579 155 642 tione
175 572 406 656 desyderabilem
429 575 561 634 erorum
582 574 705 650 repente
727 566 869 636 laetitiam!
892 565 939 628 illu
955 569 1128 639 tamderox,
1143 577 1203 635 mm
1218 575 1357 652 violenta,

86 687 135 740 bm
154 679 288 740 menonis
308 676 411 745 belua,
431 691 499 754 qum
519 689 573 734 nos
593 673 698 734 intuitu
721 667 904 732 uucmeotio
925 687 986 732 suae
1006 671 1146 736 adustura
1168 677 1354 753 credebatur,

85 799 142 860 pue
161 788 271 843 attactu
290 759 399 840 furoris
423 778 469 838 sui
495 791 612 838 omnem
640 772 777 834 collisum
804 772 878 842 rim,
911 790 1027 834 omnem
1053 775 1237 852 perfractum
1261 782 1356 862 impe·

85 891 137 944 tum
158 881 332 972 putabatur,
355 881 437 942 cuius
458 879 534 940 tram
556 877 722 943 Germaniae
743 875 916 958 vastitatem,
939 873 1090 939 incursum
1105 878 1252 957 publicam
1274 902 1355 945 mor·

69 995 135 1046 stem
162 981 368 1064 concipiebant
395 981 545 1049 bominea,
552 995 645 1058 qum
672 975 838 1040 minabatur
865 974 1011 1048 crudelia,
1046 980 1172 1072 iaciebat
1197 983 1355 1058 horrenda,

85 1084 206 1150 terrebat
226 1086 382 1156 atrociter,
405 1073 558 1163 puniebat
566 1079 688 1148 misere,
710 1077 773 1148 iba,
796 1080 929 1158 iuquam,
952 1085 995 1142 tot
1014 1063 1356 1162 modispertimesecuda

84 1188 160 1252 belua
182 1202 346 1250 summersa
370 1193 414 1248 est
434 1203 505 1246 neo
511 1182 669 1253 remordit,
692 1183 791 1258 rugata
813 1187 857 1243 est
878 1197 932 1244 nec
954 1184 1074 1254 restitit,
1099 1187 1228 1267 expulsa·
1235 1197 1279 1250 cst
1300 1207 1356 1254 nec

84 1290 208 1352 substitit
253 1288 324 1378 Quis
353 1288 412 1350 boc
438 1303 559 1366 sperare
586 1301 675 1347 ausus
705 1289 781 1352 erat,
809 1289 859 1344 aut
888 1301 953 1362 qum
981 1284 1039 1346 boc
1060 1286 1213 1350 bominum
1234 1293 1277 1352 ris
1299 1295 1383 1358 nisit.
1390 1309 1423 1353 ..ι

83 1399 216 1471 prasente
238 1393 286 1454 dei
308 1391 486 1476 benignitate
508 1389 605 1450 adiuta
629 1387 746 1452 efficere
768 1386 924 1464 potuisset,
956 1393 985 1446 et
1010 1389 1074 1450 sino
1101 1391 1181 1453 crede
1202 1384 1354 1470 pbtuisset,

60 1496 138 1556 usim
158 1495 300 1573 sangnine
322 1501 352 1556 ct
373 1491 573 1554 dimicatione?
599 1507 696 1568 neque
717 1503 773 1564 ego
794 1489 833 1548 ita
855 1506 1023 1567 quenquam
1045 1507 1080 1552 ea
1101 1510 1167 1584 quae
1188 1513 1268 1558 nunc
1288 1499 1354 1560 dico

83 1599 210 1676 accipere
229 1596 296 1658 voto
318 1595 401 1675 quasi
422 1601 524 1656 nostro
546 1593 664 1654 numina
685 1597 715 1652 et
736 1592 846 1669 privata
869 1609 904 1654 ex
919 1589 1114 1655 Huttenorum
1135 1595 1259 1659 uindicta
1282 1617 1353 1678 gau·
1386 1655 1391 1672 ,

83 1699 172 1770 deam,
195 1698 385 1760 domesticam
400 1696 439 1758 ub
454 1697 603 1776 fortunam
618 1694 760 1755 exultem:
775 1699 846 1754 tunc
859 1693 1038 1756 satisfactum
1053 1695 1138 1758 uobis
1153 1700 1230 1760 enim
1247 1700 1350 1774 iuerat,
1362 1718 1421 1769 ιιι.

83 1819 140 1862 cum
160 1777 191 1862 in
213 1799 263 1862 illo
285 1799 374 1862 totius
396 1799 560 1862 Germania
582 1795 720 1864 concilio,
743 1797 772 1856 in
787 1793 842 1868 illo
859 1793 1086 1859 clarissim0rum
1101 1801 1268 1880 principum
1284 1821 1354 1866 cou-

82 1919 155 1966 scssu
177 1901 258 1964 orbis
279 1909 367 1964 terrae
379 1901 546 1980 'imperator
568 1896 779 1978 btaximilianus
795 1914 858 1958 eam
874 1895 991 1977 publice
1005 1902 1178 1964 senteutiam
1195 1904 1273 1976 tulit,
1297 1924 1354 1987 qua

57 2001 124 2065 uite
143 2005 181 2065 ita
201 2004 364 2074 sauciatus,
392 2003 432 2064 ita
447 2001 609 2080 perfossus
626 2007 681 2062 -est
705 2007 738 2060 ut
764 2001 855 2077 magis
880 2000 990 2078 inungi,
1018 2003 1112 2081 magis
1139 2006 1266 2071 interimi
1294 2027 1354 2072 ιιοιι

81 2114 186 2184 possen
209 2113 298 2176 tunc,
321 2107 456 2184 mmmm,
486 2105 556 2166 satis
576 2119 725 2182 superque
746 2100 885 2192 ultionem
908 2103 1091 2166 contumeliae
1117 2113 1226 2168 nostrae
1253 2127 1354 2188 prose·

81 2215 208 2285 quotam,
233 2207 276 2272 'de
298 2206 347 2269 ilio
374 2223 491 2286 pennam
519 2211 665 2283 sumptam
694 2205 872 2283 putavimus,
901 2204 1018 2283 quando
1047 2208 1075 2266 ei
1101 2207 1220 2285 publico
1247 2212 1354 2276 iudicio

81 2327 147 2388 aqna
175 2309 237 2388 igni
264 2317 353 2389 atque
388 2308 540 2370 bominum
573 2308 721 2368 consortio
755 2305 941 2368 interdictum
967 2313 1033 2377 cst,
1067 2309 1130 2388 ipse
1161 2316 1354 2393 proscriptus,

81 2412 202 2474 omnium
226 2413 340 2498 iniuriae
362 2410 494 2474 obiectus
509 2416 567 2479 est,
590 2410 821 2490 uniuscuiusque
834 2409 968 2487 potestati
983 2410 1131 2488 proditus,
1153 2411 1201 2476 ilia
1217 2434 1354 2522 expressa

53 2524 163 2590 'tpnnae
185 2531 275 2578 causa
298 2523 328 2576 et
348 2520 407 2574 tota
430 2530 484 2592 pro
507 2510 645 2572 tribunali
667 2511 812 2588 praeeonis
837 2527 908 2570 uoce
937 2511 1056 2574 recitate
1079 2513 1249 2577 Huttenicae
1268 2488 1353 2580 caia·

80 2615 178 2678 nitatis
213 2615 344 2678 historia.
389 2612 588 2685 Quamobrem
618 2629 684 2690 qum
708 2609 854 2674 deinde
846 2629 934 2674 ausus
963 2619 1008 2674 est
1040 2613 1104 2684 dle,
1138 2619 1204 2697 quia
1237 2620 1383 2698 publicos.
1390 2637 1422 2682 ιι

79 2717 166 2778 omnia
188 2717 323 2800 pericrdo
346 2715 555 2786 censebantur,
584 2721 617 2775 ιιι
643 2712 791 2794 publicam
820 2720 848 2776 et
874 2709 962 2776 totius
985 2716 1149 2778 Germaniae
1171 2737 1288 2783 causam
1310 2731 1356 2784 to·
1412 2769 1413 2774 ι

79 2817 186 2896 tiusque
208 2818 326 2899 imperii
347 2820 498 2898 negotium
520 2835 590 2879 cum
610 2816 675 2878 aliis
696 2833 754 2878 una
776 2818 948 2896 persequuti
962 2833 1070 2884 surmus,
1107 2827 1195 2899 atquc
1217 2822 1245 2883 id
1277 2841 1356 2886 nuuc

79 2919 222 2984 vobisdum
246 2919 360 2996 exulto,
382 2919 534 2984 vobiscum
556 2919 721 2998 triumpho,
745 2935 809 2979 non
832 2918 910 2998 quud
933 2919 1220 2986 inimicumiamilim
1247 2943 1281 2986 ac
1302 2943 1356 2986 no-

53 3023 158 3084 “minis
184 3026 246 3085 mei
274 3021 445 3103 expulsum,
475 3023 600 3084 eiectum
623 3027 653 3082 et
673 3020 912 3090 exterminatum,
942 3039 1109 3101 quanquam
1132 3030 1161 3084 et
1182 3027 1277 3104 ipsum
1300 3028 1357 3089 hoc
1392 3095 1395 3102 ,

80 3123 211 3205 vobrptati
235 3127 362 3188 maxime
380 3121 443 3194 est,
466 3141 526 3184 non
548 3123 668 3184 omnino
690 3130 787 3183 umen
809 3121 886 3182 banc
908 3121 945 3182 ob
968 3141 1102 3194 causam,
1125 3126 1177 3188 sed
1192 3129 1272 3207 quod
1286 3129 1357 3192 sub·

79 3223 167 3288 iatoc
189 3227 290 3289 medio
312 3225 466 3288 turbarum
487 3225 614 3287 authore
636 3222 707 3286 iliud
723 3219 868 3286 invectum
884 3223 1089 3303 tranquillum,
1113 3227 1190 3288 banc
1204 3230 1356 3292 reductam

80 3329 260 3390 securitatem
282 3315 385 3389 video:
414 3345 474 3390 non
496 3329 553 3388 iam
576 3325 624 3388 ilie
645 3329 723 3386 inter
745 3341 796 3385 ros
817 3333 950 3388 versatur
972 3328 1064 3398 enirn,
1087 3330 1138 3406 qui
1160 3331 1255 3392 donec
1283 3340 1425 3401 eratum.

82 3431 155 3506 quies
174 3449 240 3492 non
264 3437 344 3501 erat,
372 3447 429 3508 pax
451 3446 511 3490 non
535 3435 611 3497 erat,
642 3395 735 3488 noviss
757 3428 864 3491 cotidie
885 3435 983 3489 motus
1009 3447 1044 3490 ac
1070 3439 1204 3492 recentes
1232 3432 1357 3495 subinde

54 3531 215 3594 ttturoultns
236 3530 475 3612 suspicationem
510 3548 628 3609 semper
642 3523 774 3611 ‘aliquid
791 3529 994 3592 metuebamus
1024 3531 1103 3610 quod
1131 3531 1179 3594 iile
1208 3538 1357 3596 communi

81 3634 203 3696 omnium
226 3632 304 3695 malo
327 3651 361 3694 ao
380 3634 472 3695 totius
493 3632 657 3694 Germaniae
679 3633 812 3712 periculo
831 3634 976 3711 inciperet
990 3649 1024 3692 ac
1038 3633 1210 3711 perficeret:
1234 3637 1358 3715 proinde

81 3739 130 3794 tem
150 3735 271 3796 laetetur
293 3735 356 3796 baec
378 3735 472 3804 natio,
495 3734 672 3814 quodbanc
694 3741 807 3813 pestem
835 3735 933 3804 eiecit,
962 3734 1018 3798 bue
1047 3737 1176 3800 evomuit
1203 3755 1356 3810 renmrum,

81 3853 158 3914 mam
180 3835 265 3903 ilium
287 3835 472 3914 lugere'scio
499 3837 578 3917 quod
605 3815 682 3898 ba'uc
710 3843 841 3916 ereptam
869 3835 998 3898 audaciae
1023 3855 1084 3899 sum
1112 3839 1241 3917 praedam
1268 3841 1354 3902 videt.

82 3954 243 4018 quanquam
264 3937 385 4001 non-ob
407 3938 437 3999 id
459 3938 783 4002 tantum'exultandu'm
806 3937 892 4000 nobis
911 3944 1001 4017 puto,
1023 3940 1102 4018 quod
1119 3941 1287 4019 ,periorrlum
1304 3941 1424 4004 ue-raa

55 4037 262 4110 uetuerimne,
286 4047 428 4120 quantum
450 4039 600 4102 infamiam
623 4040 702 4118 quod
729 4043 878 4102 exuimus:
907 4041 964 4102 iam
993 4040 1130 4103 dicebant
1157 4043 1234 4104 enim
1264 4046 1360 4107 exteri

82 4157 132 4201 noo
153 4159 220 4204 esse
242 4143 272 4204 iu
296 4142 453 4204 Germania
475 4139 574 4220 leges,
602 4159 663 4202 non
684 4141 804 4212 iudicia,
834 4159 893 4204 non
922 4161 1072 4212 carceres,
1109 4129 1168 4205 non
1199 4144 1357 4226 supplicia;

83 4259 235 4324 rerumque
257 4241 410 4314 dicebant,
434 4259 493 4304 non
516 4250 601 4304 erant
622 4225 714 4314 enirm
738 4249 767 4306 at
789 4262 870 4304 arma
885 4249 953 4305 suut
968 4251 996 4306 ct
1010 4245 1062 4306 viri
1077 4252 1160 4316 sunt,
1183 4255 1271 4328 atque
1285 4247 1357 4312 illud

81 4351 222 4426 utcunque
249 4325 384 4426 punitum
413 4352 510 4407 tamen
540 4344 714 4407 maleficium
742 4352 800 4416 est;
829 4345 891 4424 ipse
912 4363 1028 4427 poenam
1051 4347 1134 4438 dedit
1157 4346 1242 4410 latro.
1286 4347 1426 4420 illudam.

142 4565 288 4620 ¹desider
306 4572 333 4616 ιιι
351 4565 419 4632 nbiq.
433 4569 458 4616 2.
519 4563 539 4598 ¹²
556 4565 932 4634 relantedomeat.ndd.1
990 4565 1011 4600 ¹⁰
1027 4565 1161 4633 sentent]
1180 4567 1249 4619 Vide
1267 4567 1321 4618 vol.
1335 4568 1358 4618 1.

81 4649 167 4714 p..100
159 4669 220 4718 .sq.
238 4651 281 4704 87.
295 4665 355 4717 sqq.
390 4648 412 4682 ²¹
431 4651 478 4716 qui
495 4654 551 4702 ι2.
564 4649 638 4714 (ini.
651 4665 748 4718 prospare
764 4655 894 4740 parneium
912 4657 971 4708 anic
990 4655 1126 4716 nepotiano
1137 4651 1254 4716 cst)¹⁹
1271 4653 1358 4717 quoti

81 4733 154 4786 dior.
205 4735 228 4770 ⁸⁰
240 4737 377 4804 ‚Semper
393 4739 423 4790 fl.
