3434 5512
336 391 408 462 272
469 421 605 456 stentem
618 419 791 456 naernottrtr
805 421 839 454 Dtt
853 421 1001 457 cortusnrv
1013 421 1187 457 tvuvs‘tmttsr
1201 389 1377 458 DRCBIH'lO.
1391 421 1418 457 Δ.
1430 415 1489 458 1518.

334 587 411 635 catus
432 577 565 640 arrabone
588 576 669 636 antula
691 578 828 653 Gasymiro
849 577 995 653 copulavit.
1039 579 1100 634 inde
1123 579 1156 635 ad
1178 579 1319 637 bustenses
1341 579 1421 636 ludos
1443 596 1540 636 omnes
1560 595 1625 655 prc-

265 672 323 726 §.dt
336 664 407 720 lecti.
444 671 524 720 nocte
546 671 637 720 autern
659 679 720 736 quae
744 671 836 720 secuta
860 672 917 726 est.
941 665 1055 720 maritus
1078 665 1229 738 meritaque
1252 681 1304 720 una
1320 664 1542 730 concubuerunt;
1565 682 1624 722 nam

331 748 485 823 principum
509 749 536 804 in
558 747 700 804 Germania
724 765 784 804 mos
807 757 862 811 est.
891 756 922 805 ut
951 749 1027 823 prius
1056 747 1125 804 intra
1157 748 1303 805 thalamum
1332 750 1375 806 ius
1397 749 1522 807 maritale
1544 749 1624 826 perli-

332 834 417 896 ciant,
441 850 521 908 quanr
544 833 628 890 sacris
651 833 780 889 intersint
802 833 977 908 nuptialibus.
1022 834 1114 907 itaque
1135 850 1196 890 cum
1217 851 1318 890 aurora
1346 833 1533 898 illucesceret.
1564 835 1624 890 Gar-

331 917 429 976 dinalis
450 918 636 992 llaguntinus.
665 918 713 992 qui
741 917 878 992 sponsalia
900 918 988 992 pridie
1010 918 1166 992 auspicatus
1194 919 1297 982 luerat.
1327 918 1518 976 celebraturus
1547 936 1645 978 sacras

332 1002 463 1079 templum
486 1005 626 1076 ingressus
648 1010 706 1066 est;
729 1002 811 1077 paulo
834 1012 898 1077 post
921 1002 1020 1077 legati,
1043 1001 1134 1060 Cesar
1155 1012 1246 1060 autem
1269 1003 1435 1061 tardiuscule
1458 1004 1622 1061 adventarit:

331 1105 392 1146 nam
422 1089 529 1146 leminea
559 1095 702 1162 antequam
729 1096 839 1144 comant
869 1096 1022 1163 orarentque
1050 1105 1125 1150 sese.
1155 1105 1241 1146 annus
1270 1088 1400 1146 elabitur:
1428 1090 1489 1164 ipse
1518 1089 1623 1146 ceteris

331 1173 500 1249 principibus
522 1173 667 1230 comitatus
689 1181 801 1248 nuptam
824 1181 852 1229 et
874 1181 983 1248 neptem
1005 1189 1081 1230 suam
1104 1173 1136 1229 ad
1160 1172 1290 1248 templum
1318 1175 1403 1230 duxit.
1449 1175 1476 1230 ia
1507 1193 1564 1248 quo
1587 1175 1622 1230 ita

331 1259 416 1316 divisa
438 1257 567 1316 subsellia
589 1266 668 1315 sunt:
691 1257 780 1314 Cesar
802 1257 897 1315 relicta
919 1275 1019 1334 sponsa
1041 1275 1091 1333 per
1112 1257 1262 1315 cochlidem
1286 1259 1317 1316 ad
1340 1260 1511 1333 superiorem
1534 1259 1621 1316 locum

333 1345 466 1406 ascendit.
489 1353 517 1400 et
539 1360 553 1399 e
576 1342 714 1416 pluteolo,
739 1352 770 1400 ut
792 1359 857 1400 suus
880 1351 922 1400 est
944 1361 1017 1407 mos,
1042 1343 1188 1416 spectavit;
1211 1344 1303 1418 Legati
1326 1361 1341 1399 e
1363 1345 1490 1417 proxime
1506 1344 1651 1418 pulpitum

265 1435 322 1486 §.tt
334 1428 514 1486 assidentibus
535 1428 629 1484 dextra
651 1427 771 1502 laevaque
794 1428 976 1504 principibus:
1000 1429 1069 1485 inlra
1092 1437 1180 1485 autem
1203 1428 1231 1484 in
1252 1429 1423 1486 sacerdotum
1439 1427 1548 1486 sellulis
1564 1429 1622 1486 binc

336 1514 398 1572 inde
419 1529 538 1590 sponsus
559 1521 587 1570 et
608 1513 745 1588 principes
766 1512 880 1588 reliqui;
909 1530 1009 1588 sponsa
1037 1513 1063 1569 in
1087 1511 1225 1570 subselliis
1254 1512 1350 1570 metliis
1373 1521 1522 1588 propterea
1544 1513 1622 1569 erlid-

335 1600 416 1662 catis.
445 1615 497 1673 qua
520 1615 581 1655 cum
603 1605 631 1654 et
653 1607 835 1655 matronarum
858 1606 886 1656 et
912 1597 1078 1673 puellarum.
1109 1615 1170 1672 quaa
1200 1598 1225 1654 io
1255 1599 1375 1654 diversas
1402 1597 1497 1654 divisae
1524 1597 1621 1655 classes

335 1692 426 1746 erant,
454 1681 621 1740 assidebant:
649 1683 708 1759 ipsa
730 1683 788 1740 sola
815 1684 954 1758 inprime
977 1683 1071 1740 ordine
1100 1700 1174 1740 sacra
1198 1699 1212 1740 e
1234 1683 1346 1757 pulvino
1369 1699 1452 1740 aureo
1476 1685 1620 1757 spectavit:

336 1770 429 1826 eodem
451 1769 532 1824 modo
555 1777 582 1824 et
605 1768 771 1843 Casymirus.
795 1777 893 1825 ornatu
915 1769 996 1826 etiam
1019 1785 1101 1825 auree
1123 1767 1211 1825 antica
1233 1769 1392 1842 poeticaque
1413 1767 1556 1841 turgebat:
1584 1769 1648 1823 ints

337 1855 376 1912 lra
398 1870 491 1912 omnes
513 1853 650 1928 principes
672 1852 840 1917 assidebant;
862 1853 889 1908 in
911 1852 1005 1910 alteris
1028 1871 1042 1910 e
1065 1855 1178 1927 regione
1193 1851 1302 1910 sedibus
1317 1852 1549 1928 Archiepiscopus
1563 1853 1621 1908 Bra·

336 1939 450 2002 mensis,
473 1939 594 2012 quinque
607 1939 724 2001 bavariae
745 1939 841 2001 duces.
864 1946 892 1995 et
912 1939 967 1995 dno
987 1939 1154 1996 llarchiooes
1169 1937 1438 2012 madeburgensem
1466 1955 1531 1995 cum
1552 1937 1621 2011 lega·

337 2025 372 2082 tis
394 2041 458 2082 vern
481 2023 616 2097 pontidcis
639 2023 745 2086 Gallie,
775 2022 897 2080 Poloniae
925 2031 1062 2086 oratores,
1090 2023 1212 2099 episcopi
1240 2032 1372 2098 quatuor,
1403 2022 1541 2096 Georgius
1570 2023 1620 2078 llus

154 2145 160 2156 ·
266 2109 477 2173 tesmonia,
499 2109 626 2184 princeps
648 2109 681 2165 de
702 2107 802 2165 anhalt
823 2116 851 2165 et
872 2107 996 2186 plerique
1018 2107 1064 2166 alii
1087 2109 1135 2165 viri
1158 2107 1264 2165 nobiles
1287 2107 1479 2164 interfuerunt.
1502 2108 1619 2165 Peractis

334 2188 443 2277 ffl'abn.
466 2197 474 2269 Ι
496 2195 580 2250 sacris
602 2194 712 2268 epulum
734 2193 979 2269 splendidissimum
1000 2194 1091 2250 datum
1121 2201 1177 2256 est,
1206 2193 1299 2250 divisis
1326 2201 1441 2268 propter
1467 2193 1646 2271 principantes

334 2281 455 2336 virorum
477 2278 677 2336 multitudinem
699 2279 828 2354 prandiis.
864 2295 926 2336 cum
949 2279 1055 2336 (lesere
1077 2294 1177 2353 sponsa
1200 2295 1230 2335 ac
1244 2277 1419 2334 nobilissimae
1434 2295 1555 2352 quaeque
1569 2295 1619 2334 nra·

335 2374 422 2422 tronae
445 2363 635 2440 principesque
656 2364 868 2427 discubuerunt;
895 2381 956 2420 cum
979 2363 1112 2420 cardinali
1134 2363 1291 2436 llaguntinc
1313 2361 1407 2436 Legati
1436 2371 1466 2418 et
1492 2362 1618 2420 ecclesia·

334 2449 396 2508 stici
418 2449 520 2508 ordinis
542 2450 647 2513 eastern
670 2465 730 2507 curn
753 2447 905 2506 Guilbelmo
928 2449 1044 2506 dovoriae
1064 2449 1135 2506 buce
1157 2456 1294 2510 oratores,
1317 2448 1435 2504 Berones
1458 2455 1487 2504 ct
1510 2445 1618 2505 nobilis·

335 2535 395 2592 simi
418 2521 518 2609 quiq'ue
541 2552 571 2590 ac
593 2533 743 2609 puellarum
765 2544 863 2592 turma.
899 2534 973 2591 domi
995 2542 1087 2591 autem
1102 2534 1172 2609 apud
1187 2533 1369 2608 Gasymi'rum,
1392 2548 1548 2607 quanquam
1564 2534 1617 2607 ipsc

266 2619 407 2695 t.tt.apud
428 2619 593 2678 Cardiualem
616 2620 739 2694 prandit,
762 2619 833 2676 bona
855 2619 985 2678 nobilium
1007 2635 1070 2694 pars
1092 2619 1230 2675 convivata
1253 2628 1304 2675 est.
1337 2617 1441 2691 Ubique
1456 2618 1542 2675 variis
1556 2619 1641 2674 mis-tr

333 2721 412 2762 suum
433 2703 580 2778 generibus
602 2701 756 2769 certatum;'
772 2705 843 2780 apud
857 2704 1042 2780 llaguntinum
1063 2703 1216 2778 papiliones
1238 2703 1411 2776 tentoriaque
1433 2703 1462 2758 in
1478 2703 1563 2760 borlo
1576 2719 1616 2758 er·

335 2799 423 2852 tensa,
445 2797 477 2845 ut
499 2787 550 2845 suls
572 2787 660 2845 velum
682 2781 895 2864 quodammodo.
919 2806 953 2846 ne
975 2787 1017 2846 rel
1039 2789 1128 2864 pluvia
1150 2787 1192 2844 vel
1214 2787 1274 2846 sole
1290 2787 1508 2850 offenderentur,
1531 2787 1615 2844 disca·

333 2874 466 2936 buerunt,
494 2882 522 2930 et
543 2882 645 2948 preter
666 2873 781 2949 dapsilis
809 2863 847 2931 ac'
866 2873 963 2932 salaria
993 2874 1107 2930 obsonia
1135 2873 1216 2930 etiam
1237 2889 1313 2936 aves,
1336 2880 1439 2935 castra.
1470 2872 1615 2930 arbustula

333 2959 402 3016 minc
424 2958 605 3032 topiariorum
628 2958 737 3033 ingenio
761 2960 789 3016 iu
811 2975 917 3016 menses
940 2957 1041 3023 allate:
1064 2958 1165 3016 cibaria
1187 2965 1215 3015 et
1236 2959 1311 3032 priva
1326 2965 1355 3014 et
1369 2957 1490 3020 erotica.
1514 2959 1615 3014 lrnetus

332 3044 397 3100 item
419 3059 474 3100 nou
496 3041 569 3098 illius
592 3043 712 3118 regionis
734 3044 797 3100 dati.
820 3044 962 3101 missilium
985 3045 1073 3102 omnia
1095 3060 1208 3119 genera.
1232 3044 1258 3100 in
1274 3051 1434 3117 tantumque
1449 3059 1543 3100 rernm
1557 3051 1640 3099 soa-tt

332 3127 500 3191 vissimarunr
522 3127 599 3202 copia
621 3129 721 3192 crevit,
744 3137 775 3186 ut
794 3129 943 3186 dulciarios
958 3145 1068 3192 omnes,
1093 3129 1299 3204 tragematarios
1314 3145 1345 3186 ac
1360 3128 1490 3186 lactarios
1514 3128 1552 3201 (iri
1567 3145 1614 3184 usu

332 3213 402 3271 eninr
424 3213 559 3287 frequenti
582 3212 693 3272 lactaria
715 3231 798 3289 opera
821 3222 885 3270 sunt
907 3213 977 3289 apud
1000 3213 1157 3288 Germanos)
1187 3215 1307 3272 redditos
1336 3231 1396 3272 esse
1419 3213 1511 3270 lessus
1532 3213 1613 3270 credi·
1699 3233 1700 3254 t

264 3297 425 3365 §.sederim
462 3297 575 3355 Invicem
597 3307 687 3356 autem
710 3315 764 3356 non
786 3299 953 3362 sartariolis.
978 3300 1026 3356 sed
1045 3298 1200 3374 capitolinis
1216 3299 1353 3373 amplioris
1368 3299 1547 3374 propinatam
1560 3305 1613 3360 cat;
1699 3291 1700 3334 ³

331 3391 412 3459 atquc
434 3383 506 3440 inter
528 3383 712 3458 prandendum
734 3395 834 3459 praeter
854 3384 1019 3441 citharoedos
1034 3393 1062 3441 et
1078 3384 1168 3458 Sopho
1191 3382 1264 3440 illam
1279 3401 1293 3440 a
1310 3400 1352 3439 me
1367 3385 1468 3458 sapius
1483 3383 1611 3442 laudatam

330 3468 563 3528 chorocitharistae
578 3476 606 3526 ct
622 3468 871 3543 psallccitheristae,
895 3470 1073 3544 tympanistae,
1096 3468 1229 3526 tubicines
1245 3467 1424 3542 tibicinesque
1447 3469 1638 3526 condensos

330 3563 358 3612 et
372 3555 477 3612 divisim
492 3563 520 3611 et
534 3555 638 3611 mixtim
659 3554 848 3628 personabant.
889 3554 949 3610 Non
968 3554 1115 3612 defuerunt
1135 3563 1163 3612 et
1184 3551 1342 3610 balatrones
1364 3553 1565 3628 mimorumque
1585 3569 1611 3608 ac

331 3657 485 3698 scurrarum
500 3638 630 3714 collegia,
654 3641 700 3714 qui
715 3639 826 3696 llilesiis
843 3637 941 3696 sabulis
958 3657 988 3696 ac
1003 3639 1176 3696 Fescenniuis
1198 3637 1361 3696 carminibus
1383 3638 1557 3695 convivarum
1570 3655 1611 3693 au·
1699 3671 1700 3702 i

263 3734 374 3785 §.seres
394 3725 601 3801 permulcerent.
639 3726 755 3799 peractis
771 3723 871 3798 ubique
886 3723 1005 3798 prandiis
1021 3724 1054 3780 ad
1076 3724 1217 3782 hastenses
1240 3723 1320 3781 ludos
1342 3724 1409 3780 itum
1422 3731 1485 3786 ‚est
1521 3722 1609 3782 cesar,

339 3996 344 4006 ’
397 3991 524 4043 'annulo
538 3995 564 4044 3.
611 3992 787 4061 ‘testimonla
805 3997 830 4049 2.
876 3991 1416 4067 ⁷Terent.Heaut.11.·2,lo.sq.,‚...et
1433 3977 1509 4044 nosti
1527 4001 1608 4042 morat
1699 4027 1700 4054 p

330 4075 483 4128 mulierum:
503 4078 574 4127 Dum
592 4078 751 4143 moliuntur,
771 4079 833 4129 dnm
851 4085 1006 4143 comuntur,
1026 4093 1114 4128 cnnua
1133 4077 1231 4140 essm?
1268 4078 1371 4144 fqminq
1385 4080 1408 4125 l.
1428 4077 1547 4128 tremine
1559 4077 1607 4127 34.

328 4159 349 4192 ¹¹
364 4160 457 4211 Caesar
470 4164 526 4212 1.2.
561 4160 583 4196 ²⁸
601 4161 697 4228 papil]
707 4166 831 4228 pusillosa
846 4165 949 4214 Gallice.
984 4163 1007 4196 ²⁹
1020 4162 1269 4229 mirotopicrlcrum
1283 4165 1308 4212 3.
1315 4165 1341 4211 4.
1361 4163 1435 4228 quari
1451 4178 1525 4212 musa
1541 4175 1605 4212 acea

328 4245 500 4296 emanasset.
551 4243 575 4278 ¹³
593 4245 740 4313 capitolin
760 4249 789 4297 iu
805 4247 945 4317 Maximin.
958 4249 982 4298 t.
1001 4245 1207 4315 „Capitolinam
1227 4245 1413 4312 amphoram’',
1431 4249 1449 4295 t
1463 4261 1487 4299 e.
1499 4247 1607 4312 τιμίω

327 4343 459 4382 memte.
479 4331 517 4382 cl.
530 4329 620 4383 Germ.
633 4331 667 4382 de
684 4330 766 4398 pond.
779 4335 807 4390 et
823 4347 908 4383 mena.
922 4347 967 4398 sp.
978 4333 1149 4384 Wernsdorf.
1163 4337 1237 4399 poet.
1250 4331 1315 4382 min.
1328 4329 1362 4384 V.
1377 4329 1399 4379 l.
1413 4346 1441 4396 p.
1453 4329 1513 4382 ooo.
1532 4331 1606 4394 „An-

328 4414 415 4481 pbors
432 4413 464 4465 dt
481 4414 580 4481 cubus,
599 4431 680 4482 qnam
698 4431 733 4466 nc
749 4415 854 4466 violam
872 4417 985 4482 liceret,
1003 4433 1150 4469 sacravere
1162 4418 1229 4468 'lovi
1246 4416 1366 4482 Tarpeio
1391 4416 1420 4464 in
1437 4419 1530 4466 menta
1546 4411 1605 4476 Qni-
1699 4435 1700 4440 ¹

328 4501 422 4551 altss¹’.
455 4499 479 4534 ¹⁴
496 4499 659 4566 cytharoedos
678 4503 701 4551 1.
708 4505 734 4551 2.
758 4489 930 4566 cytharoedos
950 4505 976 4552 3.
1020 4501 1135 4561 laudet]
1153 4507 1180 4551 to
1196 4501 1342 4565 Hodoepcr.
1361 4500 1386 4551 si
1404 4499 1477 4550 bane
1495 4497 1603 4550 memini

327 4585 349 4618 ⁸⁵
367 4583 605 4652 choroeythsristq
621 4587 680 4637 cdd.
720 4585 963 4652 psellocylbsrislq
980 4588 1039 4636 cdd.
1087 4583 1601 4650 “putatemusst.110r.sss.1.2.s.
1699 4595 1700 4636 3

325 4669 608 4722 ”Mlllabelb‘esc
623 4668 718 4734 carm]
736 4673 751 4720 l.
766 4687 789 4721 e.
803 4669 966 4736 Scdcmpa'ele
985 4674 1036 4720 aad
1053 4672 1280 4721 Hoclreeilslieder.
1321 4667 1343 4702 ³⁸
1361 4670 1391 4721 ob
1407 4671 1472 4734 1132.
1512 4665 1601 4730 balm-
1699 4661 1700 4712 l

325 4755 398 4819 lss2.
439 4755 640 4822 promulcerent
652 4759 677 4806 3.
688 4757 766 4820 salso.
1699 4775 1700 4784 .
