3464 5526
254 383 379 420 uanam
399 383 427 420 lb
447 383 591 420 vnntctlvu
610 383 887 420 WillTldlil'nfluffli
905 381 1007 422 ΟΙΛΉΟ
1026 385 1045 422 1.
1064 385 1131 422 m.
1144 383 1171 422 A·
1185 380 1245 422 lblb.
1372 357 1394 427 7

59 569 62 576 ⁴
107 538 195 610 culis,
218 555 372 618 opponere
392 536 617 600 discriminibus.
656 537 708 601 llis
730 539 773 598 sic
794 536 970 600 habentibus
991 555 1066 599 nova
1086 539 1250 602 intercessit
1269 545 1465 612 occasionn,
1560 585 1565 596 ,

107 661 161 720 qua
182 643 265 702 senis
287 640 431 702 beneficio
453 647 599 702 uteretur:
622 659 656 700 re
678 633 815 700 familiari
836 641 872 701 ad
892 631 1013 717 magnas
1028 635 1176 718 angustias
1195 643 1312 704 redacta
1329 663 1397 704 cum

108 743 249 822 quicquid
273 742 402 822 undique
426 760 578 804 corrasum
600 749 663 802 erat
683 741 880 822 prodegisset,
905 749 971 803 orat
991 743 1078 804 istum
1101 747 1227 820 pecunia
1247 745 1305 806 sibi
1328 744 1397 806 sub-

109 845 219 906 veniat:
245 851 348 908 notum
371 843 508 914 omnibus
530 849 573 904 est
595 861 682 922 quam
702 843 759 903 boc
779 842 865 904 facile
885 844 1065 922 impetrarit:
1087 843 1168 906 nullo
1191 849 1259 908 dato
1274 849 1398 927 pignore

93 961 161 1006 suec
185 948 216 1008 iu
239 947 336 1007 smnus
358 945 383 1006 Χ
404 945 482 1006 milia
502 963 661 1007 aureorum
683 931 838 1006 lrummum
865 945 993 1025 accepit,
1022 963 1087 1024 qum
1108 963 1187 1008 nurrc
1210 967 1326 1028 quoque
1347 949 1397 1010 de-

110 1049 164 1110 bet.
211 1047 291 1110 Ecce
323 1055 420 1110 autem
455 1047 533 1108 aliud
562 1046 659 1112 subito
689 1045 879 1122 benignitatis
913 1053 1022 1106 nostrae
1048 1053 1179 1126 tempus:
1210 1053 1467 1115 coniuratumtm.

110 1151 250 1212 adsersus
273 1168 340 1212 eum
362 1168 378 1210 a
399 1148 607 1230 popularibus
634 1150 685 1228 qui
714 1149 915 1228 importunum
941 1147 1033 1226 ipsius
1058 1150 1220 1228 imperium
1237 1153 1316 1214 ierre
1339 1146 1420 1214 non

78 1249 83 1257 “
110 1259 270 1332 poterant„
285 1253 418 1331 rapinas,
446 1252 629 1313 extorsiones
656 1269 690 1312 ac
712 1248 862 1328 vectigalia
888 1243 954 1327 piris
976 1268 1060 1330 aequo
1088 1259 1188 1314 exacta
1212 1255 1398 1316 accusabant.

111 1355 149 1414 Eo
178 1372 251 1416 casu
272 1344 368 1433 'quarn
397 1359 542 1416 commota
569 1353 658 1414 luerit
684 1352 857 1421 Germania,
887 1357 1088 1431 quantumque
1116 1354 1200 1414 vobis
1225 1357 1398 1434 periculum,

88 1471 105 1508 u
113 1457 277 1536 principes,
309 1455 509 1534 impenderit,¹
526 1456 557 1516 in
578 1461 720 1534 quantum
741 1459 801 1514 tota
826 1451 964 1514 nobilitas
991 1453 1149 1516 discrimen
1175 1456 1264 1518 buius
1288 1458 1400 1519 scelere

112 1558 294 1635 pervenerit,
316 1558 464 1618 recentius
485 1563 544 1628 est,
567 1557 701 1633 gravius,
729 1575 763 1616 ac
786 1554 824 1616 ob
852 1555 879 1616 id
903 1555 1125 1618 memorabilius
1153 1577 1240 1638 quam
1260 1545 1293 1620 ut
1315 1560 1399 1640 igno·
1513 1571 1515 1578 ’

111 1678 175 1722 rare
197 1661 267 1738 quis
285 1659 385 1740 possit.
421 1660 447 1718 si
473 1661 550 1720 euim
578 1657 665 1718 latius
693 1658 750 1718 boc
775 1657 944 1734 contagium
971 1674 1093 1736 serpere
1118 1661 1301 1738 contigisset,
1334 1676 1468 1740 quaene.

112 1780 167 1822 non
192 1761 292 1820 statim
314 1777 427 1821 suanum
448 1760 554 1820 inituris
574 1761 733 1836 permista,
761 1758 831 1839 quid
857 1777 916 1820 nun
942 1778 957 1820 a
981 1778 1034 1820 suo
1060 1767 1137 1822 statu
1159 1762 1306 1824 deiectum
1329 1764 1400 1824 iuis·

112 1869 167 1932 set,
193 1861 265 1941 quid
287 1860 528 1928 conturbatum,
554 1878 641 1940 quam
656 1879 716 1922 aron
735 1859 937 1938 indignitatem
956 1879 1058 1922 omnes
1076 1843 1223 1925 tulissent!
1247 1863 1307 1924 Etsi
1323 1866 1402 1926 enim

87 1981 145 2026 uer
170 1982 263 2026 causa
286 1961 480 2026 movebantur
502 1962 615 2032 miseri,
639 1969 668 2023 et
689 1961 785 2040 primo
807 1960 879 2024 nibil
901 1962 1085 2025 immoderati
1100 1966 1339 2044 proponebatur,
1359 1973 1402 2026 ta·

112 2085 177 2128 nen
199 2071 304 2146 postea
324 2063 464 2144 gliscente
486 2062 613 2124 tumultu
636 2064 817 2126 consortium
840 2063 985 2126 malorum
1007 2066 1185 2136 institutum,
1215 2074 1251 2128 ut
1273 2067 1320 2136 iit,
1349 2066 1403 2128 bo·

113 2187 220 2230 norum
247 2167 416 2228 antevertit:
446 2163 578 2226 adiunxit
604 2183 635 2226 se
656 2163 821 2226 levissimus
847 2145 989 2246 quidque,
1020 2165 1142 2228 obaerati
1170 2187 1274 2230 omnes
1294 2187 1330 2228 ac
1352 2169 1404 2228 de·

113 2277 229 2350 sperata
257 2287 290 2330 re
317 2266 452 2331 familiari
480 2273 610 2344 egentes.
646 2265 800 2330 consilium
824 2275 902 2338 erat,
934 2274 966 2332 nt
991 2269 1086 2330 omnis
1108 2269 1239 2331 lunditus
1267 2269 1404 2330 nobilitas
1455 2263 1488 2352 ἰ

114 2373 265 2442 interiret,
287 2371 318 2430 in
341 2370 445 2436 domus
466 2368 645 2447 locupletum
668 2368 795 2446 impetus
815 2369 914 2440 lieret,
937 2371 1070 2448 pecuniae
1088 2371 1274 2434 sacerdotum
1294 2372 1404 2449 diripe·

81 2481 233 2544 urentur,
254 2472 352 2533 omnia
374 2478 520 2550 prostrata
543 2489 577 2531 ac
597 2487 697 2532 eversa
716 2477 829 2540 esseut,
850 2488 952 2532 rerum
965 2471 1164 2548 gubernacula
1185 2474 1402 2544 desererentur.
1473 2485 1476 2492 ’

115 2575 184 2645 (luae
208 2592 269 2636 non
292 2571 401 2634 ideireo
424 2573 520 2650 attigi,
550 2579 592 2633 ut
614 2570 822 2634 videatur.bic
852 2571 1009 2652 aliquando
1032 2573 1109 2636 bene
1138 2577 1182 2637 vel
1210 2578 1336 2648 sensisse
1357 2575 1472 2641 velem.

114 2677 235 2746 iecisse,
258 2674 309 2736 sed
332 2691 390 2753 quo
409 2673 560 2748 ostendam
581 2680 707 2752 quantus
727 2692 765 2746 ex
788 2673 845 2734 bac
866 2680 948 2752 peste
970 2673 1092 2736 morbus
1110 2683 1200 2738 totam
1216 2677 1404 2743 Germaniam

116 2797 230 2842 summo
251 2795 322 2846 cum
344 2775 492 2856 periculo,
512 2794 628 2838 summo
650 2773 768 2854 publico
791 2783 871 2839 metu
886 2777 1039 2850 invaserit,
1062 2783 1153 2856 utque
1169 2798 1272 2842 omnes
1290 2797 1406 2840 mecum

32 2864 36 2877 ’
117 2885 347 2958 recognoscant,
370 2895 430 2938 nou
452 2896 535 2940 ame
558 2881 751 2956 cognoscant,
773 2884 915 2954 quantum
938 2897 974 2939 ex
994 2878 1049 2940 bac
1064 2879 1207 2942 furiarum
1224 2881 1288 2942 iace
1308 2883 1408 2941 incen-

86 2983 197 3044 ²⁵dium
219 2980 379 3044 conllatum
399 2982 450 3051 sit,
473 2977 551 3058 quod
573 2985 695 3066 eatenus
715 2971 835 3057 quidem
858 2987 921 3042 erat
939 2982 1003 3059 pice
1023 2980 1137 3046 acoleo
1155 2983 1407 3060 restinguendum,

117 3092 264 3166 quatenus
284 3089 367 3143 tuum
386 3081 561 3144 sceleratum
584 3085 687 3166 caput,
710 3087 789 3141 tuam
816 3081 992 3144 exitiabilem
1014 3084 1100 3144 vitam
1123 3084 1254 3164 petebau
1296 3085 1353 3149 Sed
1375 3090 1474 3146 tuen

116 3207 188 3268 age,
212 3193 246 3247 ut
269 3203 305 3246 eo
327 3201 386 3264 quo
407 3190 548 3263 properat
569 3184 663 3243 oratio
682 3182 811 3252 ieratur,
834 3183 982 3261 quomodo
1004 3185 1120 3250 tandem
1141 3186 1239 3247 erbis
1259 3185 1405 3256 ductibus,

117 3291 173 3352 boc
193 3282 537 3364 naufragioemersistil
561 3286 717 3364 quicquam
740 3285 769 3344 in
793 3283 835 3344 tui
856 3288 1079 3348 conservatione
1099 3306 1157 3348 non
1178 3288 1215 3348 ad
1238 3295 1337 3348 nostra
1352 3288 1410 3346 ini-

119 3394 154 3454 tia
178 3388 370 3452 relerendum
392 3387 455 3448 est?
476 3386 560 3456 Quod
583 3387 625 3448 sic
646 3405 663 3448 a
684 3403 731 3449 me
754 3383 812 3446 diei
833 3393 918 3464 puta,
940 3387 1050 3458 Cesar,
1075 3409 1134 3450 non
1155 3389 1234 3469 quod
1257 3390 1287 3448 in
1302 3389 1409 3448 restin-

88 3491 238 3570 ttguendo
259 3489 317 3554 boc
336 3489 472 3552 incendio
494 3495 544 3550 ant
565 3487 618 3548 abs
638 3494 668 3548 te
690 3495 739 3552 aut
760 3485 796 3548 ab
812 3488 874 3548 istis
892 3489 1074 3570 principibus
1093 3493 1248 3570 quicquam
1265 3497 1409 3551 cessatum

119 3601 239 3674 putem,
257 3591 309 3656 sed
325 3591 391 3670 quia
409 3608 464 3652 nos
478 3589 565 3668 primi
580 3589 698 3650 luriosae
714 3589 926 3652 coniurationis
941 3601 1052 3653 motum
1071 3595 1300 3672 composuimus,
1322 3592 1411 3671 primi
1496 3668 1499 3676 ι

120 3715 174 3756 nos
196 3694 342 3774 grassanti
362 3691 499 3770 procellae
521 3698 620 3752 nostra
645 3691 738 3770 capita
763 3688 933 3754 obiecimus.
968 3691 1130 3774 ‘Responde
1148 3695 1196 3756 bic
1211 3695 1305 3764 enim,
1324 3693 1409 3762 latro,
1421 3700 1479 3751 tut.

120 3800 176 3859 nisi
196 3795 247 3860 ille
267 3796 325 3856 boc
340 3793 508 3861 Ludoricbo
528 3799 632 3854 autore
651 3793 758 3854 misem
781 3809 816 3862 es
832 3791 953 3854 Francis
968 3794 1021 3857 uti
1039 3787 1184 3876 equitatus
1198 3803 1289 3862 esset,
1309 3813 1410 3874 qnam-

121 3901 169 3961 diu
190 3897 380 3960 sustinuisses
405 3896 433 3956 id
456 3891 587 3956 bellnml
616 3902 665 3956 aut
690 3909 767 3963 non,
798 3911 863 3972 quae
891 3901 940 3958 tua
971 3896 1011 3958 ibi
1035 3899 1161 3960 lormido
1183 3905 1338 3978 perspecta
1359 3905 1412 3965 est,

91 4001 159 4062 uad
180 4001 349 4080 proximum
372 4013 519 4076 quemque
540 3995 692 4058 incursum
713 3995 937 4058 succubuissesl
965 4007 997 4059 ut
1018 4019 1106 4062 nemo
1133 4003 1250 4079 ignoret
1271 4017 1359 4078 quam
1382 4005 1413 4058 tu

122 4103 284 4172 immerito,
314 4117 402 4178 quam
425 4099 525 4176 inique
547 4117 581 4162 ac
603 4097 715 4160 nelarie
735 4097 780 4157 bis
802 4097 852 4176 qui
874 4105 902 4158 te
930 4109 1156 4172 conservarunt,
1188 4103 1289 4182 quiin
1314 4101 1411 4161 locum
1535 4175 1540 4184 .

123 4204 331 4272 restituerunt,
355 4201 466 4263 cedem
489 4217 523 4260 ac
546 4198 704 4260 orbitatem
723 4198 866 4260 intuleris.
910 4201 1092 4279 arroganter
1113 4205 1163 4265 bic
1183 4203 1294 4284 aliquid
1321 4202 1480 4264 viderit-u.

124 4327 139 4366 a
162 4325 212 4368 me
234 4305 345 4366 dictum
368 4302 449 4364 robis
469 4308 621 4383 putarem,
647 4302 801 4371 Germani,
830 4303 887 4362 nisi
909 4305 1016 4367 scirem
1037 4315 1138 4369 nostra
1169 4307 1200 4366 in
1222 4305 1302 4366 bunc
1324 4303 1413 4365 bene·

191 4521 299 4592 ‘dsto]
318 4493 416 4592 posito⁸
426 4528 457 4574 11.
509 4519 625 4573 lmillio
643 4525 668 4572 2.
725 4517 809 4571 ⁰Der
827 4537 896 4573 amne
917 4524 998 4580 Kunz.
1061 4527 1082 4562 ¹²
1099 4525 1162 4595 hoc]
1183 4528 1210 4578 id
1228 4533 1257 4580 H.
1313 4521 1336 4556 ²⁸
1354 4539 1415 4574 cnm

125 4613 195 4662 cade.
212 4613 236 4660 1.
286 4607 309 4642 ²⁵
326 4607 391 4675 pice
409 4626 443 4660 ae
462 4609 523 4660 oleo
537 4609 613 4666 rest]
632 4609 648 4656 i.
662 4622 685 4658 e.
696 4607 841 4670 fouendum
858 4613 1004 4674 aagendam.
1055 4613 1077 4646 ²⁰
1095 4611 1181 4678 tuum]
1199 4613 1284 4677 ipsine
1303 4625 1372 4660 corr.
1385 4611 1414 4655 11.

55 4763 60 4776 Ι
125 4690 215 4762 mam]
235 4695 321 4762 ipsine
339 4698 370 4744 Η.
422 4693 445 4726 ¹¹
461 4689 516 4759 his]
537 4691 571 4744 iis
588 4694 617 4742 ll.
670 4689 692 4722 ²⁸
710 4687 812 4757 hoclao
829 4695 859 4742 Π.
922 4694 944 4728 ⁸³
963 4697 1084 4764 quandiu
1102 4700 1126 4746 1,
1182 4695 1204 4728 δῦ
1223 4707 1323 4761 qma„
1341 4695 1364 4742 ι,
