3382 5516
236 443 428 480 consummo
441 444 602 492 detinentes
614 441 768 480 PROPOSITA
780 444 815 480 An
829 441 1018 480 RBEUTOBIBV!
1031 443 1065 478 ΕΤ
1078 444 1101 478 0·
1116 445 1141 478 Δ.
1157 436 1214 478 loll.
1292 412 1362 484 187

77 603 258 660 minuendum
281 603 483 678 addendumque
505 603 712 668 existimaverit,
741 601 946 677 indicimetque
967 601 1083 660 consilio
1106 601 1244 661 ostendet·
1282 607 1311 660 et
1332 601 1364 660 li·

75 695 123 744 cet
146 687 339 746 serenissimus
361 688 450 744 Cesar
471 688 613 763 praeterite
634 688 724 744 omnio
745 688 796 744 ism
819 687 944 762 plurimis
965 687 1132 750 documentis
1148 687 1214 744 setis
1228 705 1364 762 superque

77 773 209 834 dormit„
232 774 265 830 de
287 773 524 848 presentibusque
546 772 627 829 etiem
651 769 797 830 multorum
820 771 921 834 literis,
944 771 1049 828 nunciis
1071 779 1099 830 et
1121 771 1284 830 testimoniis
1306 789 1364 830 cer·

78 859 137 914 tior
160 859 245 914 luerit
267 858 402 920 redditus.
425 859 560 932 cordeque
584 857 679 914 intimo
701 867 728 914 et
749 858 849 932 sepius
872 857 1018 913 indoluerit
1038 865 1066 915 et
1080 857 1151 931 spud
1166 851 1364 916 sanctissimum

53 943 224 1001 edominum
253 951 380 1000 uestrum
405 953 433 999 et
461 942 529 1000 alios
556 932 647 1016 lleges¹
670 951 698 1000 et
717 943 856 1018 Principes
878 941 1045 999 Christianos
1071 941 1114 998 bis
1141 939 1220 998 melis
1247 943 1364 1002 remedia

76 1037 106 1084 ct
131 1029 290 1102 qoaesiverb
317 1037 346 1084 et
374 1027 538 1092 ostenderit,
568 1027 723 1104 saepiusque
748 1045 808 1085 cum
830 1027 943 1084 Notiooe
966 1025 1121 1086 Germanice
1147 1036 1176 1090 et
1196 1026 1392 1086 Consilieriis·

76 1113 139 1170 suis
162 1131 248 1191 super
269 1113 365 1170 iisdem
386 1112 468 1170 rebus
489 1111 696 1176 consultaverit,
724 1131 754 1169 eo
782 1112 815 1168 eb
844 1113 952 1168 ineunte
975 1119 1055 1168 estete
1076 1110 1144 1168 ndril
1166 1111 1238 1170 eliud
1259 1113 1365 1172 terreo·

79 1197 139 1253 tius
163 1215 290 1272 umquem
313 1198 415 1272 opterit
437 1215 516 1272 quem
538 1196 683 1272 eliquondo
705 1196 732 1254 iu
755 1197 888 1254 eiusmodi
910 1195 1109 1270 expeditionem
1124 1197 1259 1271 prolieisci
1272 1199 1362 1272 pesse,

77 1281 260 1339 nihilomiuus
282 1271 452 1358 gratissimus
475 1271 561 1342 eidem
584 1282 635 1338 luit
663 1282 788 1346 nuncius,
818 1282 864 1356 qui
893 1281 1046 1340 huiusmodi
1073 1281 1105 1338 ed
1135 1299 1165 1340 se
1186 1282 1364 1342 consultatio·

48 1381 145 1424 renem
175 1376 204 1424 et
234 1376 372 1424 tentorum
400 1368 518 1424 virorum
547 1367 708 1427 sententium
735 1367 835 1424 attulit.
879 1367 962 1436 Quom
985 1365 1093 1441 quidem
1114 1367 1166 1424 etsi
1188 1368 1215 1426 in
1238 1369 1363 1428 omuibus

76 1452 207 1510 articulis
230 1452 451 1528 prudentissime,
475 1469 579 1510 summo
602 1452 726 1526 iugenio,
748 1469 851 1510 summo
874 1451 986 1510 solertia
1008 1450 1144 1510 elimatam
1164 1453 1361 1528 recognoverit,

76 1537 170 1593 voluit
194 1546 283 1594 umen
305 1537 409 1612 singule
432 1537 637 1607 e,Coosilisriis
659 1537 730 1600 suis,
760 1539 805 1613 qui
833 1556 884 1612 pro
912 1537 1035 1611 tempore
1062 1537 1133 1612 apud
1161 1546 1361 1614 se-ptmeeolco

77 1631 177 1685 eraut.
206 1622 324 1696 perlegi,
351 1622 518 1686 considerari
545 1621 757 1700 ponderurique.
787 1623 859 1680 etsi
883 1622 946 1696 quid
968 1623 1001 1678 ed
1023 1639 1055 1678 ce
1076 1623 1225 1682 addendum
1248 1624 1361 1706 arbitra·

76 1715 195 1768 rentur.
219 1707 245 1764 id
267 1707 294 1762 iu
317 1707 426 1783 scriptis
447 1709 528 1764 etiem
549 1707 759 1765 committerent.

48 1811 68 1846 c
169 1791 235 1848 Cum
257 1792 421 1867 eutemflipsi
435 1791 587 1850 Consilisrii
610 1791 725 1866 siugulis
747 1791 893 1868 diligenter
915 1792 1043 1868 inspectis
1064 1793 1298 1875 consideratisque
1320 1795 1361 1852 ui·

77 1877 119 1934 bil
148 1877 300 1934 addendum
328 1877 555 1952 minuendumque
572 1875 707 1934 nrbitroti
735 1878 803 1941 sint.
832 1877 904 1952 quod
931 1877 966 1934 ed
986 1877 1140 1936 huiusmodi
1163 1879 1361 1958 expeditionem

76 1962 239 2018 sumendam
260 1963 530 2038 prosequendumque
551 1963 677 2024 ettiueet.
701 1963 724 2020 si
745 1961 896 2038 presertim
911 1961 1123 2020 Christianorum
1146 1981 1190 2022 res
1212 1965 1249 2022 ite
1270 1964 1361 2040 dispo·

76 2048 141 2104 sitae
166 2055 272 2110 esseut,
302 2055 332 2103 ut
354 2047 550 2122 quamprimum
573 2047 600 2104 id
623 2046 722 2104 bellum
745 2048 864 2128 suminet
886 2046 1021 2121 generalis
1044 2047 1088 2107 ille
1111 2045 1246 2124 'expeditio
1267 2065 1361 2110 execu-

79 2131 150 2187 tiooi
175 2131 331 2189 demeoderi
352 2142 458 2207 posset:
489 2133 535 2190 sed
562 2150 623 2190 cum
645 2132 784 2206 negotium
806 2133 833 2188 id
855 2131 960 2208 maximi
983 2132 1112 2207 ponderis
1132 2142 1160 2190 et
1182 2134 1361 2194 diuturnioris

46 2215 186 2274 stator-ts
208 2219 257 2279 sit.
282 2234 360 2290 quem
377 2217 416 2274 od
436 2218 555 2276 loturam
578 2225 700 2276 testatem
721 2218 811 2292 pareri
833 2225 861 2274 et
882 2217 1002 2291 expediri
1024 2218 1125 2292 possit.
1154 2219 1361 2294 praesertimque

77 2319 141 2358 cum
164 2302 323 2358 Germanice
344 2303 431 2365 nebo,
461 2320 522 2378 qum
550 2301 643 2360 multis
670 2321 702 2360 ec
730 2301 834 2377 maguis
862 2303 1019 2376 regionibus
1047 2301 1102 2359 lete
1130 2311 1222 2377 putet.
1249 2314 1278 2362 et
1300 2321 1360 2378 quer

77 2385 261 2462 plurimorum
283 2387 437 2462 Principum
465 2405 496 2444 oc
517 2387 744 2446 Commuoitetum
771 2387 855 2444 ductu
881 2385 961 2444 veriis
989 2386 1111 2445 moribus
1133 2397 1161 2445 et
1182 2387 1288 2463 legibus
1309 2407 1361 2463 gu·

78 2471 227 2534 beruotur.
257 2489 312 2528 noo
340 2481 394 2528 tom
422 2482 535 2548 repente
558 2473 647 2530 induci
669 2481 704 2550 et¹
718 2473 745 2533 io
769 2473 837 2530 tebti
859 2472 988 2530 momenti
1011 2472 1181 2547 expeditione
1203 2475 1300 2532 armori
1323 2474 1361 2530 le·

77 2555 130 2611 elle
152 2558 258 2632 possit,
286 2557 390 2616 Porcus
417 2567 505 2614 sutem
533 2575 592 2614 cum
622 2558 762 2616 maximum
789 2557 904 2619 classem
924 2565 953 2614 et
974 2557 1120 2616 immensos
1142 2558 1194 2618 iem
1216 2567 1368 2633 apparatus

48 2639 146 2696 rebelli
170 2642 275 2715 coegit,
299 2641 394 2716 procul
415 2641 499 2700 dubio
522 2659 576 2700 nou
599 2643 634 2700 sit
657 2643 812 2716 quieturus.
832 2643 901 2717 quio
923 2641 1040 2716 aliquem
1062 2642 1206 2724 Christieni
1229 2643 1304 2703 orbis
1319 2662 1362 2702 re·

81 2727 192 2799 gionem
215 2727 335 2790 invadet,
359 2744 393 2784 ne
416 2728 526 2784 omniuo
548 2728 686 2808 prosimus
709 2728 752 2786 bie
774 2745 859 2784 enuus
880 2727 1006 2784 immunis
1030 2734 1162 2791 transeut.
1186 2728 1251 2804 quin
1267 2727 1361 2788 saltem

80 2811 113 2866 ad
135 2810 308 2868 diserteodss
325 2811 401 2880 :ires
424 2813 491 2870 tenti
514 2813 603 2870 hostis
625 2813 763 2888 quippiam
785 2813 916 2889 prodesse
933 2813 1041 2887 possit,
1065 2821 1092 2870 et
1114 2825 1148 2870 oe
1170 2813 1192 2868 is
1208 2812 1258 2870 sibi
1274 2831 1362 2888 nuper

81 2895 326 2971 acquisituregno
348 2898 424 2954 firmo
447 2916 478 2954 oe
500 2897 590 2954 stabili
611 2898 700 2978 ductu¹
716 2915 826 2972 regere.
854 2906 883 2954 et
911 2899 938 2957 in
966 2897 1016 2956 lide
1044 2915 1075 2954 ee
1103 2897 1291 2956 benevolentia
1313 2917 1362 2956 sue
1468 2936 1471 2943 -

81 2979 255 3043 conburere,
278 3000 309 3038 oc
331 2982 452 3056 reliquos
474 2982 572 3042 dlricae
595 3000 675 3057 reges
690 3001 721 3040 ec
736 2990 907 3057 potentatus,
931 3001 1000 3056 quos
1015 2983 1135 3040 nondum
1150 2983 1266 3057 subegit,
1288 2983 1362 3044 bello

50 3065 189 3122 z‘oioteree
210 3066 322 3139 aggredi
345 3069 448 3141 possit.
470 3085 502 3124 ex
525 3067 624 3142 quibus
646 3068 771 3124 omuibus
793 3085 888 3142 magne
910 3068 962 3124 sihi
985 3076 1012 3124 et
1034 3076 1168 3158 opum·et
1188 3085 1256 3143 pecu
1278 3069 1362 3130 'eruut

83 3157 111 3204 et
131 3151 256 3223 gentium
278 3151 444 3212 incrementa
466 3161 562 3210 eontra
583 3146 751 3210 (lbristiiuos
772 3153 899 3210 secedere
921 3170 1002 3230 posse
1024 3169 1077 3210 uon
1100 3151 1211 3213 dubium
1233 3171 1262 3211 es
1306 3154 1362 3214 Cte-

84 3234 151 3290 ssrei
174 3234 324 3292 consiliarii
346 3236 491 3297 nonnullos
514 3255 577 3294 sues
598 3237 827 3301 consultationes,
857 3238 920 3311 quid
949 3238 981 3294 od
1004 3237 1126 3296 loturum
1147 3247 1362 3306 euuumeoutre

85 3317 178 3375 hostes
201 3319 276 3393 ipsos
299 3322 398 3378 tentori
421 3339 505 3397 posse
525 3323 693 3386 existiment,
717 3323 870 3397 quibusque
892 3322 980 3379 modis
1001 3322 1107 3380 duobus
1123 3323 1252 3397 proximis
1266 3324 1362 3385 deinde

87 3404 161 3460 souis
184 3412 283 3462 caetere
305 3405 440 3480 generalis
461 3407 596 3481 expeditio
620 3407 750 3481 subsequi
777 3407 877 3470 velent,
904 3415 932 3464 et
960 3407 1058 3481 quibus
1085 3407 1212 3472 ducibus.
1242 3425 1294 3483 qun
1316 3427 1363 3483 pe·
1440 3481 1443 3488 ‚

56 3488 180 3551 sconia,
203 3489 303 3562 quibus
325 3492 412 3565 copiis
434 3509 478 3548 res
500 3493 603 3566 agenda
625 3493 760 3558 viduetur.
790 3500 945 3566 reuerentcr
966 3493 993 3548 io
1016 3492 1058 3548 his
1080 3493 1189 3567 scriptis
1212 3509 1362 3570 proposue-

87 3581 161 3634 runt.
189 3572 312 3632 volentes
345 3585 433 3634 temen
464 3594 494 3634 ee
523 3577 629 3652 singule
658 3585 685 3632 ct
714 3577 877 3636 sanctissimi
904 3577 1006 3634 domini
1032 3577 1122 3634 nostri
1143 3576 1313 3652 aliorumque
1334 3579 1362 3634 in

87 3655 153 3714 Urbe
175 3669 404 3734 congregatorum
426 3661 569 3734 Oratorum
592 3671 620 3722 ct
641 3663 854 3720 Christianorum
876 3653 956 3720 etism
979 3663 1080 3735 llegum
1103 3679 1133 3718 sc
1147 3661 1300 3736 Principum
1323 3665 1364 3720 iu·

87 3739 154 3798 dicio
176 3742 285 3806 subiici,
313 3763 401 3820 oeque
428 3755 573 3820 propterea
596 3747 629 3804 ob
651 3749 703 3803 iero
725 3747 796 3806 dicte
824 3745 1041 3808 consultatione.
1071 3763 1132 3821 qum
1161 3746 1362 3808 adessemus

88 3907 284 3920 h·-

150 4009 159 4042 ¹
177 4011 273 4062 inditio
292 4017 317 4062 2.
359 4019 386 4063 et
403 4031 451 4064 om.
466 4017 492 4064 3.
532 4013 542 4045 ²
561 4013 654 4066 Caeser
673 4019 701 4064 et
718 4031 744 4080 p.
757 4017 818 4071 2,3.
840 4025 844 4033 '
859 4012 869 4044 ³
887 4014 921 4064 de
940 4029 1019 4080 prees.
1074 4013 1224 4064 ostenderit
1238 4019 1330 4080 peritis
1347 4015 1363 4064 5

85 4097 181 4158 pomo
198 4113 244 4147 om.
260 4099 285 4148 4.
327 4096 478 4164 ⁵eliosque
497 4101 556 4151 2.3.
599 4097 660 4149 'ee
680 4098 716 4149 ob
729 4135 756 4158 ...
770 4114 850 4165 posse
868 4115 915 4150 om.
929 4102 954 4149 4.
996 4097 1035 4148 nil
1053 4101 1078 4148 2.
1119 4097 1284 4163 ⁸·optererit
1301 4103 1363 4154 m.

87 4175 98 4206 ⁹
117 4181 224 4232 nuncius
243 4181 298 4232 luit
315 4184 347 4249 4.Ι
382 4181 400 4214 ¹¹
421 4180 506 4247 elim]
526 4181 698 4234 enucleatam
717 4186 742 4237 4.
785 4181 804 4214 ¹⁴
823 4182 852 4233 id
869 4169 915 4234 orie
929 4182 972 4234 4.“
996 4181 1016 4216 ¹⁶
1033 4183 1086 4234 Hic
1104 4187 1130 4234 2.
1143 4185 1266 4236 ortieuloe
1284 4201 1364 4236 nume·

87 4277 146 4312 rore
156 4266 240 4331 incipit
249 4270 336 4332 posito
349 4267 372 4330 2,
386 4271 423 4316 tto
434 4274 461 4318 ut
473 4269 517 4334 qui
527 4270 553 4316 tu
567 4271 590 4318 l.
603 4274 660 4318 sunt
678 4272 774 4340 numeri
786 4267 809 4328 1,
822 4268 846 4327 2,
863 4269 890 4318 in
900 4253 927 4318 ’2.
945 4269 1059 4332 efficiant
1077 4267 1158 4319 linem
1176 4269 1282 4320 numeri
1298 4269 1324 4320 2.
1337 4275 1366 4320 et

88 4349 254 4412 nomm.3‚4.
274 4353 340 4402 unde
357 4353 416 4402 inde
434 4368 450 4402 a
467 4352 562 4404 nost
579 4353 677 4404 bloorio
695 4356 825 4403 molorest
839 4354 1027 4404 summme.
1042 4352 1143 4403 ubiubi
1154 4353 1224 4404 aliud
1234 4355 1364 4406 adnotari·

88 4445 147 4480 πω.
178 4434 270 4500 ipsi...
283 4438 490 4502 praesertimque
510 4451 629 4490 eumont.
644 4440 671 4488 3.
706 4433 725 4468 ²¹
747 4441 774 4488 et
791 4444 850 4487 onte
868 4452 928 4502 quoe
946 4453 992 4488 om.
1008 4439 1065 4490 3.4.
1101 4435 1124 4469 ¹⁴
1142 4434 1212 4504 cum]
1232 4421 1364 4503 qui2.'..d.

89 4515 283 4578 maumamom.
297 4525 321 4571 1.
357 4519 379 4552 ²⁷
397 4521 488 4587 quidp.
502 4526 526 4572 2.
540 4521 616 4588 prod.
631 4521 722 4587 quidpi
737 4525 761 4572 4.
795 4520 818 4553 ²⁵
831 4521 911 4574 fldem
924 4537 957 4573 ee
970 4521 1191 4574 benevolentiam
1204 4537 1280 4574 suem
1292 4527 1364 4574 2...4.

89 4597 112 4629 ¹⁹
131 4597 171 4666 sc]
186 4606 213 4652 et
229 4611 283 4670 pot
297 4608 373 4656 2...4.
407 4605 429 4638 ³²
446 4622 528 4656 noun.
583 4606 698 4658 consult.¹
710 4621 757 4656 om.
771 4608 807 4656 4..
832 4603 854 4660 ¹0³
871 4607 946 4672 ipsos
963 4607 1117 4673 suscipient
1135 4609 1236 4658 tentari
1248 4611 1308 4660 m.
1326 4608 1364 4672 ip·

90 4697 137 4732 ¹0³
152 4691 231 4738 orel.
263 4688 287 4720 ³⁶
304 4685 411 4758 tomen]
430 4695 486 4746 tum
504 4695 529 4743 4.
565 4691 656 4743 suncti
674 4693 699 4742 4.
734 4689 757 4723 ³⁷
775 4691 858 4742 etium
876 4707 923 4740 om.
937 4694 962 4742 4.
999 4707 1033 4744 nc
1044 4689 1100 4758 Pe]
1118 4693 1325 4757 principumque
1339 4695 1363 4740 4.
1426 4703 1430 4710 ·

89 4765 143 4798 η’·
159 4769 248 4823 iuditio
266 4777 307 4823 2.·
326 4771 348 4807 ³⁸
367 4771 412 4840 eb]
431 4790 448 4825 s
465 4778 491 4826 4.
