3434 5512
346 418 418 492 322
456 447 557 485 LEOUIS
570 447 597 482 Σ.
610 447 718 482 ΟΟΝΤΒᾸ
733 447 884 484 minutavit
898 447 987 481 BVLLA
1001 447 1063 482 ΜΦ.
1079 441 1109 482 lb.
1119 446 1177 482 tvtt.
1189 439 1282 480 blm.
1296 444 1322 480 0·
1335 443 1460 480 aarum
1475 443 1567 477 Hom.

343 605 467 674 occulte,
488 603 589 676 quouis
607 603 731 673 quaesito
748 603 866 673 inpenio
884 595 930 660 acl
949 604 1061 672 colore,
1083 603 1171 660 tacite
1186 603 1232 660 acl
1247 615 1391 674 expresse
1414 597 1536 670 ‘scam
1550 613 1632 671 prce-

342 711 470 766 sumonl.
511 703 643 776 Insuper
664 702 735 776 quia
757 717 875 760 errores
892 701 1037 778 proesati,
1059 707 1089 760 et
1104 704 1210 777 plures
1232 703 1287 762 alii
1300 702 1490 760 conmotam
1503 701 1536 758 in
1551 699 1632 758 libel-

343 805 380 864 lis
401 820 453 864 scu
472 805 591 878 scriptis
613 800 788 862 dcuiusdam
812 803 939 862 Martini
961 801 1087 873 lother,
1116 804 1210 863 dictos
1234 804 1361 878 libellos,
1389 809 1419 862 et
1445 804 1546 860 omnia
1566 799 1635 858 dieti

343 905 472 964 tueretur
492 907 623 982 scripta,
638 921 698 964 seu
715 905 963 978 praedicationes,
987 907 1017 962 in
1033 905 1142 973 lobna,
1154 886 1212 964 'ael
1228 919 1403 978 quocunque
1416 903 1478 962 alio
1499 901 1633 962 idiomate

342 1007 550 1081 reperiuntur,
573 1009 604 1064 in
627 1005 731 1079 auibus
752 1005 826 1064 dicti
842 1021 974 1078 errores,
995 1023 1047 1066 seo
1068 1021 1170 1066 eorum
1188 1006 1297 1078 aliquis
1317 1006 1522 1074 cmetinentur,
1550 1004 1649 1062 strui-t

342 1109 412 1166 liter
428 1107 621 1176 damnamus,
640 1105 850 1183 reprobamus,
870 1115 959 1180 atoue
975 1109 1092 1166 amerino
1106 1108 1270 1178 reiicimus,
1292 1113 1322 1166 ct
1338 1089 1398 1179 pro
1410 1107 1532 1164 omnnio
1546 1104 1631 1162 dam-

344 1210 438 1280 natis,
460 1209 642 1282 reprobatis,
670 1210 850 1268 ncrcicctis
873 1204 920 1287 (at
941 1208 1125 1283 prefertur)
1147 1209 1255 1268 baberi
1274 1210 1418 1276 statamus,
1439 1205 1633 1264 'Mandantes

344 1312 376 1369 in
397 1313 503 1370 cirtulo
522 1315 637 1371 sanctae
657 1309 844 1378 obedientie,
870 1318 899 1370 ct
923 1311 977 1370 sub
1001 1313 1097 1384 poerris
1118 1311 1277 1386 predictis
1296 1325 1331 1369 eo
1353 1310 1418 1384 ipso
1437 1305 1632 1374 incurrendis,

343 1412 475 1470 omnibits
496 1421 524 1470 et
544 1412 670 1484 smpulis
691 1413 843 1484 abiaram
863 1429 955 1472 scocris
977 1411 1219 1483 enarmonion
1240 1412 1377 1486 superius
1398 1410 1577 1470 nominatis:
1599 1423 1632 1464 ne

343 1513 512 1574 auianum
531 1515 659 1586 scripta,
682 1511 807 1587 libellos,
825 1513 1071 1588 praedicationes,
1098 1529 1151 1572 scu
1171 1513 1345 1584 schedulas,
1373 1514 1421 1572 uel
1439 1514 1471 1572 in
1494 1513 1539 1570 eis
1559 1517 1659 1569 con-¹⁰

343 1624 424 1674 tenta
447 1616 597 1688 capitula,
625 1627 757 1684 errares,
784 1620 840 1673 aut
863 1617 1007 1674 articulos
1034 1616 1224 1690 supradictas
1256 1622 1285 1674 et
1310 1615 1492 1674 continentia
1512 1614 1631 1684 'tepere

344 1731 494 1786 asserere,
515 1714 703 1789 praedicare,
723 1714 865 1786 laudare,
894 1717 1078 1790 imprimere,
1098 1718 1255 1791 publicare
1278 1718 1339 1776 sioc
1360 1715 1543 1787 defendere,
1564 1708 1632 1786 'per

342 1833 390 1894 se,
412 1819 458 1876 ael
479 1818 587 1887 aliurn,
606 1831 658 1874 seu
679 1817 767 1887 alios,
791 1817 903 1876 directe
924 1820 969 1877 oel
989 1819 1148 1889 indirecte,
1173 1819 1260 1878 tacite
1282 1820 1328 1878 ael
1340 1833 1498 1892 expresse,
1519 1813 1632 1890 publice

343 1919 389 1977 ael
408 1920 535 1988 occulte,
554 1923 607 1976 aut
627 1917 673 1974 ‘in
694 1917 827 1978 domibus
845 1921 921 1990 suis,
943 1921 1004 1978 siaa
1026 1921 1108 1990 aliis,
1129 1920 1256 1993 publicis
1278 1921 1323 1978 ael
1343 1921 1473 1994 privatis
1494 1920 1567 1978 loeis
1588 1925 1631 1974 te-

343 2035 415 2078 nere
433 2033 549 2092 quaetio
570 2019 656 2078 modo
673 2027 878 2092 presumant:
904 2022 1035 2095 omnimo
1055 2021 1110 2080 illa
1137 2022 1235 2080 statim
1257 2027 1325 2094 past
1356 2021 1464 2080 aarum
1494 2018 1658 2094 paulac-¹⁵

342 2121 448 2180 tionem
475 2119 641 2194 ubicunque
663 2119 796 2192 suerint,
818 2138 879 2196 per
906 2123 1091 2192 ordinarios,
1117 2129 1145 2182 ot
1171 2124 1247 2182 alios
1267 2121 1457 2196 supradictos
1479 2121 1631 2198 dilipenter

341 2221 469 2294 quesita
486 2221 616 2296 publice,
637 2228 666 2280 et
682 2224 840 2280 solenniter
861 2225 893 2282 in
913 2226 1077 2298 prasentia
1097 2226 1181 2294 cleri,
1199 2230 1229 2283 et
1244 2225 1359 2298 papali,
1382 2223 1436 2282 sub
1458 2222 1590 2282 mnibus
1605 2229 1632 2280 el

341 2323 467 2394 sinpnlis
493 2323 675 2396 supradictis
697 2325 795 2397 poenis
815 2320 1016 2385 “comburant
1062 2325 1146 2396 Quod
1170 2341 1239 2384 aero
1266 2325 1310 2384 ad
1341 2327 1438 2400 ipsum
1471 2325 1629 2384 Martinam

341 2425 458 2497 attinet,
484 2423 573 2482 roone
595 2425 683 2497 deus,
706 2425 780 2497 quid
797 2428 1057 2500 pretermisimus,
1076 2427 1150 2501 auid
1170 2444 1227 2486 riou
1241 2426 1383 2499 fecimus,
1407 2426 1482 2499 quid
1497 2433 1629 2500 paterna

340 2525 497 2584 charitatis
518 2527 683 2597 omisimus,
713 2532 746 2586 ut
765 2543 831 2586 eum
852 2528 890 2586 ab
911 2528 1081 2588 huiusmodi
1106 2529 1259 2589 erroribus
1285 2523 1516 2588 revocaremus?
1548 2527 1654 2585 lost-²⁰

340 2623 429 2699 auam
449 2627 528 2685 enim
546 2629 641 2702 ipsum
662 2628 830 2700 citavimus,
851 2623 962 2690 ‘anitius
983 2646 1050 2692 cum
1071 2647 1106 2689 eo
1121 2631 1289 2706 procedere
1311 2631 1450 2700 volatiles,
1478 2631 1562 2688 illum
1584 2629 1628 2684 in-

341 2729 511 2798 vitabimus,
539 2733 626 2804 atqie
655 2735 716 2788 tam
740 2747 799 2804 per
826 2730 958 2790 diuersas
979 2739 1125 2792 tractatus
1147 2737 1230 2792 ‘cam
1252 2731 1364 2806 [canto
1391 2737 1491 2789 nostro
1513 2729 1626 2795 liabitas,

342 2843 431 2902 quom
450 2846 508 2903 per
530 2832 633 2889 literas
654 2833 772 2890 nostras
792 2829 905 2890 bortati
926 2833 1059 2912 suimus,
1086 2841 1119 2894 ut
1142 2853 1162 2893 a
1181 2835 1338 2909 predictis
1359 2831 1514 2892 erroribus
1536 2832 1626 2889 disce·

342 2927 440 3002 dcccl,
464 2941 515 2990 aut
537 2931 580 2989 ad
600 2945 666 3004 nas,
689 2927 803 2992 ¹¹oblato
824 2934 913 2992 etiarn
934 2937 1016 2995 solco
1036 2935 1197 3008 condricta,
1220 2932 1261 2994 'ct
1279 2937 1409 3010 precunia
1431 2933 1477 2992 ad
1504 2935 1559 2992 iter
1577 2949 1626 2990 nc-

341 3027 501 3100 ecssaria¹¹,
533 3033 596 3092 sinc
616 3040 707 3106 mctu,
735 3035 798 3094 sine
825 3011 928 3096 binare
954 3039 1070 3114 aliquo,
1098 3054 1183 3112 quem
1205 3034 1355 3112 ¹pcrseeta
1385 3036 1522 3096 ebaritas
1545 3034 1651 3107 [masa

341 3229 448 3292 iudicat
470 3231 606 3297 Ecclesia.
678 3235 790 3295 οΕῑίιιιιι
811 3237 842 3296 in
866 3235 980 3298 favores
1002 3245 1119 3305 nostros
1141 3240 1187 3300 ius
1207 3238 1297 3299 habet
1319 3236 1365 3298 iile
1388 3255 1543 3298 sorvorum
1565 3235 1624 3296 Ser·
1706 3291 1707 3294 ,

341 3351 403 3393 rus.
468 3332 612 3396 “attende
636 3335 812 3414 etriphasiru!
888 3337 970 3398 ‘Nou
994 3338 1124 3401 obtines:
1153 3343 1193 3402 ita
1216 3341 1294 3400 enim
1317 3339 1405 3400 altius
1426 3339 1544 3400 radices
1564 3357 1623 3416 ege

340 3443 423 3514 runt,
459 3453 547 3514 quam
580 3444 612 3498 ut
644 3436 729 3498 aselli
760 3437 813 3498 obs
847 3447 874 3500 te
909 3443 1079 3501 sustineant.
1166 3441 1309 3503 'attende
1336 3441 1451 3520 copiam
1480 3439 1622 3501 sermonis.

339 3533 450 3605 1Ὀιιιιιιι
475 3537 575 3598 tiiserti
597 3545 665 3598 suut
686 3537 812 3598 Rotnani
834 3541 981 3620 Cupiens,
1010 3540 1158 3604 bullarum
1188 3541 1373 3603 conflatores.
1439 3539 1538 3603 ‘Nihil
1556 3541 1622 3619 prae·
1705 3515 1706 3572 Ὗ

340 3639 415 3697 terit.
461 3640 555 3717 Atque
578 3638 651 3700 adeo
673 3639 727 3700 ubi
749 3645 793 3700 est
816 3658 873 3700 ιιιιιι
895 3641 1001 3703 sinistis
1025 3644 1155 3705 nondum
1186 3645 1321 3726 expleta?
1349 3643 1413 3705 Hoc
1442 3643 1558 3706 tandem
1584 3649 1648 3702 esta

340 3747 487 3800 oratorem
518 3758 594 3800 esso
615 3748 645 3799 ct
676 3739 787 3802 litteras
815 3739 918 3802 Latino
950 3741 1030 3822 isqui
1064 3747 1149 3807 scire.
1230 3744 1401 3806 ‘Vixerunt
1446 3747 1551 3807 Actum
1575 3749 1621 3804 est
1704 3789 1705 3794 η

339 3839 427 3901 ”Vide
450 3839 714 3902 mansuetudinem.
753 3841 854 3920 ltaque
876 3845 1016 3920 agninum
1040 3843 1121 3907 ilium
1144 3845 1275 3908 balatum
1298 3846 1431 3916 simulat,
1455 3849 1506 3926 qui
1528 3849 1567 3910 sic
1586 3845 1620 3904 lc·
1704 3809 1705 3859 ¹

338 3941 446 4002 rociter
468 3941 603 4020 rugiebat
625 3943 728 4010 nitido,
753 3950 784 4004 ut
806 3946 917 4005 tonitru
941 3948 1018 4006 vocis
1034 3965 1095 4008 sue
1111 3966 1214 4008 onrnes
1230 3947 1428 4009 conterrebat.
1496 3945 1553 4009 'Ab
1568 3947 1621 4006 ‘mi-

338 4041 408 4102 tius!
432 4043 520 4112 Quasi
543 4043 649 4120 aliquis
672 4045 802 4120 ignoret,
827 4063 885 4124 quo
908 4064 1103 4126 processurus
1126 4038 1227 4110 itteris.
1293 4049 1403 4109 ‘Etiam
1419 4050 1551 4128 posthae,
1572 4047 1620 4108 Lu·

338 4141 438 4210 there,
468 4162 505 4204 ne
534 4145 639 4205 credas
668 4137 823 4214 eis,'ou1n
853 4148 943 4208 locuti
966 4149 1076 4210 fueriut
1103 4149 1156 4210 tibi
1178 4149 1266 4211 bono.
1311 4149 1460 4212 ltahisatio
1482 4153 1557 4212 euim
1577 4157 1645 4209 est-³³

338 4258 404 4302 rum
427 4246 456 4304 iu
480 4245 577 4306 medio
601 4244 673 4315 doli,
703 4255 730 4308 ct
755 4246 916 4326 loquuntur
939 4248 1059 4328 quidem
1082 4268 1149 4311 cum
1173 4253 1308 4330 proxima
1331 4269 1385 4312 suo
1409 4270 1528 4331 pacem,
1554 4247 1619 4311 maia
1702 4249 1703 4254 ’

338 4349 435 4404 antem
457 4347 486 4404 iu
511 4344 777 4408 coestibusoorutn.
843 4347 1163 4430 ''Fateturpcricuium
1179 4370 1242 4414 esse
1259 4354 1435 4414 inaccessu.
1493 4351 1617 4413 *Sabou

339 4441 458 4504 sinebas
485 4443 612 4504 isanrinis
634 4449 826 4526 saiiguiucm,
855 4460 887 4513 ut
913 4471 970 4532 pro
992 4450 1076 4514 libitu
1098 4459 1149 4514 tuo
1172 4453 1348 4515 effunderes.
1426 4451 1492 4514 ¹¹'l'u
1514 4451 1618 4534 quibem
1701 4497 1702 4500 ,

337 4543 409 4604 nihil
432 4545 599 4618 sustinebas
623 4549 678 4610 nisi
700 4548 757 4611 hos
780 4553 859 4632 quod
882 4555 990 4624 evenit,
1015 4571 1072 4614 non
1089 4533 1372 4618 accessurum'eum.
1437 4553 1538 4628 'Natu
1559 4568 1617 4632 per·

341 4664 545 4676 ---——.

404 4697 877 4802 iunius]maurisionem.
926 4737 1277 4792 auremuuanuxn.
1330 4735 1615 4792 ursusxxvua.
1700 4709 1701 4714 ’
