3410 5524
204 461 325 500 ΙΠΤΙΙῙ
343 463 374 498 11
393 461 486 498 1230ss
504 459 784 497 ΜΒΤΙΙΙΡΙΒΜΝΒΕΙ
803 459 905 496 onusto
923 459 983 496 1111.
1006 459 1034 496 Ι.
1047 458 1112 496 AVB·
1125 459 1150 494 A.
1165 453 1225 496 1617.
1311 429 1356 499 Π

88 627 126 680 ιιι
145 607 391 687 accusaverimus,
421 577 587 694 agnoscant,
604 615 706 678 om'ncs
727 633 815 695 quem
836 621 869 675 tu
890 613 1051 694 impunitus
1073 631 1137 675 esse
1165 631 1224 674 non
1247 613 1358 676 debue-

87 722 134 780 ris:
158 735 323 799 quanquam
345 737 405 780 non
426 718 551 798 despero
578 725 660 780 tuam
686 731 821 796 punem:
848 714 944 777 adbuc
972 717 1168 796 aequissimum
1196 717 1383 802 principem,

86 820 298 883 llarimiliauum
326 823 459 890 intueor,
491 809 644 882 adbuebn
672 819 725 880 ista
748 819 912 880 Germaniae
940 819 1051 896 capita,
1082 817 1136 878 bos
1165 817 1256 879 tortos
1278 819 1357 878 viros

86 938 231 1003 suspensus
253 923 383 984 intendo.
427 930 459 983 tu
481 922 536 983 diis
557 921 785 1000 hominibusque
808 918 899 981 bostis
921 920 978 982 boc
1000 919 1052 980 tibi
1074 921 1261 998 proposuisti,
1275 920 1308 980 si
1323 927 1350 980 te
1359 923 1425 973 ten.
1515 955 1520 963 .

72 1024 162 1085 snobis
183 1026 341 1104 eripueris,
364 1031 396 1085 ut
418 1023 637 1086 accusatoribus
658 1021 794 1092 insultem
818 1024 862 1083 sin
884 1027 913 1083 te
934 1031 1005 1082 sero
1027 1021 1165 1084 damnent
1185 1022 1215 1081 bi
1236 1021 1356 1090 iudices,

86 1127 116 1186 ad
134 1129 186 1188 ista
207 1133 256 1188 tue
280 1143 345 1206 qnae
365 1128 396 1186 in
419 1143 575 1188 commune
597 1127 722 1188 nationis
743 1125 830 1186 huius
852 1124 972 1184 exitium
993 1129 1131 1202 apparata
1147 1123 1253 1193 babes,
1277 1139 1358 1184 arma

85 1229 233 1307 confugias.
280 1228 364 1300 Quod
393 1245 461 1290 curn
490 1233 592 1288 notatur
614 1225 696 1288 vobis
718 1229 772 1296 sit,
803 1227 955 1294 Germani,
980 1232 1009 1286 et
1030 1225 1077 1286 bic
1100 1243 1164 1286 csse
1186 1223 1292 1286 sentiat
1312 1242 1358 1286 se-

84 1349 131 1408 que
149 1332 246 1393 timeri
267 1331 326 1390 tam
349 1336 384 1392 et.
399 1335 482 1409 putet
503 1337 533 1391 et
553 1328 693 1406 gaudeat,
715 1329 795 1410 quod
816 1327 979 1408 pericnlum
1002 1329 1111 1388 instare
1131 1326 1212 1388 vobis
1228 1330 1355 1405 cogitau-

84 1431 142 1492 dum
163 1439 224 1502 est,
248 1431 327 1512 quod
349 1432 502 1494 imminere
523 1433 680 1494 discrimen
702 1431 821 1494 videtis?
848 1430 985 1490 Proiecto
1007 1446 1153 1490 summum
1176 1446 1240 1490 esse
1262 1437 1423 1509 opor-tna.

61 1541 132 1602 oret,
153 1534 181 1594 in
203 1551 262 1614 quo
285 1533 333 1594 bic
355 1551 439 1614 spem
459 1533 558 1594 babet.
602 1541 636 1596 ut
656 1541 754 1594 umen
776 1531 848 1593 nibil
870 1529 927 1592 tale
949 1531 1001 1600 sit,
1031 1537 1060 1592 et
1082 1531 1129 1592 bic
1150 1548 1204 1609 per
1226 1531 1356 1592 lusorem

84 1637 209 1706 insaniat,
238 1653 295 1697 nec
317 1635 370 1696 ista
392 1643 473 1698 recte
495 1641 663 1716 comparata
685 1634 791 1696 auxilia
812 1635 885 1702 sint,
914 1633 984 1713 qnid
1011 1632 1113 1701 deum,
1143 1629 1213 1712 quid
1240 1615 1356 1712 religio·

83 1739 156 1798 nem?
177 1755 276 1800 nonne
298 1735 382 1799 robis
404 1755 484 1799 curae
506 1755 571 1800 esse
593 1737 739 1818 oportuit?
767 1742 868 1797 ntetuo
889 1736 983 1804 enim,
1016 1736 1168 1806 Germani,
1197 1751 1235 1794 ne
1257 1736 1281 1794 si
1303 1735 1357 1796 im·

83 1839 189 1914 punnus
211 1844 343 1909 maneat,
373 1837 529 1918 aliquando
551 1841 614 1902 eius
635 1835 747 1900 scelera
770 1839 809 1899 dii
831 1837 1011 1900 immortales
1032 1839 1061 1898 in
1089 1853 1143 1897 nos
1171 1838 1303 1916 expient:
1333 1839 1357 1898 si

83 1957 200 2018 unquam
222 1942 312 2020 igitur
334 1942 432 2019 prius,
463 1959 540 2004 nunc
562 1942 729 2002 meminisse
750 1955 802 2001 vos
823 1946 939 2019 oportet
966 1939 1036 2020 quid
1063 1941 1177 2002 iustitioe
1204 1938 1355 2002 debeatur.

59 2057 76 2096 n
84 2040 191 2103 tolerari
212 2041 262 2104 ille
284 2044 379 2122 potnit
399 2049 469 2104 tunc
492 2061 559 2104 cum
581 2029 870 2121 luderet,'potdret‚
899 2043 992 2102 amori
1014 2059 1135 2121 operam
1157 2041 1254 2110 daret:
1281 2048 1425 2102 tunctnc

83 2159 143 2204 sero
163 2162 231 2206 cnm
252 2143 385 2208 lucrandi
400 2146 565 2208 aviditatem
580 2147 610 2206 in
626 2147 759 2224 rapinam
773 2161 808 2220 ac
823 2143 984 2223 spoliorum
1000 2144 1149 2213 ardorem,
1173 2143 1358 2212 vinolentiam

83 2243 107 2304 in
127 2248 239 2307 cruoris
261 2247 352 2316 sitim
382 2264 513 2308 amorem
537 2247 694 2308 mulierum
715 2247 745 2306 in
767 2246 866 2308 odium
888 2244 1034 2306 bonorum
1056 2247 1184 2306 virorum
1207 2251 1358 2306 conserte·

83 2353 135 2414 ret,
157 2347 315 2410 exclamari
337 2347 437 2432 decuit
458 2349 614 2413 ‘inlclicem
629 2349 830 2417 Germaniam,
854 2349 937 2409 onius
959 2365 1017 2408 non
1033 2345 1272 2426 ignobilissimsm
1288 2364 1358 2426 gen-

83 2453 132 2508 tem
154 2447 202 2510 bio
224 2449 363 2530 princeps
383 2449 547 2528 gubernet,'
593 2457 622 2510 et
643 2457 740 2529 potest
759 2452 869 2512 iactare
891 2467 922 2511 se
937 2447 1015 2529 quod
1030 2448 1100 2510 milri
1115 2451 1266 2527 negotium
1281 2450 1357 2510 lecc-

56 2551 124 2620 rorit,
145 2549 232 2630 idque
247 2549 374 2631 aliorsum
388 2549 473 2614 malis
486 2551 622 2616 fiduciam
639 2553 750 2622 alienet,
774 2549 962 2614 credentibus
975 2550 1104 2612 laborari
1119 2551 1148 2612 in
1163 2542 1365 2630 pessimorum·

83 2647 224 2716 bominum
253 2654 447 2720 damnatione.
466 2683 471 2696 ·
491 2655 631 2716 Extremo
661 2654 718 2716 boo
743 2654 796 2715 tibi
823 2654 957 2716 solatium
985 2653 1106 2731 posuisti
1129 2652 1210 2723 loco,
1241 2651 1425 2724 *seduense

84 2753 153 2830 quod
174 2773 222 2816 me
245 2753 406 2828 distuleris,
435 2756 520 2835 qnod·
543 2755 689 2840 bonorum
718 2759 849 2817 omnium
878 2775 960 2842 spem
984 2765 1032 2817 tua
1055 2764 1132 2816 tanta
1156 2754 1359 2817 tortunas‘us-

83 2871 193 2933 pensam
221 2858 369 2930 tenueris,
397 2861 485 2938 atque
506 2860 599 2936 igitur
618 2858 715 2919 adbuc
737 2858 885 2919 ierociris:
908 2856 978 2937 quid
1000 2859 1092 2936 igitur
1103 2857 1198 2918 dicam
1213 2857 1359 2936 indignius

11 3007 13 3016 ,
84 2955 180 3018 lactum
202 2960 287 3039 prius
307 2975 396 3038 quam
419 2959 497 3037 quod
519 2967 550 3021 tu
573 2978 607 3021 eo
630 2977 723 3040 usque
745 2961 940 3038 superineris,
963 2977 1022 3038 quo
1037 2958 1122 3022 nobis
1136 2977 1224 3039 supra
1240 2961 1359 3021 modum
1423 2973 1434 2992 ·

58 3055 129 3118 sabe
148 3067 176 3120 te
198 3059 275 3122 laesis
297 3061 474 3130 contumelia
495 3060 634 3132 insultes,
663 3065 780 3122 n'ostros
808 3061 903 3124 luctus
924 3062 1062 3133 irrideas,
1091 3061 1167 3122 banc
1189 3063 1357 3141 tragediam

83 3157 198 3224 libenter
220 3163 269 3240 agi
290 3162 397 3233 videas,
419 3164 449 3224 in
471 3169 522 3225 tuo
543 3163 675 3242 periculo
698 3165 846 3226 animosus
867 3165 924 3224 sis?
946 3164 1132 3225 Ecceautem
1148 3183 1213 3242 quae
1228 3163 1428 3228 boministttt.

84 3262 254 3340 impudentis
278 3269 336 3325 est:
358 3265 449 3326 credo
471 3264 600 3328 obiicere
621 3265 710 3328 nobis
729 3273 761 3326 ut
782 3265 956 3328 beneficium
978 3272 1089 3345 potest,
1112 3266 1191 3344 quod
1206 3284 1265 3326 non
1280 3267 1360 3326 bunc
1453 3307 1467 3334 -,

84 3381 191 3444 quoquc
213 3365 430 3436 Ludosicbum,
460 3369 510 3447 qui
532 3373 593 3429 nrm
615 3369 646 3429 in
668 3365 744 3429 illius
765 3367 830 3448 aula
853 3367 975 3429 fratrem
997 3365 1182 3446 expectabat,
1211 3367 1359 3437 occiderit,

84 3465 152 3557 quod
173 3481 234 3528 non
256 3467 419 3547 Agapctum
431 3465 594 3532 'lluttcnum
616 3472 786 3531 mactaverit
807 3488 873 3530 cum
889 3469 938 3531 illo
954 3467 1029 3540 una',
1053 3467 1229 3547 ‘Omnesque
1243 3479 1360 3528 nostros

59 3565 118 3626 sibi
137 3571 322 3630 necessarios
343 3587 418 3648 quos
439 3587 507 3631 cum
529 3579 643 3650 posset,
667 3588 726 3632 non
746 3571 952 3642 interfecerit,
982 3589 1033 3632 sua
1056 3570 1235 3647 benignitate
1262 3571 1358 3632 virere

84 3667 199 3732 nesbit
246 3670 286 3732 dii
308 3677 337 3732 te
358 3669 497 3750 perdant,
523 3673 662 3742 sceleste,
692 3690 758 3735 cnm
785 3679 833 3735 tua
860 3675 932 3735 istac
953 3673 1132 3752 benignitate
1155 3689 1282 3750 cumque
1303 3673 1358 3733 isto
1405 3657 1409 3663 ⁵

85 3765 230 3834 beneflcio!
259 3789 426 3853 quanquam
454 3773 562 3853 peribit
590 3776 661 3836 satis
689 3777 762 3847 nm,
791 3777 846 3836 nisi
868 3791 969 3838 omnes
998 3793 1053 3836 nos
1081 3781 1221 3853 concepta
1244 3777 1301 3835 iarn
1324 3781 1428 3835 otton.

85 3873 244 3934 confirmata
266 3873 303 3934 de
324 3880 355 3936 te
375 3876 491 3953 opinio,
515 3875 611 3938 Cesar
630 3877 726 3947 labet,
749 3884 800 3940 aut
819 3879 876 3940 nisi
891 3897 924 3940 ea
940 3885 984 3940 est
997 3877 1085 3940 buius
1098 3878 1224 3948 fortuna,
1247 3884 1279 3938 ut
1293 3894 1360 3938 cnm

85 3971 256 4037 malefecerit
277 3981 306 4036 et
327 3973 501 4040 maleficium
522 3979 647 4041 lateatur
669 3997 703 4042 ac
730 3978 809 4041 ultro
835 3981 939 4042 iecisse
965 3983 1065 4051 iactet,
1093 3979 1234 4042 evadendi
1262 3985 1359 4041 tamen

61 4074 171 4138 sanbuc
192 4077 271 4138 viem
292 4077 426 4140 incedut.
470 4081 506 4140 nt
527 4080 604 4142 hano
625 4097 680 4158 ego
702 4089 830 4161 pestem,
853 4083 1002 4153 Germani,
1024 4083 1099 4144 hanc
1121 4084 1246 4144 nominis
1261 4085 1430 4143 nustricus.

86 4171 186 4248 bbem,
216 4179 331 4240 etiamsi
357 4180 394 4242 ad
424 4179 537 4242 veniam
561 4161 756 4261 conlegisse,
784 4185 987 4263 extirpandam
1009 4193 1162 4263 putarent
1191 4201 1270 4246 nurrc
1292 4201 1360 4246 cunr

87 4273 201 4340 liberet
223 4278 388 4343 obstinatus
409 4285 440 4343 in
461 4282 627 4346 uehementi
648 4284 795 4347 scelenrm
817 4301 941 4350 suorum
960 4289 1025 4367 giro
1041 4287 1127 4348 nobis
1141 4286 1267 4358 insultet,
1291 4283 1361 4367 quid

87 4377 258 4454 dicam,'aut
280 4383 351 4460 quid
373 4383 519 4446 scemate
541 4389 687 4464 primuml
714 4383 778 4450 Heu
804 4405 893 4468 quam
923 4392 1123 4470 intempestive
1151 4390 1209 4450 boc
1235 4387 1362 4452 babetur

87 4479 229 4552 iudicium,
253 4481 343 4562 quam
365 4486 449 4547 tarde
472 4487 509 4556 ad
529 4489 704 4550 innocentio
726 4493 1008 4572 propugnationem,
1037 4493 1182 4556 scelerum
1206 4490 1361 4552 vindictam

89 4613 279 4636 m

145 4699 164 4736 ¹¹
182 4703 243 4756 loco
261 4703 479 4768 ceetomone.
548 4705 571 4741 ¹⁴
588 4709 757 4775 superfueris
775 4713 804 4774 H,
835 4711 1039 4777 supersubsti'l.
1108 4709 1131 4746 'l
1148 4707 1250 4780 potest]
1272 4696 1360 4777 pot‘l.

88 4785 145 4836 nde
162 4795 245 4852 ponat
262 4793 288 4840 2.
337 4788 392 4822 ²⁸⁴⁹
411 4791 453 4842 Ci.
467 4793 577 4844 nomino
595 4793 649 4845 rol.
663 4795 684 4844 1.
698 4813 724 4861 p.
738 4793 778 4846 62.
792 4779 957 4863 subscripta.
1009 4795 1032 4830 ⁸⁷
1049 4813 1116 4864 gyro
1136 4802 1159 4848 2.
1306 4803 1309 4814 ¹
