3382 5516
355 376 429 444 244
482 404 582 440 Htw
596 402 721 440 Vl'fflalsll
736 403 838 438 omnnio
851 403 982 438 AVGVS'I'AE
995 403 1108 438 vtuntrt..
1123 405 1149 438 D.
1162 398 1196 439 2⁰.
1210 403 1275 439 HG.
1289 405 1315 438 Α.
1332 370 1394 438 1518.Ι
1404 403 1507 438 mnatre.

354 565 404 620 stis
427 581 481 619 non
504 563 607 624 minor.
630 562 663 618 ad
686 561 819 634 rigentem
841 569 936 616 arcton
952 551 1019 617 eitra
1034 578 1109 618 mare
1125 561 1236 636 glaciale
1251 563 1418 624 consistens,
1439 561 1604 617 Roxolanorum
1665 561 1666 564 ’

353 649 420 710 elur,
444 665 523 722 quem
546 665 596 702 nris
619 647 736 702 lloscom
759 647 887 708 dicimus,
916 645 974 702 sola
996 646 1107 721 perfidia
1130 655 1157 702 et
1179 647 1340 702 detestando
1364 647 1484 702 scismate
1504 647 1603 702 lamosus.

355 735 377 788 is
399 742 503 807 partem
526 733 616 804 regni,
640 731 835 787 Litbuanornm
858 730 983 787 videlieet
1005 732 1182 805 provinciam.
1205 749 1304 805 magno
1320 731 1400 787 etiamr
1417 729 1536 786 bellorum
1548 739 1604 784 moto

355 819 446 875 tnrbat
470 817 564 873 indies.
608 817 660 872 Sed
683 823 709 870 ot
732 817 803 870 buno
826 833 871 871 rer
895 822 990 872 moster
1012 816 1199 890 patrocinante
1215 817 1320 872 iusticia
1343 816 1412 871 ludit
1434 815 1534 888 saepius.
1552 815 1605 868 eins·

354 921 406 976 qne
429 903 578 976 potentiam
603 901 713 973 triginta
737 901 857 956 millibus
880 901 906 956 im
929 900 990 956 loco
1012 903 1091 957 cresis
1115 901 1284 975 prolligarit.
1314 900 1511 974 qrramplnriuris
1529 899 1619 972 primes

354 987 430 1044 ribus
452 988 485 1043 ad
508 986 612 1043 uincula
634 987 779 1050 coniectis,
803 986 848 1058 qui
872 987 898 1040 in
922 985 1048 1041 ommibus
1063 986 1211 1044 Litbuanine
1233 986 1331 1042 castris
1354 985 1497 1040 arctissima
1511 985 1605 1038 detiner-

355 1082 400 1128 tur
421 1072 557 1132 custodia,
581 1070 673 1126 multis
696 1072 776 1126 etiam
800 1070 859 1126 sliis
881 1071 1049 1144 captiuorum
1068 1069 1187 1126 millibus
1209 1088 1259 1145 per
1280 1072 1434 1126 uuiversum
1463 1065 1513 1124 le're
1535 1067 1606 1122 orben

285 1157 434 1214 §.tt-variis
456 1157 670 1213 Christianorum
693 1155 861 1230 principibus
884 1155 1078 1229 mancipiorum
1102 1154 1162 1212 loco
1183 1156 1255 1212 drino
1285 1156 1364 1211 datis.
1408 1155 1510 1227 lamque
1534 1169 1607 1208 eruer-
1665 1213 1666 1228 χ

354 1251 410 1298 tom
433 1242 484 1296 boo
507 1240 607 1297 bellum
628 1241 787 1298 decennium
816 1241 966 1314 superavit.
995 1240 1059 1296 dnm
1087 1241 1141 1296 sint
1171 1241 1216 1314 qui
1247 1258 1293 1298 eas
1320 1237 1475 1296 discordias
1494 1240 1606 1296 seminent.
1665 1237 1666 1306 l

352 1327 489 1384 concitent
510 1336 538 1381 et
562 1326 679 1399 turpiter
701 1324 773 1381 alere
802 1341 857 1380 mon
886 1333 1020 1380 verentur.
1066 1325 1116 1380 Sed
1145 1325 1214 1399 prob
1243 1325 1336 1388 dolor,
1364 1341 1418 1380 mon
1446 1323 1523 1398 pudet
1545 1323 1628 1377 etiamn
1665 1315 1666 1322 ’

353 1411 495 1483 religionis
517 1411 690 1484 professores
714 1417 851 1466 tantorum
874 1407 1005 1465 malorum
1028 1417 1154 1466 auctores
1176 1419 1203 1464 et
1227 1411 1298 1466 laces
1320 1428 1395 1471 esse,
1419 1411 1463 1482 qui
1488 1407 1571 1463 litteris
1587 1415 1606 1459 et
1665 1437 1666 1444 κ

352 1497 460 1552 nunciis
481 1496 514 1550 ad
536 1513 594 1550 earn
617 1511 672 1550 rem
696 1494 835 1552 fovendam
858 1495 998 1568 magisque
1028 1495 1184 1551 irritandam
1213 1504 1286 1552 terra
1313 1503 1340 1550 et
1367 1494 1451 1555 mari,
1478 1509 1569 1550 sursum
1586 1509 1607 1545 ar

351 1582 480 1637 ‹leorsrrm
503 1581 650 1641 crrrsitant.
673 1588 704 1634 ut
726 1580 814 1652 Reges
838 1587 864 1634 et
886 1579 1041 1654 Principes,
1063 1579 1184 1653 alioquim
1207 1582 1279 1635 sorte
1295 1581 1452 1653 quieturos,
1473 1578 1502 1634 arl
1516 1593 1606 1650 pugnam

353 1665 532 1721 inllamnreut:
561 1663 671 1720 salutis·
686 1665 792 1738 insigne
820 1672 848 1720 et
875 1665 1012 1720 candidam
1042 1665 1200 1722 innocentiae
1228 1672 1328 1724 restem
1356 1664 1481 1720 riclerunt
1502 1671 1606 1734 nmquam

353 1751 425 1823 paris
449 1759 597 1811 nmstores.
626 1757 653 1804 et
676 1749 790 1804 iratrunr
819 1749 965 1823 perniciem
993 1751 1103 1813 sitiunt,
1131 1749 1318 1824 bellorumque
1347 1749 1468 1804 lomriteur
1493 1757 1518 1802 et
1542 1755 1627 1800 tommo

352 1851 459 1890 cansam
483 1842 628 1908 praestant:
651 1834 688 1890 bii
711 1843 775 1889 sunt
798 1834 843 1906 qni
866 1833 1017 1907 loquuntur
1039 1851 1130 1910 pacem
1153 1851 1214 1889 curn
1236 1835 1360 1908 proximo
1377 1851 1442 1894 suo.
1465 1831 1606 1888 malaantem
1665 1867 1666 1912 n

355 1921 380 1974 irr
404 1919 530 1980 cordibus
553 1935 656 1974 eornm.
683 1920 739 1974 ‘sed
764 1936 854 1974 revera
878 1920 945 1975 deus
968 1919 1036 1974 lucis
1058 1935 1113 1974 mom
1136 1917 1272 1974 illuditur:
1303 1919 1374 1974 breui
1398 1935 1510 1992 maroque
1529 1917 1561 1970 eis
1578 1931 1607 1968 se
1665 1919 1666 1968 i

284 2004 469 2060 §.semustum
499 2004 646 2076 nequitiam
675 2004 893 2060 adinventionum
922 2005 1044 2078 ipsorum
1071 2003 1211 2060 retribuet.
1257 2004 1321 2058 'lum
1344 2019 1422 2062 uero.
1458 2001 1606 2057 sacratissime

353 2083 541 2164 [imperatum]
567 2089 730 2160 integritatis
752 2088 871 2144 studium
894 2105 959 2161 erga
981 2106 1010 2144 se
1033 2098 1060 2144 et
1088 2097 1187 2144 statum
1216 2106 1295 2144 suurn
1323 2088 1472 2162 pecandum
1497 2085 1607 2156 cognitum
1665 2077 1666 2082 '

351 2175 432 2229 babet
455 2174 507 2229 lter
530 2182 639 2234 noster.
664 2190 714 2248 pro
736 2189 788 2246 qua
811 2172 993 2229 benivolentia
1015 2181 1094 2232 rent
1116 2181 1255 2247 parentem
1283 2172 1399 2228 alterurn
1428 2171 1555 2229 olrserrat.
1577 2181 1629 2220 ren

350 2264 463 2315 iteratur
484 2266 511 2313 et
533 2257 613 2318 colit.
637 2255 758 2330 velleque
782 2258 897 2313 vicissim
920 2259 978 2313 eius
1001 2257 1164 2314 Maiestatem
1182 2258 1253 2314 omni
1270 2274 1351 2336 opera
1367 2265 1395 2312 et
1411 2256 1533 2313 facultate
1551 2255 1607 2316 eniti,

352 2352 381 2398 ut
405 2359 564 2416 quacumque
588 2344 732 2398 occasione
754 2350 781 2398 et
804 2343 891 2398 modis
914 2351 967 2400 tuse
989 2341 1142 2399 celsitudini
1165 2352 1260 2399 mutuo
1283 2341 1430 2415 gratificari
1451 2351 1478 2397 et
1491 2356 1558 2412 eque
1571 2339 1608 2392 lra-

214 2481 215 2486 ,
282 2435 462 2486 §.antonum
485 2427 602 2484 cilicium
627 2435 756 2501 praestare
779 2428 876 2500 possit.
919 2425 952 2482 Et
981 2435 1012 2482 ut
1039 2427 1117 2482 linem
1145 2428 1225 2486 dictis
1253 2428 1404 2501 imponam,
1435 2426 1476 2482 bis
1501 2423 1608 2480 lrostibus.

351 2523 379 2568 et
403 2512 511 2586 quidem
534 2513 650 2569 assiduis
673 2529 786 2584 regnum
810 2521 933 2568 nostrum
957 2529 971 2567 a
995 2513 1117 2568 tricentis
1134 2529 1201 2586 pene
1216 2513 1294 2570 anuis
1309 2513 1456 2586 premitur,
1480 2523 1608 2566 rerunrsno

349 2615 404 2654 rere
427 2606 546 2658 tamtum,
569 2614 619 2652 suo
641 2595 726 2652 milito
748 2606 777 2652 ot
798 2597 918 2653 maximis
940 2594 1080 2652 laboribus
1101 2605 1187 2653 totam
1209 2597 1277 2653 banc
1298 2595 1361 2652 belli
1383 2595 1480 2652 molem
1495 2591 1628 2650 sustinone

351 2682 458 2738 nemine
481 2682 696 2738 Christianorum
718 2681 869 2754 principum
892 2681 1072 2755 suffragante:
1104 2697 1152 2756 spe
1174 2681 1313 2738 alebamur
1338 2681 1481 2742 continua.
1507 2687 1532 2734 et
1550 2675 1609 2731 nodis

351 2783 459 2840 semper
481 2763 724 2840 pollicitationibus
738 2767 948 2844 'detinebamum
971 2765 1125 2841 sumptibus
1147 2775 1175 2823 et
1196 2767 1316 2824 humeris
1338 2767 1442 2822 nostris
1464 2766 1540 2820 vicina
1560 2763 1607 2816 bur·

351 2867 437 2924 nsque
460 2851 519 2906 ocia
548 2851 719 2913 fovebamus,
749 2859 780 2906 ut
801 2851 853 2907 iarn
874 2859 1002 2924 tauquam
1022 2851 1122 2908 defessi
1145 2861 1172 2908 et
1200 2849 1347 2908 imbecilles
1376 2869 1391 2907 a
1420 2849 1556 2906 maioribus
1575 2847 1609 2900 im·

282 2936 444 3010 suspensis
466 2936 607 2992 continere
630 2951 681 2990 nos
703 2951 846 3009 possemus
869 2945 897 2991 et
917 2935 1076 2992 deberemus
1099 2938 1207 2994 merito.
1244 2953 1316 2992 nunc
1338 2944 1442 2998 tanuen.
1466 2944 1495 2991 ut
1514 2935 1608 3008 privatus

349 3020 462 3076 elleotos
481 3019 588 3094 publica
610 3020 699 3076 vincat
721 3019 838 3082 utilitas,
869 3021 1066 3094 expeditionem
1096 3021 1165 3078 banc
1191 3020 1345 3094 generalem
1372 3021 1535 3078 commendat
1554 3020 1630 3072 snm·tt

349 3121 459 3178 mopere
483 3113 509 3160 et
532 3103 665 3178 approbat
686 3105 875 3162 serenissimus
897 3105 951 3162 Rex
973 3114 1083 3168 noster:
1106 3105 1197 3162 laudat
1212 3107 1320 3162 modurn
1335 3106 1369 3162 de
1383 3104 1608 3180 colligendorum

349 3187 446 3245 bellico
469 3197 496 3245 et
519 3190 639 3245 exercitu
661 3190 867 3263 congregando.
892 3207 971 3263 quem
993 3191 1180 3247 sanctissimus
1201 3191 1327 3248 dominus
1349 3199 1445 3248 noster
1465 3200 1492 3247 et
1512 3183 1608 3244 tuarel·

350 3274 476 3330 situdinis
499 3273 667 3347 providentia
690 3275 845 3336 constituit,
868 3274 968 3348 aliique
990 3275 1078 3348 Reges
1100 3284 1128 3332 et
1148 3276 1287 3350 Principes
1302 3275 1446 3332 Christiani
1468 3279 1608 3349 proponunt

281 3359 398 3414 §.susm
420 3376 508 3432 noque
531 3359 564 3415 de
588 3377 620 3415 oo
643 3376 693 3432 pro
717 3375 788 3415 nnuc
810 3359 974 3416 llaiestatem
998 3361 1098 3433 regiani
1121 3379 1183 3416 cunr
1205 3369 1300 3418 senatu
1316 3369 1344 3417 et
1359 3361 1473 3416 subditis
1488 3355 1608 3429 suisquir·

349 3461 429 3518 quarn
451 3445 596 3500 decernere
619 3445 742 3518 potuisse
765 3445 836 3499 inter
856 3445 1018 3502 domesticas
1040 3445 1213 3500 dillieultates
1234 3454 1261 3502 et
1284 3441 1406 3501 bellicam
1422 3443 1629 3518 occupationen‚³⁵
1665 3439 1666 3442 ’

349 3547 411 3585 cum
433 3546 465 3584 ca
488 3546 566 3602 quarn
591 3529 699 3584 memini
721 3527 888 3592 hostilitate.
920 3529 1018 3601 quihus
1040 3529 1129 3602 aliqua
1152 3547 1183 3586 er
1206 3539 1284 3604 parte
1306 3539 1443 3604 utcunque
1464 3525 1607 3602 cumpositis.

349 3623 377 3669 et
399 3613 594 3670 deliberatione
625 3613 705 3670 buius
732 3613 884 3688 dignissimi
912 3623 1061 3671 conventus
1089 3615 1254 3688 procedente
1281 3631 1343 3696 npor
1369 3615 1531 3673 maiestatem
1550 3623 1608 3665 snam

246 3719 248 3724 ·
348 3699 423 3756 etde
439 3697 592 3772 colligendo
615 3715 726 3756 nummo
750 3707 777 3756 et
799 3697 990 3756 describendo
1013 3697 1099 3755 milite
1121 3700 1148 3755 in
1171 3716 1256 3773 regno
1279 3709 1307 3758 et
1328 3699 1456 3756 dominiis
1470 3695 1608 3755 suisitiden

351 3867 489 3876 ——--‚--
537 3867 542 3872 .

415 3964 732 4028 ³Lituan.1t.ntr'rrsna.
770 3965 923 4030 'supravit
936 3969 959 4017 1.
995 3963 1017 3998 ¹⁰
1028 3971 1224 4018 vereantumlt.
1244 3967 1398 4018 obliviscitur
1410 3969 1525 4020 Potum
1534 3963 1607 4013 Lmen

347 4051 423 4114 loqui.
472 4049 491 4081 ¹¹
510 4049 641 4100 literislt.
703 4048 722 4080 ¹²
741 4047 785 4114 ac]
804 4050 873 4100 dtu.
933 4049 953 4081 ¹⁸
973 4057 1143 4102 oaussemlt„
1194 4056 1355 4119 prestanti.
1404 4050 1606 4119 toq.]ct.1eren

348 4131 429 4182 ΙΧ.8.
447 4133 548 4183 Psalm.
562 4135 705 4184 xxvlln.
755 4133 775 4166 ¹⁹
793 4135 945 4200 Imperator
957 4137 1027 4186 omis.
1041 4140 1065 4187 1.
1082 4139 1131 4187 sed
1138 4142 1223 4201 possis
1235 4139 1312 4186 etiam
1324 4139 1516 4210 secretissimae
1527 4134 1605 4193 nnn.

348 4217 547 4267 ιεείοάεαίικ.
582 4215 789 4270 ”benevole
825 4217 846 4252 ²¹
859 4221 1015 4286 Mogestate
1027 4225 1051 4270 1.
1087 4219 1407 4286 ”quibusvismodistn
1443 4218 1606 4288 ”prestaret

347 4296 370 4332 ²⁴
387 4302 517 4351 trecentis
529 4305 561 4352 n.
597 4301 619 4334 ²⁷
637 4307 762 4353 sumsit.
798 4300 820 4336 ⁸⁹
838 4307 898 4364 noe]
917 4307 953 4356 nir
965 4310 989 4355 1.
1025 4303 1047 4338 ⁸¹
1065 4304 1238 4356 celsitudinis
1248 4310 1274 4356 1.
1320 4305 1404 4368 §.374
1423 4307 1472 4358 Vix
1489 4299 1606 4355 inconcin·
1665 4317 1666 4320 ¹

346 4383 409 4432 sins
427 4383 590 4449 dicipulum
608 4387 677 4451 Regi
695 4386 804 4452 placere
823 4394 852 4438 ut
870 4404 887 4438 s
905 4388 989 4440 sociis
1001 4390 1064 4440 suis
1081 4390 1179 4440 Turum
1197 4390 1416 4455 debellarentur,
1436 4391 1494 4441 dum
1506 4387 1605 4437 sibime

346 4467 444 4518 lesbias
466 4469 557 4519 nullus
583 4470 763 4535 imponerent.
797 4473 904 4524 Nostris
927 4473 1012 4524 etism
1035 4475 1201 4540 temporibus
1219 4474 1310 4526 solent
1328 4476 1401 4526 bons
1418 4483 1445 4526 et
1466 4471 1604 4538 sanguinem

346 4551 409 4615 (on
425 4554 479 4604 und
494 4553 568 4618 Blut)
585 4555 744 4620 promittere
763 4557 809 4622 qni
827 4556 927 4608 alienis
945 4558 1074 4624 perieulis
1091 4573 1180 4610 rernm
1199 4559 1387 4610 novandarum
1403 4559 1516 4609 studium
1532 4561 1605 4603 utsna

346 4636 418 4735 bons
431 4649 561 4771 npmqne
573 4637 736 4705 sanguinem
749 4647 883 4707 augeant,
905 4643 990 4694 lseile
1004 4647 1144 4693 exercent.
1179 4641 1407 4710 “magestatem
1440 4635 1604 4704 *sumus
1665 4650 1666 4744 p

345 4731 448 4771 nemini
478 4755 484 4772 .
