3382 5516
906 905 1083 964 ewrino
1144 947 1158 984 ,

634 1013 683 1064 AD
700 1013 924 1076 TRANQVILLI
940 1012 1126 1064 PARTHENI
1143 1013 1344 1066 ANDBONIOI
1450 1043 1453 1050 ·

886 1105 1099 1158 ORATIONES.

381 1228 450 1278 Druse
462 1225 617 1292 Tranquilli
627 1225 760 1276 Partheni
770 1224 921 1276 Andronici
931 1225 1078 1288 Dalmetae,
1097 1240 1164 1290 quas
1179 1225 1226 1277 bic
1238 1225 1397 1278 exhibemus
1407 1227 1537 1278 orstiones
1547 1226 1601 1276 adeo

270 1303 276 1323 ¹
349 1313 452 1378 ignotae
466 1326 526 1362 esse
539 1312 674 1373 videntur,
694 1315 726 1360 ut
737 1315 837 1377 praeter
855 1311 1050 1377 inscriptiones
1068 1310 1103 1361 ab
1122 1309 1187 1361 aliis
1200 1327 1233 1362 ex
1246 1309 1310 1362 aliis
1327 1313 1517 1379 transscripta
1531 1326 1600 1375 neque

345 1411 410 1447 raro
428 1398 501 1447 iuter
518 1411 548 1456 se
572 1395 701 1447 contusus
724 1397 908 1449 recentiorum
930 1395 1095 1461 scriptorum
1118 1396 1164 1460 qui
1187 1395 1297 1461 quidem
1320 1398 1441 1448 sectoris
1463 1397 1600 1447 mentionem

348 1481 474 1532 iecerunt
491 1479 581 1531 nullus
599 1495 648 1531 eas
666 1481 725 1546 ipse
742 1479 845 1546 legisse
864 1485 913 1531 cut
931 1479 1084 1548 inspexisse
1102 1480 1237 1543 rideatur,
1256 1486 1339 1546 stque
1357 1481 1412 1531 nisi
1424 1483 1475 1532 iarn
1487 1487 1545 1532 tunc
1556 1495 1602 1530 cum

347 1566 503 1620 Reusuerus
520 1565 690 1632 farraginem
708 1567 862 1624 orationum
880 1565 1058 1616 Turcicarum
1077 1565 1181 1628 ederet,
1200 1563 1601 1631 (Lips.159u1v.vou.4⁰.)u-

264 1673 269 1684 ·
346 1652 477 1712 tuissent,
502 1649 542 1700 ibi
564 1664 618 1700 non
641 1649 877 1714 desiderarentur,
901 1649 949 1700 ubi
972 1649 1029 1701 alia
1051 1649 1163 1699 minoris
1185 1650 1269 1715 pretii
1291 1649 1376 1700 multa
1398 1654 1526 1718 congesta
1545 1653 1600 1698 sunt

251 1799 255 1808 ,
347 1735 429 1800 Atqui
446 1739 477 1784 ut
495 1735 653 1800 recognitus
670 1734 722 1784 bas
740 1735 878 1785 orationes
897 1735 1063 1800 repetendae
1083 1739 1111 1784 et
1128 1734 1201 1784 inter
1217 1735 1336 1786 Hutteni
1358 1750 1443 1800 opera
1464 1733 1601 1800 repetendus

347 1819 524 1881 indicassem,
541 1835 595 1868 nou
608 1833 701 1869 earum
713 1821 813 1871 raritas
826 1835 867 1870 me
881 1818 1220 1884 movitsed·quodbonc1u
1232 1823 1338 1886 partem
1352 1821 1411 1870 cius
1425 1819 1545 1884 imaginis
1556 1815 1600 1866 eli·

347 1919 410 1953 cere
424 1905 453 1953 in
469 1918 522 1968 qua
533 1905 647 1954 Huttebi
662 1903 847 1955 exhortatorie
860 1906 961 1955 eminet
974 1905 1040 1954 mihi
1053 1903 1161 1970 quidem
1173 1904 1242 1956 visse
1254 1909 1325 1954 eunt.
1346 1919 1410 1954 nam
1423 1904 1526 1969 quantis
1537 1901 1600 1966 trepi-

346 1987 516 2049 dationibus,
541 2003 622 2052 quam
640 1989 744 2039 crudeli
764 2005 881 2054 augore,
900 2005 935 2040 ne
954 1988 1124 2040 truculentus
1143 1989 1234 2038 Turca
1251 1989 1359 2040 veniret
1376 1991 1423 2052 qui
1440 1989 1519 2039 victis
1534 1987 1600 2036 bomi-

345 2073 426 2124 nibus
443 2069 522 2139 peius
535 2089 621 2138 ¹quum
639 2079 797 2126 vesceretur
816 2075 938 2136 iaceret,
957 2073 1150 2125 Germanorum
1168 2073 1255 2123 animi
1273 2078 1328 2123 tum
1346 2077 1533 2139 premerentur,
1549 2069 1602 2122 riri·

346 2157 388 2208 dis
407 2157 544 2208 coloribus
561 2159 733 2220 Andronicus
751 2157 906 2225 descripsit,
926 2159 1015 2224 iisque
1033 2159 1099 2208 mire
1118 2157 1246 2220 inductis,
1267 2174 1328 2208 cunr
1346 2163 1442 2208 auctor
1458 2167 1488 2208 ut
1504 2155 1601 2207 cumine

345 2242 429 2292 ‹leum¹
444 2241 478 2292 ad
496 2256 561 2292 suas
577 2247 672 2308 psrtcs
691 2224 826 2305 traheret,
850 2259 905 2295 uon
927 2243 1014 2295 solum
1037 2259 1134 2309 preces
1153 2242 1282 2292 ardentes
1301 2242 1441 2306 effuderit,
1465 2241 1512 2294 sed
1526 2255 1602 2292 susce

345 2326 392 2376 riis
411 2327 495 2380 etiam
512 2328 604 2378 verbis
623 2327 745 2378 sdlieere
764 2327 900 2380 studuerit
918 2343 951 2399 pc
969 2343 1004 2378 ne
1024 2345 1040 2378 a
1058 2327 1211 2378 minacibus
1229 2327 1337 2392 quidem
1356 2328 1515 2395 acerbisque
1535 2327 1602 2377 absti-

345 2411 449 2474 nuerit,
473 2413 515 2461 its
531 2415 563 2462 ut
579 2412 669 2462 simile
688 2413 760 2462 iuter
784 2413 872 2478 ipsam
889 2413 1060 2464 'inroitutem
1080 2421 1116 2464 ac
1135 2411 1374 2466 Cbflstianitsteru
1397 2411 1499 2476 (verbis
1515 2412 1602 2464 renisu

345 2495 420 2563 peto)
439 2498 575 2548 incertum
594 2513 705 2548 carmen
722 2498 781 2548 sire
800 2497 889 2548 oratio
908 2499 957 2558 sit,
983 2514 1025 2548 me
1048 2496 1141 2562 legere
1165 2512 1218 2547 uon
1241 2497 1420 2550 meminerim.
1454 2497 1555 2557 Altera,
1576 2493 1603 2544 sd

347 2582 498 2633 Germanos
517 2582 552 2632 ab
570 2581 725 2632 Andronico
743 2582 841 2632 habitu
858 2583 946 2632 oratic
965 2583 1090 2648 quemvis
1109 2595 1169 2632 eam
1180 2563 1304 2634 'minoris
1327 2595 1409 2647 quem
1432 2581 1502 2632 elias
1524 2585 1602 2632 contre

344 2667 451 2718 Turcas
464 2673 520 2718 turn
535 2667 570 2716 ab
584 2666 793 2732 antiquioribus,
812 2672 843 2716 ut
856 2667 890 2716 ab
903 2667 999 2718 Aenea
1011 2667 1113 2732 Sylvio,
1128 2667 1162 2717 ab
1174 2667 1292 2718 Antonio
1306 2667 1457 2732 Campano,
1477 2667 1545 2728 aliis,
1559 2671 1603 2714 tnn

345 2768 361 2802 e
379 2751 579 2803 recentioribus
598 2751 690 2802 multis
708 2757 771 2818 poet
787 2741 971 2805 Maximilieni
994 2752 1057 2818 imp.
1077 2757 1189 2802 celetem
1212 2753 1331 2818 scriptas
1349 2750 1557 2803 declamationes
1571 2750 1603 2798 is·

345 2839 431 2901 ciem,
446 2841 540 2887 tumen
553 2851 613 2901 quse
626 2842 655 2886 et
667 2837 729 2902 ipsa
741 2837 769 2886 in
781 2836 832 2888 boc
844 2837 972 2888 volumen
984 2837 1165 2902 reciperetur,
1183 2836 1268 2902 digne
1280 2837 1340 2886 viee
1351 2841 1407 2900 est,
1427 2839 1602 2902 nequeeatsu

345 2921 379 2970 ob
402 2919 490 2970 libelli
515 2921 643 2971 eximium
666 2921 824 2984 raritatem,
848 2937 929 2988 quam
953 2922 1016 2986 quis
1033 2921 1214 2972 Huttenicnre
1237 2920 1369 2970 orationis
1392 2922 1507 2987 sequslis
1528 2923 1603 2970 estet

343 2994 486 3057 αὐτόπτου
508 3005 720 3071 descriptionem
744 3007 914 3056 miseriarum
936 3007 1070 3056 Turcicss
1092 3007 1224 3056 victorias
1253 3005 1354 3071 ubique
1384 3005 1602 3058 concomitanticn
1670 3047 1671 3054 ,

343 3095 442 3155 praeter
459 3105 512 3141 non
529 3087 620 3140 nullus
638 3090 672 3140 do
690 3091 840 3142 'turcarum
858 3089 962 3156 rapidis
980 3090 1169 3156 progressibus
1187 3091 1256 3142 bene
1280 3092 1400 3156 scriptus
1423 3097 1514 3158 partes
1534 3087 1602 3140 conti·

319 3155 398 3225 'net
468 3173 602 3240 Exempla
620 3174 715 3226 berum
733 3175 886 3226 oraclorum
903 3174 964 3226 brec
982 3180 1054 3226 suut.
1081 3234 1085 3244 Ι

973 3311 986 3360 Ῑ

311 3449 318 3454 -
341 3396 532 3484 desubitatus
547 3411 577 3470 lu
595 3411 643 3482 um
660 3411 798 3479 uuuimlu.
813 3407 820 3480 Ι
835 3409 1121 3479 tranquillissimae
1138 3413 1250 3477 bulmere
1267 3420 1295 3466 cr
1313 3413 1391 3478 urum
1407 3412 1412 3477 Ι
1428 3413 1522 3467 (ωτι
1531 3409 1602 3475 liur-

341 3511 381 3550 rus
400 3495 491 3552 ueris
513 3499 621 3552 turmine
637 3499 749 3564 perstre.
765 3497 769 3562 Ι
786 3497 903 3563 uiuum
924 3498 1038 3562 titillatu
1060 3503 1089 3552 cb
1107 3495 1253 3564 maritimi
1273 3512 1299 3550 cr
1316 3497 1405 3550 uetiti
1422 3497 1426 3562 Ι
1442 3501 1522 3552 cirum
1539 3499 1603 3560 tiru-
1670 3497 1671 3548 Ι

341 3583 422 3648 cumi
435 3591 463 3637 rr
481 3583 589 3638 urseris
607 3585 634 3636 iu
654 3580 793 3650 decipitis
811 3583 920 3648 strictus
938 3581 1014 3644 juris
1032 3583 1163 3647 Densum.
1181 3587 1185 3646 Ι
1200 3581 1268 3646 ,trem
1286 3583 1426 3646 epistimc
1444 3577 1496 3637 biri
1513 3579 1613 3652 icteris
1670 3647 1671 3660 χ

340 3669 422 3732 fiunis
445 3667 564 3732 butlmr'u
586 3668 736 3736 tumescitis
756 3681 762 3720 ε
781 3679 805 3720 rr
824 3665 962 3732 circumiri
986 3669 1058 3732 spurt
1073 3663 1078 3734 Ι
1092 3668 1214 3734 prestiti
1237 3661 1442 3731 §temulentie
1463 3665 1468 3734 Ι
1487 3665 1604 3733 [sequte
1670 3671 1671 3708 Ι

338 3760 442 3818 pictura
454 3771 526 3822 qnam
538 3757 702 3819 repetendam
715 3749 878 3818 coercebitur.)
898 3752 1000 3802 Constat
1012 3753 1109 3804 libellas
1121 3754 1217 3817 isolir'c
1236 3753 1270 3802 4⁰,
1289 3755 1342 3803 siue
1355 3757 1372 3803 1.
1386 3759 1412 3802 et
1425 3769 1449 3803 o.
1462 3753 1602 3802 inarasse.
1670 3743 1671 3756 ¹

339 3840 387 3889 sed
398 3837 551 3906 Inpolstadr'i
565 3840 693 3903 prodiisse
710 3839 819 3889 videtur.
1670 3823 1671 3840 ¹

408 3940 540 4006 Repetite
558 3945 600 3990 est
617 3957 642 3991 a.
658 3938 731 3990 1566.
752 3937 938 4005 [Vindobonae]
959 3957 975 3990 a
989 3909 1071 4006 cusp.
1084 3937 1242 3996 Steinboler
1258 3933 1470 4000 ,ssPisl’recatio
1487 3940 1519 3990 ad
1530 3939 1603 3988 Deum
1670 3907 1671 3946 ¹

341 4024 419 4074 fectu
437 4025 454 4073 b
471 4023 631 4090 Tranquillo
649 4024 804 4075 Andronico
822 4023 961 4074 Dalmata.
978 4023 1033 4075 ΙΨ
1055 4024 1204 4076 seeundum
1226 4025 1314 4074 Denis
1336 4023 1429 4080 uticus
1450 4019 1602 4090 liuditudru
1670 4093 1671 4108 χ

340 4105 457 4176 uelutillut.
477 4108 551 4164 ibim
562 4108 637 4168 1782.
651 4109 686 4160 4⁰.
700 4126 726 4175 p.
739 4109 796 4159 tos.
811 4109 880 4174 quod
899 4108 1036 4174 exemplar
1055 4127 1105 4176 ego
1122 4125 1176 4158 nen
1195 4109 1258 4159 vidi.

963 4245 1001 4295 11.

1534 4277 1555 4304 d

341 4343 476 4395 culmo
492 4343 497 4409 Ι
512 4346 736 4416 russorum
758 4341 979 4412 restruerem
1001 4331 1213 4412 sunnomrcr
1235 4343 1445 4414 venusinus
1468 4314 1602 4410 coruus
1670 4331 1671 4388 ξ

340 4423 516 4494 ‘ceruices
534 4430 582 4481 sn
603 4426 815 4494 eleuusutos
828 4428 1004 4498 ΗΑΙΒΙΤΙΑ.
1023 4431 1029 4494 Ι
1046 4411 1081 4550 3
1101 4429 1105 4496 Ι

409 4551 441 4598 10
454 4549 512 4613 soll.
531 4548 576 4608 ⁴⁰„
595 4551 680 4600 ultima
696 4566 756 4616 pap.
774 4566 862 4600 cumen.
881 4551 907 4600 r'u
923 4553 1141 4616 poenulttmmffee
1159 4556 1213 4601 ert:
1236 4550 1269 4602 In
1286 4550 1401 4602 cilicina
1418 4546 1553 4600 excuseris
1568 4543 1602 4592 lo·

339 4633 439 4684 bannis
456 4632 548 4685 Miller
561 4629 569 4701 Ι
581 4631 712 4700 Augustas
729 4625 942 4686 vindelicorum.
973 4637 1056 4688 Sexto
1074 4634 1215 4686 Kalendas
1231 4635 1325 4686 luniu
1346 4631 1444 4700 Amice
1467 4623 1602 4684 [deuteri-

340 4715 528 4784 Miuxvffl.
897 4711 908 4728 ''
