<?xml version="1.0" encoding="UTF-8"?>
<!DOCTYPE html PUBLIC "-//W3C//DTD XHTML 1.0 Transitional//EN"
    "http://www.w3.org/TR/xhtml1/DTD/xhtml1-transitional.dtd">
<html xmlns="http://www.w3.org/1999/xhtml" xml:lang="en" lang="en">
 <head>
  <title>
</title>
<meta http-equiv="Content-Type" content="text/html;charset=utf-8" />
  <meta name='ocr-system' content='tesseract 3.04.00' />
  <meta name='ocr-capabilities' content='ocr_page ocr_carea ocr_par ocr_line ocrx_word'/>
</head>
<body>
  <div class='ocr_page' id='page_1' title='image "./ulrichihuttenie12huttgoog_0043.png"; bbox 0 0 3464 5526; ppageno 0'>
   <div class='ocr_carea' id='block_1_1' title="bbox 0 1096 4 2220">
    <p class='ocr_par' dir='ltr' id='par_1_1' title="bbox 0 1096 4 2220">
     <span class='ocr_line' id='line_1_1' title="bbox 0 1096 4 2220; baseline 0 0"><span class='ocrx_word' id='word_1_1' title='bbox 0 1096 4 2220; x_wconf 95' lang='lat' dir='ltr'><strong> </strong></span> 
     </span>
    </p>
   </div>
   <div class='ocr_carea' id='block_1_2' title="bbox 341 404 1485 482">
    <p class='ocr_par' dir='ltr' id='par_1_2' title="bbox 341 404 1485 482">
     <span class='ocr_line' id='line_1_2' title="bbox 341 404 1485 482; baseline 0 -8"><span class='ocrx_word' id='word_1_2' title='bbox 341 407 389 478; x_wconf 72' lang='lat'><strong>26</strong></span> <span class='ocrx_word' id='word_1_3' title='bbox 482 437 604 474; x_wconf 70' lang='lat' dir='ltr'><strong>aversati</strong></span> <span class='ocrx_word' id='word_1_4' title='bbox 622 437 652 472; x_wconf 85' lang='lat' dir='ltr'><strong>nt</strong></span> <span class='ocrx_word' id='word_1_5' title='bbox 671 439 764 474; x_wconf 74' lang='grc' dir='ltr'>ΏΥΟΙΙ</span> <span class='ocrx_word' id='word_1_6' title='bbox 782 437 1058 482; x_wconf 66' lang='lat' dir='ltr'><strong>wipanmttmtttt</strong></span> <span class='ocrx_word' id='word_1_7' title='bbox 1077 437 1181 474; x_wconf 71' lang='grc' dir='ltr'><strong>ΟΙΔΤΙΟ</strong></span> <span class='ocrx_word' id='word_1_8' title='bbox 1199 439 1232 475; x_wconf 88' lang='lat'><strong>11.</strong></span> <span class='ocrx_word' id='word_1_9' title='bbox 1257 404 1410 478; x_wconf 48' lang='lat' dir='ltr'><strong>mvii-&#39;A-</strong></span> <span class='ocrx_word' id='word_1_10' title='bbox 1424 433 1485 476; x_wconf 68' lang='lat' dir='ltr'><strong>ibid.</strong></span> 
     </span>
    </p>
   </div>
   <div class='ocr_carea' id='block_1_3' title="bbox 214 593 1731 4449">
    <p class='ocr_par' dir='ltr' id='par_1_3' title="bbox 275 593 1625 979">
     <span class='ocr_line' id='line_1_3' title="bbox 275 593 1625 686; baseline 0.001 -30"><span class='ocrx_word' id='word_1_11' title='bbox 275 667 281 686; x_wconf 34' lang='grc' dir='ltr'><em>Ι</em></span> <span class='ocrx_word' id='word_1_12' title='bbox 340 593 536 674; x_wconf 82' lang='lat' dir='ltr'><strong>persequendi</strong></span> <span class='ocrx_word' id='word_1_13' title='bbox 555 593 635 655; x_wconf 90' lang='lat' dir='ltr'><strong>bunc</strong></span> <span class='ocrx_word' id='word_1_14' title='bbox 657 593 753 654; x_wconf 90' lang='lat' dir='ltr'><strong>studio</strong></span> <span class='ocrx_word' id='word_1_15' title='bbox 776 601 894 662; x_wconf 86' lang='lat' dir='ltr'><strong>tenear,</strong></span> <span class='ocrx_word' id='word_1_16' title='bbox 928 593 1044 656; x_wconf 89' lang='lat' dir='ltr'><strong>decoris</strong></span> <span class='ocrx_word' id='word_1_17' title='bbox 1069 599 1167 654; x_wconf 87' lang='lat' dir='ltr'><strong>tamen</strong></span> <span class='ocrx_word' id='word_1_18' title='bbox 1195 594 1254 656; x_wconf 89' lang='lat' dir='ltr'><strong>mei</strong></span> <span class='ocrx_word' id='word_1_19' title='bbox 1280 612 1339 656; x_wconf 92' lang='lat' dir='ltr'><strong>non</strong></span> <span class='ocrx_word' id='word_1_20' title='bbox 1363 594 1533 665; x_wconf 79' lang='lat' dir='ltr'><strong>obliviscar,</strong></span> <span class='ocrx_word' id='word_1_21' title='bbox 1569 615 1625 658; x_wconf 86' lang='lat' dir='ltr'><strong>nec</strong></span> 
     </span>
     <span class='ocr_line' id='line_1_4' title="bbox 339 681 1625 776; baseline 0 -18"><span class='ocrx_word' id='word_1_22' title='bbox 339 705 451 758; x_wconf 90' lang='lat' dir='ltr'><strong>tantum</strong></span> <span class='ocrx_word' id='word_1_23' title='bbox 475 695 554 757; x_wconf 86' lang='lat' dir='ltr'><strong>burro</strong></span> <span class='ocrx_word' id='word_1_24' title='bbox 574 695 682 770; x_wconf 88' lang='lat' dir='ltr'><strong>odero,</strong></span> <span class='ocrx_word' id='word_1_25' title='bbox 717 701 747 756; x_wconf 91' lang='lat' dir='ltr'><strong>ut</strong></span> <span class='ocrx_word' id='word_1_26' title='bbox 767 695 875 775; x_wconf 91' lang='lat' dir='ltr'><strong>pudori</strong></span> <span class='ocrx_word' id='word_1_27' title='bbox 897 695 1035 758; x_wconf 80' lang='lat' dir='ltr'><strong>adversar</strong></span> <span class='ocrx_word' id='word_1_28' title='bbox 1055 713 1136 766; x_wconf 89' lang='lat' dir='ltr'><strong>meo,</strong></span> <span class='ocrx_word' id='word_1_29' title='bbox 1169 695 1304 776; x_wconf 90' lang='lat' dir='ltr'><strong>daboque</strong></span> <span class='ocrx_word' id='word_1_30' title='bbox 1327 681 1465 776; x_wconf 81' lang='lat' dir='ltr'><strong>operam,</strong></span> <span class='ocrx_word' id='word_1_31' title='bbox 1498 704 1533 760; x_wconf 92' lang='lat' dir='ltr'><strong>ut</strong></span> <span class='ocrx_word' id='word_1_32' title='bbox 1560 715 1625 776; x_wconf 83' lang='lat' dir='ltr'><strong>qne</strong></span> 
     </span>
     <span class='ocr_line' id='line_1_5' title="bbox 339 796 1623 879; baseline 0.002 -21"><span class='ocrx_word' id='word_1_33' title='bbox 339 801 428 860; x_wconf 88' lang='lat' dir='ltr'><strong>istum</strong></span> <span class='ocrx_word' id='word_1_34' title='bbox 453 797 552 859; x_wconf 86' lang='lat' dir='ltr'><strong>lacere</strong></span> <span class='ocrx_word' id='word_1_35' title='bbox 582 815 653 878; x_wconf 86' lang='lat' dir='ltr'><strong>non</strong></span> <span class='ocrx_word' id='word_1_36' title='bbox 668 797 788 876; x_wconf 91' lang='lat' dir='ltr'><strong>puduit,</strong></span> <span class='ocrx_word' id='word_1_37' title='bbox 816 815 864 858; x_wconf 90' lang='lat' dir='ltr'><strong>me</strong></span> <span class='ocrx_word' id='word_1_38' title='bbox 893 797 992 860; x_wconf 78' lang='lat' dir='ltr'>dicere</span> <span class='ocrx_word' id='word_1_39' title='bbox 1018 797 1135 875; x_wconf 86' lang='lat' dir='ltr'><strong>pudeat.</strong></span> <span class='ocrx_word' id='word_1_40' title='bbox 1183 796 1271 858; x_wconf 80' lang='lat' dir='ltr'>Vobis</span> <span class='ocrx_word' id='word_1_41' title='bbox 1298 798 1449 877; x_wconf 86' lang='lat' dir='ltr'><strong>indignum</strong></span> <span class='ocrx_word' id='word_1_42' title='bbox 1478 800 1623 879; x_wconf 81' lang='lat' dir='ltr'><strong>principis</strong></span> 
     </span>
     <span class='ocr_line' id='line_1_6' title="bbox 340 898 1622 979; baseline -0.001 -17"><span class='ocrx_word' id='word_1_43' title='bbox 340 902 464 962; x_wconf 76' lang='lat' dir='ltr'><strong>[murinae</strong></span> <span class='ocrx_word' id='word_1_44' title='bbox 493 917 610 968; x_wconf 88' lang='lat' dir='ltr'><strong>casnm,</strong></span> <span class='ocrx_word' id='word_1_45' title='bbox 639 899 690 978; x_wconf 88' lang='lat' dir='ltr'><strong>qui</strong></span> <span class='ocrx_word' id='word_1_46' title='bbox 716 917 764 962; x_wconf 89' lang='lat' dir='ltr'><strong>me</strong></span> <span class='ocrx_word' id='word_1_47' title='bbox 791 916 910 978; x_wconf 90' lang='lat' dir='ltr'><strong>quoque</strong></span> <span class='ocrx_word' id='word_1_48' title='bbox 939 919 955 960; x_wconf 91' lang='lat' dir='ltr'><strong>a</strong></span> <span class='ocrx_word' id='word_1_49' title='bbox 983 899 1144 961; x_wconf 88' lang='lat' dir='ltr'><strong>domestico</strong></span> <span class='ocrx_word' id='word_1_50' title='bbox 1171 898 1274 962; x_wconf 89' lang='lat' dir='ltr'><strong>dolore</strong></span> <span class='ocrx_word' id='word_1_51' title='bbox 1302 903 1446 979; x_wconf 75' lang='lat' dir='ltr'><strong>tantisper</strong></span> <span class='ocrx_word' id='word_1_52' title='bbox 1469 901 1622 973; x_wconf 72' lang='lat' dir='ltr'>abstraxit,</span> 
     </span>
    </p>

    <p class='ocr_par' dir='ltr' id='par_1_4' title="bbox 278 987 1643 1288">
     <span class='ocr_line' id='line_1_7' title="bbox 278 987 1643 1081; baseline -0.001 -17"><span class='ocrx_word' id='word_1_53' title='bbox 278 1038 285 1064; x_wconf 66' lang='grc' dir='ltr'>ι</span> <span class='ocrx_word' id='word_1_54' title='bbox 339 1001 528 1070; x_wconf 88' lang='lat' dir='ltr'><strong>commendo,</strong></span> <span class='ocrx_word' id='word_1_55' title='bbox 551 1018 639 1080; x_wconf 90' lang='lat' dir='ltr'><strong>quam</strong></span> <span class='ocrx_word' id='word_1_56' title='bbox 655 999 718 1070; x_wconf 89' lang='lat' dir='ltr'><strong>ille,</strong></span> <span class='ocrx_word' id='word_1_57' title='bbox 742 1001 855 1078; x_wconf 84' lang='lat' dir='ltr'><strong>quiain</strong></span> <span class='ocrx_word' id='word_1_58' title='bbox 872 987 957 1064; x_wconf 83' lang='lat' dir='ltr'><strong>stiam</strong></span> <span class='ocrx_word' id='word_1_59' title='bbox 978 1001 1189 1080; x_wconf 75' lang='lat' dir='ltr'><strong>turpitudinem</strong></span> <span class='ocrx_word' id='word_1_60' title='bbox 1210 1021 1299 1081; x_wconf 92' lang='lat' dir='ltr'><strong>quam</strong></span> <span class='ocrx_word' id='word_1_61' title='bbox 1326 1005 1521 1073; x_wconf 87' lang='lat' dir='ltr'><strong>consentiret,</strong></span> <span class='ocrx_word' id='word_1_62' title='bbox 1543 1005 1643 1064; x_wconf 76' lang='lat' dir='ltr'><strong>moris</strong></span> 
     </span>
     <span class='ocr_line' id='line_1_8' title="bbox 338 1102 1624 1185; baseline 0.001 -21"><span class='ocrx_word' id='word_1_63' title='bbox 338 1105 420 1185; x_wconf 84' lang='lat' dir='ltr'><strong>prius</strong></span> <span class='ocrx_word' id='word_1_64' title='bbox 442 1102 547 1173; x_wconf 83' lang='lat' dir='ltr'><strong>voluit,</strong></span> <span class='ocrx_word' id='word_1_65' title='bbox 572 1102 761 1181; x_wconf 77' lang='lat' dir='ltr'><strong>impudicitiae</strong></span> <span class='ocrx_word' id='word_1_66' title='bbox 782 1121 817 1164; x_wconf 91' lang='lat' dir='ltr'><strong>ac</strong></span> <span class='ocrx_word' id='word_1_67' title='bbox 838 1102 942 1182; x_wconf 85' lang='lat' dir='ltr'><strong>probri</strong></span> <span class='ocrx_word' id='word_1_68' title='bbox 964 1102 1137 1164; x_wconf 80' lang='lat' dir='ltr'><strong>insimulare</strong></span> <span class='ocrx_word' id='word_1_69' title='bbox 1159 1122 1248 1176; x_wconf 81' lang='lat' dir='ltr'><strong>ausus</strong></span> <span class='ocrx_word' id='word_1_70' title='bbox 1275 1112 1335 1174; x_wconf 89' lang='lat' dir='ltr'><strong>est;</strong></span> <span class='ocrx_word' id='word_1_71' title='bbox 1364 1111 1395 1166; x_wconf 91' lang='lat' dir='ltr'><strong>et</strong></span> <span class='ocrx_word' id='word_1_72' title='bbox 1415 1104 1473 1166; x_wconf 94' lang='lat' dir='ltr'><strong>boc</strong></span> <span class='ocrx_word' id='word_1_73' title='bbox 1494 1107 1568 1184; x_wconf 89' lang='lat' dir='ltr'><strong>egit,</strong></span> <span class='ocrx_word' id='word_1_74' title='bbox 1591 1113 1624 1166; x_wconf 91' lang='lat' dir='ltr'><strong>nt</strong></span> 
     </span>
     <span class='ocr_line' id='line_1_9' title="bbox 338 1203 1622 1288; baseline -0.002 -18"><span class='ocrx_word' id='word_1_75' title='bbox 338 1209 362 1270; x_wconf 88' lang='lat' dir='ltr'><strong>si</strong></span> <span class='ocrx_word' id='word_1_76' title='bbox 383 1206 576 1288; x_wconf 78' lang='lat' dir='ltr'><strong>processisset</strong></span> <span class='ocrx_word' id='word_1_77' title='bbox 598 1207 725 1266; x_wconf 90' lang='lat' dir='ltr'><strong>immane</strong></span> <span class='ocrx_word' id='word_1_78' title='bbox 748 1203 820 1266; x_wconf 91' lang='lat' dir='ltr'><strong>illud</strong></span> <span class='ocrx_word' id='word_1_79' title='bbox 841 1205 1028 1267; x_wconf 83' lang='lat' dir='ltr'><strong>interimendi</strong></span> <span class='ocrx_word' id='word_1_80' title='bbox 1050 1204 1221 1276; x_wconf 89' lang='lat' dir='ltr'><strong>consilium,</strong></span> <span class='ocrx_word' id='word_1_81' title='bbox 1243 1205 1457 1284; x_wconf 87' lang='lat' dir='ltr'><strong>deprehensam</strong></span> <span class='ocrx_word' id='word_1_82' title='bbox 1476 1208 1505 1268; x_wconf 93' lang='lat' dir='ltr'><strong>in</strong></span> <span class='ocrx_word' id='word_1_83' title='bbox 1523 1207 1622 1286; x_wconf 90' lang='lat' dir='ltr'><strong>aliquo</strong></span> 
     </span>
    </p>

    <p class='ocr_par' dir='ltr' id='par_1_5' title="bbox 270 1293 1653 1796">
     <span class='ocr_line' id='line_1_10' title="bbox 270 1293 1621 1387; baseline 0.004 -22"><span class='ocrx_word' id='word_1_84' title='bbox 270 1323 289 1373; x_wconf 83' lang='grc' dir='ltr'><strong>ι.</strong></span> <span class='ocrx_word' id='word_1_85' title='bbox 297 1324 330 1368; x_wconf 83' lang='grc' dir='ltr'><strong>ιι.</strong></span> <span class='ocrx_word' id='word_1_86' title='bbox 339 1327 445 1387; x_wconf 88' lang='lat' dir='ltr'><strong>magno</strong></span> <span class='ocrx_word' id='word_1_87' title='bbox 474 1327 509 1370; x_wconf 91' lang='lat' dir='ltr'><strong>ac</strong></span> <span class='ocrx_word' id='word_1_88' title='bbox 531 1305 715 1370; x_wconf 78' lang='lat' dir='ltr'><strong>memorabili</strong></span> <span class='ocrx_word' id='word_1_89' title='bbox 746 1306 860 1368; x_wconf 88' lang='lat' dir='ltr'><strong>scelere</strong></span> <span class='ocrx_word' id='word_1_90' title='bbox 890 1293 1174 1368; x_wconf 77' lang='lat' dir='ltr'><strong>comminisceretur.</strong></span> <span class='ocrx_word' id='word_1_91' title='bbox 1218 1307 1303 1382; x_wconf 83' lang='lat' dir='ltr'><strong>Quod</strong></span> <span class='ocrx_word' id='word_1_92' title='bbox 1330 1307 1379 1368; x_wconf 91' lang='lat' dir='ltr'><strong>illa</strong></span> <span class='ocrx_word' id='word_1_93' title='bbox 1405 1310 1536 1372; x_wconf 86' lang='lat' dir='ltr'><strong>sentiens</strong></span> <span class='ocrx_word' id='word_1_94' title='bbox 1562 1327 1621 1371; x_wconf 88' lang='lat' dir='ltr'><strong>aon</strong></span> 
     </span>
     <span class='ocr_line' id='line_1_11' title="bbox 337 1409 1643 1492; baseline -0.001 -19"><span class='ocrx_word' id='word_1_95' title='bbox 337 1417 463 1472; x_wconf 90' lang='lat' dir='ltr'><strong>mortem</strong></span> <span class='ocrx_word' id='word_1_96' title='bbox 483 1410 570 1488; x_wconf 91' lang='lat' dir='ltr'><strong>ingit,</strong></span> <span class='ocrx_word' id='word_1_97' title='bbox 594 1425 683 1488; x_wconf 92' lang='lat' dir='ltr'><strong>qnam</strong></span> <span class='ocrx_word' id='word_1_98' title='bbox 705 1425 872 1470; x_wconf 76' lang='lat' dir='ltr'><strong>erumnose</strong></span> <span class='ocrx_word' id='word_1_99' title='bbox 899 1410 982 1488; x_wconf 91' lang='lat' dir='ltr'><strong>prius</strong></span> <span class='ocrx_word' id='word_1_100' title='bbox 1005 1409 1069 1470; x_wconf 80' lang='lat' dir='ltr'><strong>rite</strong></span> <span class='ocrx_word' id='word_1_101' title='bbox 1090 1427 1169 1490; x_wconf 78' lang='lat' dir='ltr'><strong>sepe</strong></span> <span class='ocrx_word' id='word_1_102' title='bbox 1190 1409 1376 1488; x_wconf 79' lang='lat' dir='ltr'><strong>praetulerat,</strong></span> <span class='ocrx_word' id='word_1_103' title='bbox 1397 1411 1448 1472; x_wconf 86' lang='lat' dir='ltr'><strong>sed</strong></span> <span class='ocrx_word' id='word_1_104' title='bbox 1472 1412 1643 1492; x_wconf 72' lang='lat' dir='ltr'><strong>infamiam</strong></span> 
     </span>
     <span class='ocr_line' id='line_1_12' title="bbox 336 1510 1653 1593; baseline -0.001 -18"><span class='ocrx_word' id='word_1_105' title='bbox 336 1532 371 1575; x_wconf 91' lang='lat' dir='ltr'><strong>ac</strong></span> <span class='ocrx_word' id='word_1_106' title='bbox 389 1512 529 1582; x_wconf 88' lang='lat' dir='ltr'><strong>dedecus,</strong></span> <span class='ocrx_word' id='word_1_107' title='bbox 553 1513 708 1573; x_wconf 90' lang='lat' dir='ltr'><strong>coniuncta</strong></span> <span class='ocrx_word' id='word_1_108' title='bbox 730 1511 818 1573; x_wconf 79' lang='lat' dir='ltr'><strong>morti</strong></span> <span class='ocrx_word' id='word_1_109' title='bbox 839 1511 908 1572; x_wconf 91' lang='lat' dir='ltr'><strong>lmic</strong></span> <span class='ocrx_word' id='word_1_110' title='bbox 929 1510 1005 1572; x_wconf 92' lang='lat' dir='ltr'><strong>mala</strong></span> <span class='ocrx_word' id='word_1_111' title='bbox 1025 1510 1195 1580; x_wconf 77' lang='lat' dir='ltr'><strong>declinavit:</strong></span> <span class='ocrx_word' id='word_1_112' title='bbox 1216 1519 1245 1572; x_wconf 90' lang='lat' dir='ltr'><strong>et</strong></span> <span class='ocrx_word' id='word_1_113' title='bbox 1266 1513 1342 1573; x_wconf 89' lang='lat' dir='ltr'><strong>mori</strong></span> <span class='ocrx_word' id='word_1_114' title='bbox 1363 1513 1479 1574; x_wconf 87' lang='lat' dir='ltr'><strong>lortiter</strong></span> <span class='ocrx_word' id='word_1_115' title='bbox 1500 1531 1532 1576; x_wconf 83' lang='lat' dir='ltr'><strong>se</strong></span> <span class='ocrx_word' id='word_1_116' title='bbox 1553 1515 1653 1593; x_wconf 86' lang='lat' dir='ltr'><strong>qui-u</strong></span> 
     </span>
     <span class='ocr_line' id='line_1_13' title="bbox 337 1611 1622 1693; baseline -0.002 -17"><span class='ocrx_word' id='word_1_117' title='bbox 337 1616 404 1676; x_wconf 91' lang='lat' dir='ltr'><strong>dem</strong></span> <span class='ocrx_word' id='word_1_118' title='bbox 426 1615 547 1693; x_wconf 90' lang='lat' dir='ltr'><strong>dignum</strong></span> <span class='ocrx_word' id='word_1_119' title='bbox 563 1614 666 1685; x_wconf 79' lang='lat' dir='ltr'><strong>duxit,</strong></span> <span class='ocrx_word' id='word_1_120' title='bbox 689 1613 759 1678; x_wconf 88' lang='lat' dir='ltr'><strong>dare</strong></span> <span class='ocrx_word' id='word_1_121' title='bbox 780 1621 878 1676; x_wconf 78' lang='lat' dir='ltr'><strong>autmn</strong></span> <span class='ocrx_word' id='word_1_122' title='bbox 899 1619 980 1674; x_wconf 89' lang='lat' dir='ltr'><strong>tanto</strong></span> <span class='ocrx_word' id='word_1_123' title='bbox 1002 1611 1109 1675; x_wconf 89' lang='lat' dir='ltr'><strong>sceleri</strong></span> <span class='ocrx_word' id='word_1_124' title='bbox 1130 1614 1315 1675; x_wconf 84' lang='lat' dir='ltr'><strong>occasionem</strong></span> <span class='ocrx_word' id='word_1_125' title='bbox 1343 1621 1373 1675; x_wconf 88' lang='lat' dir='ltr'><strong>ct</strong></span> <span class='ocrx_word' id='word_1_126' title='bbox 1393 1622 1535 1690; x_wconf 73' lang='lat' dir='ltr'><strong>anteactae</strong></span> <span class='ocrx_word' id='word_1_127' title='bbox 1554 1616 1622 1674; x_wconf 85' lang='lat' dir='ltr'><strong>ritae</strong></span> 
     </span>
     <span class='ocr_line' id='line_1_14' title="bbox 336 1714 1621 1796; baseline 0 -18"><span class='ocrx_word' id='word_1_128' title='bbox 336 1715 463 1779; x_wconf 85' lang='lat' dir='ltr'><strong>irubtum</strong></span> <span class='ocrx_word' id='word_1_129' title='bbox 483 1716 609 1796; x_wconf 88' lang='lat' dir='ltr'><strong>perdere</strong></span> <span class='ocrx_word' id='word_1_130' title='bbox 630 1715 785 1794; x_wconf 84' lang='lat' dir='ltr'><strong>degeneris</strong></span> <span class='ocrx_word' id='word_1_131' title='bbox 803 1733 838 1777; x_wconf 92' lang='lat' dir='ltr'><strong>ac</strong></span> <span class='ocrx_word' id='word_1_132' title='bbox 861 1733 963 1777; x_wconf 84' lang='lat' dir='ltr'><strong>verum</strong></span> <span class='ocrx_word' id='word_1_133' title='bbox 985 1714 1076 1778; x_wconf 89' lang='lat' dir='ltr'><strong>decus</strong></span> <span class='ocrx_word' id='word_1_134' title='bbox 1102 1731 1161 1776; x_wconf 92' lang='lat' dir='ltr'><strong>non</strong></span> <span class='ocrx_word' id='word_1_135' title='bbox 1191 1717 1376 1793; x_wconf 78' lang='lat' dir='ltr'><strong>agnoscentis</strong></span> <span class='ocrx_word' id='word_1_136' title='bbox 1398 1717 1488 1778; x_wconf 90' lang='lat' dir='ltr'><strong>animi</strong></span> <span class='ocrx_word' id='word_1_137' title='bbox 1510 1717 1621 1778; x_wconf 90' lang='lat' dir='ltr'><strong>iudica·</strong></span> 
     </span>
    </p>

    <p class='ocr_par' dir='ltr' id='par_1_6' title="bbox 214 1801 1656 2308">
     <span class='ocr_line' id='line_1_15' title="bbox 214 1801 1622 1924; baseline 0.001 -45"><span class='ocrx_word' id='word_1_138' title='bbox 214 1895 221 1924; x_wconf 27' lang='lat' dir='ltr'>x</span> <span class='ocrx_word' id='word_1_139' title='bbox 266 1821 384 1885; x_wconf 71' lang='lat' dir='ltr'><strong>tevit.</strong></span> <span class='ocrx_word' id='word_1_140' title='bbox 421 1817 492 1888; x_wconf 83' lang='lat' dir='ltr'><strong>Quae</strong></span> <span class='ocrx_word' id='word_1_141' title='bbox 513 1819 579 1898; x_wconf 92' lang='lat' dir='ltr'><strong>quia</strong></span> <span class='ocrx_word' id='word_1_142' title='bbox 601 1819 669 1878; x_wconf 88' lang='lat' dir='ltr'><strong>ririt</strong></span> <span class='ocrx_word' id='word_1_143' title='bbox 692 1823 721 1878; x_wconf 89' lang='lat' dir='ltr'><strong>et</strong></span> <span class='ocrx_word' id='word_1_144' title='bbox 744 1817 830 1878; x_wconf 91' lang='lat' dir='ltr'><strong>buius</strong></span> <span class='ocrx_word' id='word_1_145' title='bbox 851 1835 956 1879; x_wconf 88' lang='lat' dir='ltr'><strong>manus</strong></span> <span class='ocrx_word' id='word_1_146' title='bbox 977 1817 1092 1894; x_wconf 85' lang='lat' dir='ltr'><strong>elingit,</strong></span> <span class='ocrx_word' id='word_1_147' title='bbox 1123 1823 1152 1878; x_wconf 91' lang='lat' dir='ltr'><strong>et</strong></span> <span class='ocrx_word' id='word_1_148' title='bbox 1180 1835 1217 1878; x_wconf 92' lang='lat' dir='ltr'><strong>ne</strong></span> <span class='ocrx_word' id='word_1_149' title='bbox 1239 1835 1370 1896; x_wconf 90' lang='lat' dir='ltr'><strong>unquam</strong></span> <span class='ocrx_word' id='word_1_150' title='bbox 1391 1817 1502 1879; x_wconf 90' lang='lat' dir='ltr'><strong>incidat</strong></span> <span class='ocrx_word' id='word_1_151' title='bbox 1522 1801 1622 1880; x_wconf 82' lang='lat' dir='ltr'><strong>tortis·</strong></span> 
     </span>
     <span class='ocr_line' id='line_1_16' title="bbox 333 1919 1624 1999; baseline -0.002 -17"><span class='ocrx_word' id='word_1_152' title='bbox 333 1921 476 1982; x_wconf 87' lang='lat' dir='ltr'><strong>simorum</strong></span> <span class='ocrx_word' id='word_1_153' title='bbox 499 1921 623 1982; x_wconf 90' lang='lat' dir='ltr'><strong>iratrum</strong></span> <span class='ocrx_word' id='word_1_154' title='bbox 646 1919 782 1999; x_wconf 79' lang='lat' dir='ltr'><strong>prasidio</strong></span> <span class='ocrx_word' id='word_1_155' title='bbox 805 1927 1007 1998; x_wconf 87' lang='lat' dir='ltr'><strong>comparatum</strong></span> <span class='ocrx_word' id='word_1_156' title='bbox 1027 1927 1086 1988; x_wconf 88' lang='lat' dir='ltr'><strong>est,</strong></span> <span class='ocrx_word' id='word_1_157' title='bbox 1110 1927 1138 1980; x_wconf 91' lang='lat' dir='ltr'><strong>et</strong></span> <span class='ocrx_word' id='word_1_158' title='bbox 1159 1919 1226 1996; x_wconf 88' lang='lat' dir='ltr'><strong>quia</strong></span> <span class='ocrx_word' id='word_1_159' title='bbox 1249 1920 1498 1998; x_wconf 91' lang='lat' dir='ltr'><strong>quemadmodum</strong></span> <span class='ocrx_word' id='word_1_160' title='bbox 1516 1922 1624 1982; x_wconf 82' lang='lat' dir='ltr'><strong>vixerit</strong></span> 
     </span>
     <span class='ocr_line' id='line_1_17' title="bbox 332 2020 1656 2102; baseline -0.002 -18"><span class='ocrx_word' id='word_1_161' title='bbox 332 2030 471 2088; x_wconf 85' lang='lat' dir='ltr'><strong>testatum</strong></span> <span class='ocrx_word' id='word_1_162' title='bbox 492 2022 634 2093; x_wconf 86' lang='lat' dir='ltr'><strong>babetur,</strong></span> <span class='ocrx_word' id='word_1_163' title='bbox 655 2023 853 2102; x_wconf 83' lang='lat' dir='ltr'><strong>quoniamque</strong></span> <span class='ocrx_word' id='word_1_164' title='bbox 875 2020 1017 2101; x_wconf 80' lang='lat' dir='ltr'><strong>pestilens</strong></span> <span class='ocrx_word' id='word_1_165' title='bbox 1038 2022 1212 2084; x_wconf 86' lang='lat' dir='ltr'><strong>atrocissimi</strong></span> <span class='ocrx_word' id='word_1_166' title='bbox 1240 2022 1388 2084; x_wconf 86' lang='lat' dir='ltr'><strong>carnificis</strong></span> <span class='ocrx_word' id='word_1_167' title='bbox 1409 2020 1566 2084; x_wconf 87' lang='lat' dir='ltr'><strong>consilinm</strong></span> <span class='ocrx_word' id='word_1_168' title='bbox 1591 2025 1621 2082; x_wconf 92' lang='lat' dir='ltr'><strong>in</strong></span> <span class='ocrx_word' id='word_1_169' title='bbox 1633 2035 1656 2074; x_wconf 76' lang='lat'><strong>¹⁵</strong></span> 
     </span>
     <span class='ocr_line' id='line_1_18' title="bbox 333 2122 1621 2203; baseline 0.004 -17"><span class='ocrx_word' id='word_1_170' title='bbox 333 2125 430 2188; x_wconf 91' lang='lat' dir='ltr'><strong>lucem</strong></span> <span class='ocrx_word' id='word_1_171' title='bbox 449 2126 586 2194; x_wconf 87' lang='lat' dir='ltr'><strong>emersit,</strong></span> <span class='ocrx_word' id='word_1_172' title='bbox 608 2125 730 2203; x_wconf 90' lang='lat' dir='ltr'><strong>eiusque</strong></span> <span class='ocrx_word' id='word_1_173' title='bbox 752 2123 821 2184; x_wconf 93' lang='lat' dir='ltr'><strong>odio</strong></span> <span class='ocrx_word' id='word_1_174' title='bbox 837 2130 897 2185; x_wconf 91' lang='lat' dir='ltr'><strong>tota</strong></span> <span class='ocrx_word' id='word_1_175' title='bbox 919 2124 1002 2186; x_wconf 90' lang='lat' dir='ltr'><strong>ardet</strong></span> <span class='ocrx_word' id='word_1_176' title='bbox 1023 2123 1195 2192; x_wconf 89' lang='lat' dir='ltr'><strong>Germania,</strong></span> <span class='ocrx_word' id='word_1_177' title='bbox 1219 2140 1323 2186; x_wconf 89' lang='lat' dir='ltr'><strong>omnes</strong></span> <span class='ocrx_word' id='word_1_178' title='bbox 1343 2122 1474 2188; x_wconf 82' lang='lat' dir='ltr'><strong>tremunt</strong></span> <span class='ocrx_word' id='word_1_179' title='bbox 1489 2125 1621 2192; x_wconf 84' lang='lat' dir='ltr'><strong>ordines.</strong></span> 
     </span>
     <span class='ocr_line' id='line_1_19' title="bbox 334 2223 1623 2308; baseline -0.002 -18"><span class='ocrx_word' id='word_1_180' title='bbox 334 2225 503 2308; x_wconf 81' lang='lat' dir='ltr'><strong>qnid‘atiud</strong></span> <span class='ocrx_word' id='word_1_181' title='bbox 525 2224 633 2288; x_wconf 86' lang='lat' dir='ltr'><strong>decere</strong></span> <span class='ocrx_word' id='word_1_182' title='bbox 654 2241 706 2287; x_wconf 85' lang='lat' dir='ltr'><strong>ras</strong></span> <span class='ocrx_word' id='word_1_183' title='bbox 728 2224 914 2288; x_wconf 89' lang='lat' dir='ltr'><strong>arbitramini</strong></span> <span class='ocrx_word' id='word_1_184' title='bbox 936 2231 1078 2304; x_wconf 83' lang='lat' dir='ltr'><strong>qnamnt</strong></span> <span class='ocrx_word' id='word_1_185' title='bbox 1099 2228 1186 2288; x_wconf 87' lang='lat' dir='ltr'><strong>istum</strong></span> <span class='ocrx_word' id='word_1_186' title='bbox 1208 2243 1326 2303; x_wconf 88' lang='lat' dir='ltr'><strong>semper</strong></span> <span class='ocrx_word' id='word_1_187' title='bbox 1347 2223 1405 2287; x_wconf 90' lang='lat' dir='ltr'><strong>tale</strong></span> <span class='ocrx_word' id='word_1_188' title='bbox 1426 2224 1538 2304; x_wconf 88' lang='lat' dir='ltr'><strong>aliquid</strong></span> <span class='ocrx_word' id='word_1_189' title='bbox 1560 2245 1623 2288; x_wconf 86' lang='lat' dir='ltr'><strong>mc-</strong></span> 
     </span>
    </p>

    <p class='ocr_par' dir='ltr' id='par_1_7' title="bbox 221 2327 1655 2715">
     <span class='ocr_line' id='line_1_20' title="bbox 221 2327 1622 2407; baseline -0.001 -17"><span class='ocrx_word' id='word_1_190' title='bbox 221 2383 225 2390; x_wconf 85' lang='lat'><em>.</em></span> <span class='ocrx_word' id='word_1_191' title='bbox 332 2330 473 2391; x_wconf 90' lang='lat' dir='ltr'><strong>ditantem</strong></span> <span class='ocrx_word' id='word_1_192' title='bbox 495 2329 667 2390; x_wconf 89' lang='lat' dir='ltr'><strong>maturrime</strong></span> <span class='ocrx_word' id='word_1_193' title='bbox 690 2327 825 2390; x_wconf 88' lang='lat' dir='ltr'><strong>emedio</strong></span> <span class='ocrx_word' id='word_1_194' title='bbox 848 2328 1005 2404; x_wconf 76' lang='lat' dir='ltr'><strong>auferatis?</strong></span> <span class='ocrx_word' id='word_1_195' title='bbox 1033 2327 1192 2407; x_wconf 87' lang='lat' dir='ltr'><strong>Quousque</strong></span> <span class='ocrx_word' id='word_1_196' title='bbox 1216 2329 1294 2391; x_wconf 89' lang='lat' dir='ltr'><strong>enim</strong></span> <span class='ocrx_word' id='word_1_197' title='bbox 1320 2327 1443 2392; x_wconf 77' lang='lat' dir='ltr'><strong>anterus</strong></span> <span class='ocrx_word' id='word_1_198' title='bbox 1465 2327 1524 2389; x_wconf 87' lang='lat' dir='ltr'><strong>lroc</strong></span> <span class='ocrx_word' id='word_1_199' title='bbox 1547 2328 1622 2390; x_wconf 93' lang='lat' dir='ltr'><strong>iudi-</strong></span> 
     </span>
     <span class='ocr_line' id='line_1_21' title="bbox 332 2429 1624 2514; baseline -0.003 -20"><span class='ocrx_word' id='word_1_200' title='bbox 332 2435 426 2502; x_wconf 92' lang='lat' dir='ltr'><strong>cium,</strong></span> <span class='ocrx_word' id='word_1_201' title='bbox 449 2440 478 2492; x_wconf 91' lang='lat' dir='ltr'><strong>et</strong></span> <span class='ocrx_word' id='word_1_202' title='bbox 499 2430 665 2510; x_wconf 88' lang='lat' dir='ltr'><strong>respirandi</strong></span> <span class='ocrx_word' id='word_1_203' title='bbox 685 2431 731 2490; x_wconf 90' lang='lat' dir='ltr'><strong>isti</strong></span> <span class='ocrx_word' id='word_1_204' title='bbox 754 2431 940 2514; x_wconf 80' lang='lat' dir='ltr'><strong>occasionem</strong></span> <span class='ocrx_word' id='word_1_205' title='bbox 963 2429 1055 2493; x_wconf 73' lang='lat' dir='ltr'><strong>datis?</strong></span> <span class='ocrx_word' id='word_1_206' title='bbox 1077 2431 1212 2500; x_wconf 87' lang='lat' dir='ltr'><strong>lamiam,</strong></span> <span class='ocrx_word' id='word_1_207' title='bbox 1235 2447 1253 2490; x_wconf 93' lang='lat' dir='ltr'><strong>o</strong></span> <span class='ocrx_word' id='word_1_208' title='bbox 1276 2429 1430 2498; x_wconf 87' lang='lat' dir='ltr'><strong>Germani,</strong></span> <span class='ocrx_word' id='word_1_209' title='bbox 1455 2437 1624 2508; x_wconf 87' lang='lat' dir='ltr'><strong>prostratus</strong></span> 
     </span>
     <span class='ocr_line' id='line_1_22' title="bbox 331 2521 1655 2612; baseline -0.004 -17"><span class='ocrx_word' id='word_1_210' title='bbox 331 2535 386 2595; x_wconf 89' lang='lat' dir='ltr'><strong>iste</strong></span> <span class='ocrx_word' id='word_1_211' title='bbox 408 2531 646 2612; x_wconf 90' lang='lat' dir='ltr'><strong>comprimendus</strong></span> <span class='ocrx_word' id='word_1_212' title='bbox 667 2521 726 2602; x_wconf 83' lang='lat' dir='ltr'><strong>eit,</strong></span> <span class='ocrx_word' id='word_1_213' title='bbox 755 2550 810 2594; x_wconf 87' lang='lat' dir='ltr'><strong>uec</strong></span> <span class='ocrx_word' id='word_1_214' title='bbox 831 2531 962 2594; x_wconf 86' lang='lat' dir='ltr'><strong>dandum</strong></span> <span class='ocrx_word' id='word_1_215' title='bbox 983 2531 1146 2612; x_wconf 91' lang='lat' dir='ltr'><strong>recipiendi</strong></span> <span class='ocrx_word' id='word_1_216' title='bbox 1173 2551 1238 2594; x_wconf 87' lang='lat' dir='ltr'><strong>sese</strong></span> <span class='ocrx_word' id='word_1_217' title='bbox 1264 2541 1395 2612; x_wconf 85' lang='lat' dir='ltr'><strong>tempus:</strong></span> <span class='ocrx_word' id='word_1_218' title='bbox 1430 2531 1548 2604; x_wconf 88' lang='lat' dir='ltr'><strong>utimini</strong></span> <span class='ocrx_word' id='word_1_219' title='bbox 1568 2551 1655 2611; x_wconf 79' lang='lat' dir='ltr'><strong>op-ao</strong></span> 
     </span>
     <span class='ocr_line' id='line_1_23' title="bbox 332 2632 1623 2715; baseline 0.001 -20"><span class='ocrx_word' id='word_1_220' title='bbox 332 2635 526 2715; x_wconf 83' lang='lat' dir='ltr'><strong>portunitatc,</strong></span> <span class='ocrx_word' id='word_1_221' title='bbox 549 2635 580 2696; x_wconf 90' lang='lat' dir='ltr'><strong>in</strong></span> <span class='ocrx_word' id='word_1_222' title='bbox 603 2641 737 2713; x_wconf 86' lang='lat' dir='ltr'><strong>ternpore</strong></span> <span class='ocrx_word' id='word_1_223' title='bbox 759 2632 912 2705; x_wconf 76' lang='lat' dir='ltr'><strong>consilinm</strong></span> <span class='ocrx_word' id='word_1_224' title='bbox 941 2635 1079 2714; x_wconf 91' lang='lat' dir='ltr'><strong>arripite;</strong></span> <span class='ocrx_word' id='word_1_225' title='bbox 1109 2635 1295 2696; x_wconf 89' lang='lat' dir='ltr'><strong>occasionem</strong></span> <span class='ocrx_word' id='word_1_226' title='bbox 1322 2641 1436 2698; x_wconf 86' lang='lat' dir='ltr'><strong>tenete:</strong></span> <span class='ocrx_word' id='word_1_227' title='bbox 1467 2651 1623 2712; x_wconf 89' lang='lat' dir='ltr'><strong>nunquam</strong></span> 
     </span>
    </p>

    <p class='ocr_par' dir='ltr' id='par_1_8' title="bbox 283 2733 1624 2814">
     <span class='ocr_line' id='line_1_24' title="bbox 283 2733 1624 2814; baseline -0.002 -15"><span class='ocrx_word' id='word_1_228' title='bbox 283 2767 287 2776; x_wconf 93' lang='lat'>·</span> <span class='ocrx_word' id='word_1_229' title='bbox 334 2735 447 2799; x_wconf 78' lang='lat' dir='ltr'><strong>lucilius</strong></span> <span class='ocrx_word' id='word_1_230' title='bbox 472 2737 530 2796; x_wconf 91' lang='lat' dir='ltr'><strong>hoc</strong></span> <span class='ocrx_word' id='word_1_231' title='bbox 558 2737 718 2797; x_wconf 80' lang='lat' dir='ltr'><strong>conficiatis</strong></span> <span class='ocrx_word' id='word_1_232' title='bbox 743 2733 894 2812; x_wconf 76' lang='lat' dir='ltr'><strong>negotium</strong></span> <span class='ocrx_word' id='word_1_233' title='bbox 923 2751 1012 2813; x_wconf 89' lang='lat' dir='ltr'><strong>quam</strong></span> <span class='ocrx_word' id='word_1_234' title='bbox 1039 2737 1081 2798; x_wconf 85' lang='lat' dir='ltr'><strong>sic</strong></span> <span class='ocrx_word' id='word_1_235' title='bbox 1103 2736 1235 2814; x_wconf 87' lang='lat' dir='ltr'><strong>proiecto</strong></span> <span class='ocrx_word' id='word_1_236' title='bbox 1252 2734 1319 2806; x_wconf 89' lang='lat' dir='ltr'><strong>illo,</strong></span> <span class='ocrx_word' id='word_1_237' title='bbox 1352 2736 1395 2798; x_wconf 86' lang='lat' dir='ltr'><strong>sic</strong></span> <span class='ocrx_word' id='word_1_238' title='bbox 1417 2735 1545 2808; x_wconf 88' lang='lat' dir='ltr'><strong>alllicto,</strong></span> <span class='ocrx_word' id='word_1_239' title='bbox 1580 2738 1624 2796; x_wconf 90' lang='lat' dir='ltr'><strong>sic</strong></span> 
     </span>
    </p>

    <p class='ocr_par' dir='ltr' id='par_1_9' title="bbox 264 2836 1731 3430">
     <span class='ocr_line' id='line_1_25' title="bbox 264 2836 1622 2922; baseline 0 -24"><span class='ocrx_word' id='word_1_240' title='bbox 264 2838 501 2908; x_wconf 68' lang='lat' dir='ltr'><strong>anconitano,</strong></span> <span class='ocrx_word' id='word_1_241' title='bbox 523 2837 565 2898; x_wconf 88' lang='lat' dir='ltr'><strong>nic</strong></span> <span class='ocrx_word' id='word_1_242' title='bbox 587 2838 715 2917; x_wconf 90' lang='lat' dir='ltr'><strong>undique</strong></span> <span class='ocrx_word' id='word_1_243' title='bbox 736 2844 826 2899; x_wconf 81' lang='lat' dir='ltr'><strong>tento</strong></span> <span class='ocrx_word' id='word_1_244' title='bbox 871 2854 908 2898; x_wconf 91' lang='lat' dir='ltr'><strong>an</strong></span> <span class='ocrx_word' id='word_1_245' title='bbox 930 2838 967 2900; x_wconf 91' lang='lat' dir='ltr'><strong>ad</strong></span> <span class='ocrx_word' id='word_1_246' title='bbox 990 2836 1216 2922; x_wconf 66' lang='lat' dir='ltr'><strong>&#39;aliudjtempus</strong></span> <span class='ocrx_word' id='word_1_247' title='bbox 1241 2837 1396 2900; x_wconf 87' lang='lat' dir='ltr'><strong>servabitis</strong></span> <span class='ocrx_word' id='word_1_248' title='bbox 1421 2836 1479 2898; x_wconf 91' lang='lat' dir='ltr'><strong>boc</strong></span> <span class='ocrx_word' id='word_1_249' title='bbox 1508 2837 1622 2917; x_wconf 90' lang='lat' dir='ltr'><strong>suppli·</strong></span> 
     </span>
     <span class='ocr_line' id='line_1_26' title="bbox 333 2938 1623 3020; baseline -0.001 -19"><span class='ocrx_word' id='word_1_250' title='bbox 333 2939 427 3009; x_wconf 85' lang='lat' dir='ltr'><strong>cium,</strong></span> <span class='ocrx_word' id='word_1_251' title='bbox 448 2939 478 2999; x_wconf 92' lang='lat' dir='ltr'><strong>in</strong></span> <span class='ocrx_word' id='word_1_252' title='bbox 500 2955 558 3019; x_wconf 92' lang='lat' dir='ltr'><strong>quo</strong></span> <span class='ocrx_word' id='word_1_253' title='bbox 578 2940 800 3018; x_wconf 88' lang='lat' dir='ltr'><strong>persequendo,</strong></span> <span class='ocrx_word' id='word_1_254' title='bbox 819 2941 889 3018; x_wconf 91' lang='lat' dir='ltr'><strong>quia</strong></span> <span class='ocrx_word' id='word_1_255' title='bbox 909 2941 986 3003; x_wconf 86' lang='lat' dir='ltr'><strong>istud</strong></span> <span class='ocrx_word' id='word_1_256' title='bbox 1005 2941 1221 3020; x_wconf 89' lang='lat' dir='ltr'><strong>interposuistis</strong></span> <span class='ocrx_word' id='word_1_257' title='bbox 1242 2941 1388 3020; x_wconf 90' lang='lat' dir='ltr'><strong>spatium,</strong></span> <span class='ocrx_word' id='word_1_258' title='bbox 1419 2957 1524 3002; x_wconf 87' lang='lat' dir='ltr'><strong>carere</strong></span> <span class='ocrx_word' id='word_1_259' title='bbox 1552 2938 1623 3000; x_wconf 87' lang='lat' dir='ltr'><strong>leri·</strong></span> 
     </span>
     <span class='ocr_line' id='line_1_27' title="bbox 332 3041 1654 3121; baseline -0.002 -18"><span class='ocrx_word' id='word_1_260' title='bbox 332 3043 397 3103; x_wconf 87' lang='lat' dir='ltr'><strong>tatis</strong></span> <span class='ocrx_word' id='word_1_261' title='bbox 419 3042 580 3121; x_wconf 86' lang='lat' dir='ltr'><strong>suspitione</strong></span> <span class='ocrx_word' id='word_1_262' title='bbox 603 3059 753 3120; x_wconf 91' lang='lat' dir='ltr'><strong>nunqnam</strong></span> <span class='ocrx_word' id='word_1_263' title='bbox 776 3042 924 3121; x_wconf 88' lang='lat' dir='ltr'><strong>poteritis,</strong></span> <span class='ocrx_word' id='word_1_264' title='bbox 948 3048 980 3102; x_wconf 93' lang='lat' dir='ltr'><strong>ut</strong></span> <span class='ocrx_word' id='word_1_265' title='bbox 1001 3044 1053 3120; x_wconf 93' lang='lat' dir='ltr'><strong>qui</strong></span> <span class='ocrx_word' id='word_1_266' title='bbox 1073 3044 1105 3102; x_wconf 93' lang='lat' dir='ltr'><strong>in</strong></span> <span class='ocrx_word' id='word_1_267' title='bbox 1125 3061 1160 3104; x_wconf 91' lang='lat' dir='ltr'><strong>re</strong></span> <span class='ocrx_word' id='word_1_268' title='bbox 1181 3059 1304 3120; x_wconf 87' lang='lat' dir='ltr'><strong>magna,</strong></span> <span class='ocrx_word' id='word_1_269' title='bbox 1327 3043 1434 3112; x_wconf 87' lang='lat' dir='ltr'><strong>atroci;</strong></span> <span class='ocrx_word' id='word_1_270' title='bbox 1459 3041 1654 3112; x_wconf 70' lang='lat' dir='ltr'><strong>horrendae</strong></span> 
     </span>
     <span class='ocr_line' id='line_1_28' title="bbox 331 3123 1731 3230; baseline 0 -26"><span class='ocrx_word' id='word_1_271' title='bbox 331 3142 510 3213; x_wconf 86' lang='lat' dir='ltr'><strong>detestabili,</strong></span> <span class='ocrx_word' id='word_1_272' title='bbox 533 3151 618 3212; x_wconf 89' lang='lat' dir='ltr'><strong>nota,</strong></span> <span class='ocrx_word' id='word_1_273' title='bbox 636 3143 673 3204; x_wconf 92' lang='lat' dir='ltr'><strong>ad</strong></span> <span class='ocrx_word' id='word_1_274' title='bbox 689 3143 872 3222; x_wconf 88' lang='lat' dir='ltr'><strong>puniendum</strong></span> <span class='ocrx_word' id='word_1_275' title='bbox 892 3145 1013 3222; x_wconf 83' lang='lat' dir='ltr'><strong>segnius</strong></span> <span class='ocrx_word' id='word_1_276' title='bbox 1033 3145 1291 3230; x_wconf 60' lang='lat' dir='ltr'><strong>accesseritisldt</strong></span> <span class='ocrx_word' id='word_1_277' title='bbox 1305 3143 1355 3206; x_wconf 91' lang='lat' dir='ltr'><strong>ille</strong></span> <span class='ocrx_word' id='word_1_278' title='bbox 1373 3161 1432 3206; x_wconf 91' lang='lat' dir='ltr'><strong>uon</strong></span> <span class='ocrx_word' id='word_1_279' title='bbox 1448 3145 1550 3222; x_wconf 88' lang='lat' dir='ltr'><strong>segnis</strong></span> <span class='ocrx_word' id='word_1_280' title='bbox 1567 3163 1624 3206; x_wconf 89' lang='lat' dir='ltr'><strong>nec</strong></span> <span class='ocrx_word' id='word_1_281' title='bbox 1730 3123 1731 3134; x_wconf 9' lang='grc' dir='ltr'>ἵ</span> 
     </span>
     <span class='ocr_line' id='line_1_29' title="bbox 332 3244 1623 3324; baseline -0.001 -17"><span class='ocrx_word' id='word_1_282' title='bbox 332 3262 464 3323; x_wconf 87' lang='lat' dir='ltr'><strong>unquam</strong></span> <span class='ocrx_word' id='word_1_283' title='bbox 486 3245 692 3324; x_wconf 88' lang='lat' dir='ltr'><strong>perpetrandis</strong></span> <span class='ocrx_word' id='word_1_284' title='bbox 714 3245 888 3310; x_wconf 90' lang='lat' dir='ltr'><strong>criminibus</strong></span> <span class='ocrx_word' id='word_1_285' title='bbox 908 3263 1041 3316; x_wconf 89' lang='lat' dir='ltr'><strong>cessans,</strong></span> <span class='ocrx_word' id='word_1_286' title='bbox 1063 3246 1133 3307; x_wconf 89' lang='lat' dir='ltr'><strong>dum</strong></span> <span class='ocrx_word' id='word_1_287' title='bbox 1154 3263 1204 3306; x_wconf 87' lang='lat' dir='ltr'><strong>vos</strong></span> <span class='ocrx_word' id='word_1_288' title='bbox 1223 3244 1260 3306; x_wconf 90' lang='lat' dir='ltr'><strong>de</strong></span> <span class='ocrx_word' id='word_1_289' title='bbox 1276 3245 1426 3324; x_wconf 88' lang='lat' dir='ltr'><strong>prioribus</strong></span> <span class='ocrx_word' id='word_1_290' title='bbox 1445 3248 1623 3308; x_wconf 86' lang='lat' dir='ltr'><strong>sententiam</strong></span> 
     </span>
     <span class='ocr_line' id='line_1_30' title="bbox 334 3347 1623 3430; baseline 0.001 -21"><span class='ocrx_word' id='word_1_291' title='bbox 334 3349 413 3409; x_wconf 90' lang='lat' dir='ltr'><strong>ierre</strong></span> <span class='ocrx_word' id='word_1_292' title='bbox 433 3347 629 3417; x_wconf 87' lang='lat' dir='ltr'><strong>cunctamini,</strong></span> <span class='ocrx_word' id='word_1_293' title='bbox 653 3363 760 3408; x_wconf 86' lang='lat' dir='ltr'><strong>norum</strong></span> <span class='ocrx_word' id='word_1_294' title='bbox 781 3350 845 3427; x_wconf 87' lang='lat' dir='ltr'><strong>ipse</strong></span> <span class='ocrx_word' id='word_1_295' title='bbox 866 3349 1013 3418; x_wconf 82' lang='lat' dir='ltr'><strong>adiunxit,</strong></span> <span class='ocrx_word' id='word_1_296' title='bbox 1033 3355 1066 3410; x_wconf 87' lang='lat' dir='ltr'><strong>ut</strong></span> <span class='ocrx_word' id='word_1_297' title='bbox 1088 3349 1192 3410; x_wconf 92' lang='lat' dir='ltr'><strong>doceat</strong></span> <span class='ocrx_word' id='word_1_298' title='bbox 1212 3347 1283 3426; x_wconf 93' lang='lat' dir='ltr'><strong>quid</strong></span> <span class='ocrx_word' id='word_1_299' title='bbox 1306 3348 1344 3410; x_wconf 90' lang='lat' dir='ltr'><strong>de</strong></span> <span class='ocrx_word' id='word_1_300' title='bbox 1365 3367 1397 3410; x_wconf 90' lang='lat' dir='ltr'><strong>se</strong></span> <span class='ocrx_word' id='word_1_301' title='bbox 1418 3349 1623 3430; x_wconf 85' lang='lat' dir='ltr'><strong>inposterum</strong></span> 
     </span>
    </p>

    <p class='ocr_par' dir='ltr' id='par_1_10' title="bbox 264 3448 1655 4040">
     <span class='ocr_line' id='line_1_31' title="bbox 264 3448 1626 3542; baseline -0.002 -29"><span class='ocrx_word' id='word_1_302' title='bbox 264 3450 463 3529; x_wconf 71' lang='lat' dir='ltr'><strong>ercamrai,</strong></span> <span class='ocrx_word' id='word_1_303' title='bbox 485 3448 555 3528; x_wconf 92' lang='lat' dir='ltr'><strong>quid</strong></span> <span class='ocrx_word' id='word_1_304' title='bbox 578 3448 658 3542; x_wconf 74' lang='lat' dir='ltr'><strong>robis</strong></span> <span class='ocrx_word' id='word_1_305' title='bbox 680 3468 848 3530; x_wconf 88' lang='lat' dir='ltr'><strong>proponere</strong></span> <span class='ocrx_word' id='word_1_306' title='bbox 870 3450 1011 3513; x_wconf 88' lang='lat' dir='ltr'><strong>debeatis.</strong></span> <span class='ocrx_word' id='word_1_307' title='bbox 1048 3450 1132 3521; x_wconf 84' lang='lat' dir='ltr'><strong>Onod</strong></span> <span class='ocrx_word' id='word_1_308' title='bbox 1147 3451 1204 3512; x_wconf 92' lang='lat' dir='ltr'><strong>nisi</strong></span> <span class='ocrx_word' id='word_1_309' title='bbox 1219 3451 1353 3520; x_wconf 86' lang='lat' dir='ltr'><strong>lecisset,</strong></span> <span class='ocrx_word' id='word_1_310' title='bbox 1379 3450 1541 3513; x_wconf 83' lang='lat' dir='ltr'><strong>verendum</strong></span> <span class='ocrx_word' id='word_1_311' title='bbox 1559 3457 1626 3512; x_wconf 90' lang='lat' dir='ltr'><strong>erat</strong></span> 
     </span>
     <span class='ocr_line' id='line_1_32' title="bbox 331 3551 1655 3632; baseline 0 -18"><span class='ocrx_word' id='word_1_312' title='bbox 331 3571 369 3614; x_wconf 89' lang='lat' dir='ltr'><strong>nc</strong></span> <span class='ocrx_word' id='word_1_313' title='bbox 390 3551 543 3614; x_wconf 88' lang='lat' dir='ltr'><strong>occasione</strong></span> <span class='ocrx_word' id='word_1_314' title='bbox 567 3551 631 3612; x_wconf 89' lang='lat' dir='ltr'><strong>eius</strong></span> <span class='ocrx_word' id='word_1_315' title='bbox 648 3569 753 3623; x_wconf 81' lang='lat' dir='ltr'><strong>more,</strong></span> <span class='ocrx_word' id='word_1_316' title='bbox 775 3554 872 3614; x_wconf 87' lang='lat' dir='ltr'><strong>invitis</strong></span> <span class='ocrx_word' id='word_1_317' title='bbox 892 3551 1031 3617; x_wconf 89' lang='lat' dir='ltr'><strong>omnibus</strong></span> <span class='ocrx_word' id='word_1_318' title='bbox 1049 3571 1081 3614; x_wconf 86' lang='lat' dir='ltr'><strong>sc</strong></span> <span class='ocrx_word' id='word_1_319' title='bbox 1103 3554 1247 3632; x_wconf 88' lang='lat' dir='ltr'><strong>eriperet:</strong></span> <span class='ocrx_word' id='word_1_320' title='bbox 1268 3569 1327 3614; x_wconf 92' lang='lat' dir='ltr'><strong>non</strong></span> <span class='ocrx_word' id='word_1_321' title='bbox 1346 3553 1453 3631; x_wconf 89' lang='lat' dir='ltr'><strong>ignoro</strong></span> <span class='ocrx_word' id='word_1_322' title='bbox 1471 3553 1569 3622; x_wconf 90' lang='lat' dir='ltr'><strong>enim,</strong></span> <span class='ocrx_word' id='word_1_323' title='bbox 1593 3563 1655 3615; x_wconf 78' lang='lat' dir='ltr'><strong>etro</strong></span> 
     </span>
     <span class='ocr_line' id='line_1_33' title="bbox 331 3653 1622 3734; baseline 0 -18"><span class='ocrx_word' id='word_1_324' title='bbox 331 3671 398 3716; x_wconf 91' lang='lat' dir='ltr'><strong>curn</strong></span> <span class='ocrx_word' id='word_1_325' title='bbox 426 3653 554 3734; x_wconf 88' lang='lat' dir='ltr'><strong>primum</strong></span> <span class='ocrx_word' id='word_1_326' title='bbox 581 3655 638 3716; x_wconf 90' lang='lat' dir='ltr'><strong>boc</strong></span> <span class='ocrx_word' id='word_1_327' title='bbox 666 3655 783 3718; x_wconf 90' lang='lat' dir='ltr'><strong>dicendi</strong></span> <span class='ocrx_word' id='word_1_328' title='bbox 811 3672 919 3716; x_wconf 90' lang='lat' dir='ltr'><strong>munus</strong></span> <span class='ocrx_word' id='word_1_329' title='bbox 945 3655 1141 3733; x_wconf 81' lang='lat' dir='ltr'><strong>aggrederer,</strong></span> <span class='ocrx_word' id='word_1_330' title='bbox 1166 3657 1324 3732; x_wconf 78' lang='lat' dir='ltr'><strong>presensi,</strong></span> <span class='ocrx_word' id='word_1_331' title='bbox 1347 3673 1436 3716; x_wconf 78' lang='lat' dir='ltr'><strong>urnam</strong></span> <span class='ocrx_word' id='word_1_332' title='bbox 1459 3654 1538 3716; x_wconf 87' lang='lat' dir='ltr'><strong>bano</strong></span> <span class='ocrx_word' id='word_1_333' title='bbox 1568 3673 1622 3716; x_wconf 89' lang='lat' dir='ltr'><strong>ren</strong></span> 
     </span>
     <span class='ocr_line' id='line_1_34' title="bbox 330 3754 1625 3846; baseline 0 -31"><span class='ocrx_word' id='word_1_334' title='bbox 330 3773 414 3834; x_wconf 89' lang='lat' dir='ltr'><strong>spem</strong></span> <span class='ocrx_word' id='word_1_335' title='bbox 434 3773 498 3817; x_wconf 85' lang='lat' dir='ltr'><strong>esse</strong></span> <span class='ocrx_word' id='word_1_336' title='bbox 520 3758 715 3836; x_wconf 87' lang='lat' dir='ltr'><strong>propositam,</strong></span> <span class='ocrx_word' id='word_1_337' title='bbox 738 3757 822 3838; x_wconf 91' lang='lat' dir='ltr'><strong>siqua</strong></span> <span class='ocrx_word' id='word_1_338' title='bbox 844 3757 920 3818; x_wconf 84' lang='lat' dir='ltr'><strong>sorte</strong></span> <span class='ocrx_word' id='word_1_339' title='bbox 940 3756 1009 3818; x_wconf 92' lang='lat' dir='ltr'><strong>buic</strong></span> <span class='ocrx_word' id='word_1_340' title='bbox 1031 3757 1138 3818; x_wconf 90' lang='lat' dir='ltr'><strong>iudicio</strong></span> <span class='ocrx_word' id='word_1_341' title='bbox 1160 3773 1244 3818; x_wconf 89' lang='lat' dir='ltr'><strong>mora</strong></span> <span class='ocrx_word' id='word_1_342' title='bbox 1268 3757 1478 3846; x_wconf 86' lang='lat' dir='ltr'><strong>intercederet.</strong></span> <span class='ocrx_word' id='word_1_343' title='bbox 1504 3754 1572 3818; x_wconf 85' lang='lat' dir='ltr'><strong>lore</strong></span> <span class='ocrx_word' id='word_1_344' title='bbox 1591 3763 1625 3816; x_wconf 92' lang='lat' dir='ltr'><strong>nt</strong></span> 
     </span>
     <span class='ocr_line' id='line_1_35' title="bbox 330 3857 1622 3936; baseline 0 -18"><span class='ocrx_word' id='word_1_345' title='bbox 330 3857 407 3919; x_wconf 89' lang='lat' dir='ltr'><strong>istud</strong></span> <span class='ocrx_word' id='word_1_346' title='bbox 440 3865 593 3918; x_wconf 77' lang='lat' dir='ltr'><strong>commotae</strong></span> <span class='ocrx_word' id='word_1_347' title='bbox 623 3859 778 3920; x_wconf 80' lang='lat' dir='ltr'><strong>adeersum</strong></span> <span class='ocrx_word' id='word_1_348' title='bbox 807 3877 839 3920; x_wconf 91' lang='lat' dir='ltr'><strong>se</strong></span> <span class='ocrx_word' id='word_1_349' title='bbox 861 3859 1026 3921; x_wconf 76' lang='lat' dir='ltr'><strong>Germania</strong></span> <span class='ocrx_word' id='word_1_350' title='bbox 1053 3858 1170 3928; x_wconf 90' lang='lat' dir='ltr'><strong>odium,</strong></span> <span class='ocrx_word' id='word_1_351' title='bbox 1204 3860 1257 3920; x_wconf 89' lang='lat' dir='ltr'><strong>ista</strong></span> <span class='ocrx_word' id='word_1_352' title='bbox 1281 3860 1450 3936; x_wconf 77' lang='lat' dir='ltr'><strong>¹communis</strong></span> <span class='ocrx_word' id='word_1_353' title='bbox 1481 3857 1622 3926; x_wconf 89' lang='lat' dir='ltr'><strong>inlensio,</strong></span> 
     </span>
     <span class='ocr_line' id='line_1_36' title="bbox 332 3957 1625 4040; baseline 0.002 -23"><span class='ocrx_word' id='word_1_354' title='bbox 332 3959 464 4018; x_wconf 89' lang='lat' dir='ltr'><strong>omnium</strong></span> <span class='ocrx_word' id='word_1_355' title='bbox 482 3957 572 4020; x_wconf 86' lang='lat' dir='ltr'><strong>ardor</strong></span> <span class='ocrx_word' id='word_1_356' title='bbox 593 3958 734 4038; x_wconf 83' lang='lat' dir='ltr'><strong>paulatim</strong></span> <span class='ocrx_word' id='word_1_357' title='bbox 756 3960 1028 4038; x_wconf 82' lang='lat' dir='ltr'><strong>restinguerentur,</strong></span> <span class='ocrx_word' id='word_1_358' title='bbox 1050 3961 1112 4038; x_wconf 90' lang='lat' dir='ltr'><strong>ipse</strong></span> <span class='ocrx_word' id='word_1_359' title='bbox 1134 3968 1302 4040; x_wconf 80' lang='lat' dir='ltr'><strong>opportune</strong></span> <span class='ocrx_word' id='word_1_360' title='bbox 1323 3959 1509 4030; x_wconf 74' lang='lat' dir='ltr'><strong>eliberetnr3</strong></span> <span class='ocrx_word' id='word_1_361' title='bbox 1538 3959 1625 4020; x_wconf 89' lang='lat' dir='ltr'><strong>nolui</strong></span> 
     </span>
    </p>

    <p class='ocr_par' dir='ltr' id='par_1_11' title="bbox 263 4049 1655 4449">
     <span class='ocr_line' id='line_1_37' title="bbox 263 4049 1655 4142; baseline 0.005 -25"><span class='ocrx_word' id='word_1_362' title='bbox 263 4065 431 4120; x_wconf 77' lang='lat' dir='ltr'><strong>§.ro-tamen</strong></span> <span class='ocrx_word' id='word_1_363' title='bbox 452 4059 631 4139; x_wconf 78' lang='lat' dir='ltr'><strong>predicere,</strong></span> <span class='ocrx_word' id='word_1_364' title='bbox 646 4079 692 4142; x_wconf 59' lang='lat' dir='ltr'><strong>‚ne</strong></span> <span class='ocrx_word' id='word_1_365' title='bbox 712 4063 758 4123; x_wconf 91' lang='lat' dir='ltr'><strong>sui</strong></span> <span class='ocrx_word' id='word_1_366' title='bbox 777 4063 866 4124; x_wconf 88' lang='lat' dir='ltr'><strong>istum</strong></span> <span class='ocrx_word' id='word_1_367' title='bbox 888 4063 1035 4124; x_wconf 91' lang='lat' dir='ltr'><strong>commodi</strong></span> <span class='ocrx_word' id='word_1_368' title='bbox 1063 4049 1264 4126; x_wconf 80' lang='lat' dir='ltr'><strong>admonerem.</strong></span> <span class='ocrx_word' id='word_1_369' title='bbox 1308 4063 1365 4126; x_wconf 88' lang='lat' dir='ltr'><strong>Sed</strong></span> <span class='ocrx_word' id='word_1_370' title='bbox 1386 4071 1419 4124; x_wconf 93' lang='lat' dir='ltr'><strong>ut</strong></span> <span class='ocrx_word' id='word_1_371' title='bbox 1440 4067 1511 4122; x_wconf 90' lang='lat' dir='ltr'><strong>tunc</strong></span> <span class='ocrx_word' id='word_1_372' title='bbox 1534 4061 1655 4124; x_wconf 73' lang='lat' dir='ltr'><strong>dissi-ss</strong></span> 
     </span>
     <span class='ocr_line' id='line_1_38' title="bbox 331 4159 1623 4244; baseline 0.001 -22"><span class='ocrx_word' id='word_1_373' title='bbox 331 4159 441 4222; x_wconf 87' lang='lat' dir='ltr'><strong>mutavi</strong></span> <span class='ocrx_word' id='word_1_374' title='bbox 463 4163 677 4240; x_wconf 82' lang='lat' dir='ltr'><strong>cognitionem,</strong></span> <span class='ocrx_word' id='word_1_375' title='bbox 700 4165 739 4226; x_wconf 90' lang='lat' dir='ltr'><strong>ita</strong></span> <span class='ocrx_word' id='word_1_376' title='bbox 762 4182 841 4225; x_wconf 91' lang='lat' dir='ltr'><strong>nunc</strong></span> <span class='ocrx_word' id='word_1_377' title='bbox 859 4182 893 4226; x_wconf 91' lang='lat' dir='ltr'><strong>re</strong></span> <span class='ocrx_word' id='word_1_378' title='bbox 915 4163 970 4226; x_wconf 91' lang='lat' dir='ltr'><strong>alia</strong></span> <span class='ocrx_word' id='word_1_379' title='bbox 990 4165 1103 4244; x_wconf 85' lang='lat' dir='ltr'><strong>integra</strong></span> <span class='ocrx_word' id='word_1_380' title='bbox 1125 4181 1311 4242; x_wconf 77' lang='lat' dir='ltr'><strong>praemoneo,</strong></span> <span class='ocrx_word' id='word_1_381' title='bbox 1331 4166 1356 4224; x_wconf 91' lang='lat' dir='ltr'><strong>si</strong></span> <span class='ocrx_word' id='word_1_382' title='bbox 1371 4163 1540 4226; x_wconf 84' lang='lat' dir='ltr'><strong>diuturnius</strong></span> <span class='ocrx_word' id='word_1_383' title='bbox 1555 4163 1623 4224; x_wconf 77' lang='lat' dir='ltr'><strong>baec</strong></span> 
     </span>
     <span class='ocr_line' id='line_1_39' title="bbox 330 4259 1622 4343; baseline 0.002 -21"><span class='ocrx_word' id='word_1_384' title='bbox 330 4262 519 4343; x_wconf 88' lang='lat' dir='ltr'><strong>protrabatur</strong></span> <span class='ocrx_word' id='word_1_385' title='bbox 542 4283 646 4336; x_wconf 77' lang='lat' dir='ltr'><strong>caum.</strong></span> <span class='ocrx_word' id='word_1_386' title='bbox 667 4267 797 4328; x_wconf 80' lang='lat' dir='ltr'><strong>lanarum</strong></span> <span class='ocrx_word' id='word_1_387' title='bbox 820 4273 853 4328; x_wconf 90' lang='lat' dir='ltr'><strong>ut</strong></span> <span class='ocrx_word' id='word_1_388' title='bbox 874 4259 929 4328; x_wconf 89' lang='lat' dir='ltr'><strong>iste</strong></span> <span class='ocrx_word' id='word_1_389' title='bbox 951 4269 978 4328; x_wconf 88' lang='lat' dir='ltr'><strong>vi</strong></span> <span class='ocrx_word' id='word_1_390' title='bbox 1000 4285 1034 4328; x_wconf 92' lang='lat' dir='ltr'><strong>ac</strong></span> <span class='ocrx_word' id='word_1_391' title='bbox 1057 4268 1148 4328; x_wconf 88' lang='lat' dir='ltr'><strong>armis</strong></span> <span class='ocrx_word' id='word_1_392' title='bbox 1168 4267 1297 4328; x_wconf 83' lang='lat' dir='ltr'><strong>munitm</strong></span> <span class='ocrx_word' id='word_1_393' title='bbox 1312 4266 1370 4327; x_wconf 87' lang='lat' dir='ltr'><strong>boc</strong></span> <span class='ocrx_word' id='word_1_394' title='bbox 1388 4265 1530 4328; x_wconf 87' lang='lat' dir='ltr'><strong>iudicium</strong></span> <span class='ocrx_word' id='word_1_395' title='bbox 1548 4283 1622 4326; x_wconf 90' lang='lat' dir='ltr'><strong>con-</strong></span> 
     </span>
     <span class='ocr_line' id='line_1_40' title="bbox 332 4355 1622 4449; baseline -0.001 -22"><span class='ocrx_word' id='word_1_396' title='bbox 332 4372 457 4435; x_wconf 89' lang='lat' dir='ltr'><strong>temnat,</strong></span> <span class='ocrx_word' id='word_1_397' title='bbox 481 4365 550 4438; x_wconf 88' lang='lat' dir='ltr'><strong>tibi,</strong></span> <span class='ocrx_word' id='word_1_398' title='bbox 571 4369 668 4430; x_wconf 76' lang='lat' dir='ltr'><strong>Caesar</strong></span> <span class='ocrx_word' id='word_1_399' title='bbox 689 4369 889 4438; x_wconf 87' lang='lat' dir='ltr'><strong>invictissime,</strong></span> <span class='ocrx_word' id='word_1_400' title='bbox 913 4355 1019 4441; x_wconf 71' lang='lat' dir='ltr'><strong>vobis,</strong></span> <span class='ocrx_word' id='word_1_401' title='bbox 1033 4368 1182 4449; x_wconf 91' lang='lat' dir='ltr'><strong>principes</strong></span> <span class='ocrx_word' id='word_1_402' title='bbox 1203 4388 1238 4430; x_wconf 89' lang='lat' dir='ltr'><strong>ac</strong></span> <span class='ocrx_word' id='word_1_403' title='bbox 1260 4370 1314 4430; x_wconf 88' lang='lat' dir='ltr'><strong>viri</strong></span> <span class='ocrx_word' id='word_1_404' title='bbox 1332 4367 1470 4430; x_wconf 89' lang='lat' dir='ltr'><strong>Germani</strong></span> <span class='ocrx_word' id='word_1_405' title='bbox 1491 4369 1622 4431; x_wconf 88' lang='lat' dir='ltr'><strong>ornatis·</strong></span> 
     </span>
    </p>
   </div>
   <div class='ocr_carea' id='block_1_4' title="bbox 329 4565 1622 4827">
    <p class='ocr_par' dir='ltr' id='par_1_12' title="bbox 329 4565 1622 4827">
     <span class='ocr_line' id='line_1_41' title="bbox 398 4565 1622 4656; baseline 0.001 -19"><span class='ocrx_word' id='word_1_406' title='bbox 398 4587 408 4620; x_wconf 83' lang='lat'>⁸</span> <span class='ocrx_word' id='word_1_407' title='bbox 427 4588 656 4640; x_wconf 86' lang='lat' dir='ltr'><strong>commisceretur.</strong></span> <span class='ocrx_word' id='word_1_408' title='bbox 680 4591 739 4641; x_wconf 86' lang='lat' dir='ltr'><strong>edd.</strong></span> <span class='ocrx_word' id='word_1_409' title='bbox 762 4565 809 4640; x_wconf 70' lang='lat' dir='ltr'><strong>nee</strong></span> <span class='ocrx_word' id='word_1_410' title='bbox 829 4592 977 4642; x_wconf 66' lang='lat' dir='ltr'><strong>conscisse</strong></span> <span class='ocrx_word' id='word_1_411' title='bbox 1000 4593 1099 4641; x_wconf 82' lang='lat' dir='ltr'><strong>uidetur</strong></span> <span class='ocrx_word' id='word_1_412' title='bbox 1116 4597 1145 4650; x_wconf 71' lang='lat' dir='ltr'><strong>aa.</strong></span> <span class='ocrx_word' id='word_1_413' title='bbox 1237 4589 1259 4624; x_wconf 79' lang='lat'><strong>²¹</strong></span> <span class='ocrx_word' id='word_1_414' title='bbox 1278 4607 1357 4656; x_wconf 84' lang='lat' dir='ltr'><strong>qnam</strong></span> <span class='ocrx_word' id='word_1_415' title='bbox 1380 4589 1450 4642; x_wconf 80' lang='lat' dir='ltr'><strong>naris.</strong></span> <span class='ocrx_word' id='word_1_416' title='bbox 1469 4590 1493 4638; x_wconf 88' lang='lat'><strong>1.</strong></span> <span class='ocrx_word' id='word_1_417' title='bbox 1513 4589 1577 4640; x_wconf 80' lang='lat' dir='ltr'><strong>add.</strong></span> <span class='ocrx_word' id='word_1_418' title='bbox 1592 4594 1622 4638; x_wconf 76' lang='grc'><strong>11.</strong></span> 
     </span>
     <span class='ocr_line' id='line_1_42' title="bbox 329 4671 1622 4742; baseline 0.002 -18"><span class='ocrx_word' id='word_1_419' title='bbox 329 4671 352 4706; x_wconf 74' lang='lat'><strong>²⁵</strong></span> <span class='ocrx_word' id='word_1_420' title='bbox 369 4672 527 4740; x_wconf 83' lang='lat' dir='ltr'><strong>suspicione</strong></span> <span class='ocrx_word' id='word_1_421' title='bbox 545 4677 571 4724; x_wconf 81' lang='grc'><strong>2.</strong></span> <span class='ocrx_word' id='word_1_422' title='bbox 607 4677 882 4728; x_wconf 63' lang='lat' dir='ltr'><strong>acommodata.</strong></span> <span class='ocrx_word' id='word_1_423' title='bbox 917 4673 940 4708; x_wconf 81' lang='lat'><strong>⁸⁴</strong></span> <span class='ocrx_word' id='word_1_424' title='bbox 957 4677 1193 4742; x_wconf 73' lang='lat' dir='ltr'><strong>restinguerentur</strong></span> <span class='ocrx_word' id='word_1_425' title='bbox 1211 4679 1234 4728; x_wconf 86' lang='lat'><strong>1.</strong></span> <span class='ocrx_word' id='word_1_426' title='bbox 1260 4676 1443 4741; x_wconf 78' lang='lat' dir='ltr'><strong>frigescerent</strong></span> <span class='ocrx_word' id='word_1_427' title='bbox 1460 4679 1489 4724; x_wconf 76' lang='grc' dir='ltr'><strong>Ε.</strong></span> <span class='ocrx_word' id='word_1_428' title='bbox 1533 4673 1558 4708; x_wconf 79' lang='lat'><strong>⁸⁸</strong></span> <span class='ocrx_word' id='word_1_429' title='bbox 1577 4691 1622 4726; x_wconf 92' lang='lat' dir='ltr'><strong>co-</strong></span> 
     </span>
     <span class='ocr_line' id='line_1_43' title="bbox 330 4753 1094 4827; baseline 0.007 -19"><span class='ocrx_word' id='word_1_430' title='bbox 330 4753 491 4824; x_wconf 85' lang='lat' dir='ltr'><strong>gnitionem]</strong></span> <span class='ocrx_word' id='word_1_431' title='bbox 510 4757 528 4809; x_wconf 93' lang='lat' dir='ltr'><strong>i.</strong></span> <span class='ocrx_word' id='word_1_432' title='bbox 542 4773 564 4809; x_wconf 88' lang='lat' dir='ltr'><strong>e.</strong></span> <span class='ocrx_word' id='word_1_433' title='bbox 578 4757 649 4824; x_wconf 89' lang='lat' dir='ltr'><strong>quod</strong></span> <span class='ocrx_word' id='word_1_434' title='bbox 667 4773 864 4824; x_wconf 88' lang='lat' dir='ltr'><strong>cognoveram,</strong></span> <span class='ocrx_word' id='word_1_435' title='bbox 887 4776 1094 4827; x_wconf 74' lang='lat' dir='ltr'><strong>prmaeuserern.</strong></span> 
     </span>
    </p>
   </div>
   <div class='ocr_carea' id='block_1_5' title="bbox 0 0 1736 5526">
    <p class='ocr_par' dir='ltr' id='par_1_13' title="bbox 0 0 1736 5526">
     <span class='ocr_line' id='line_1_44' title="bbox 0 0 1736 5526; baseline 0 1"><span class='ocrx_word' id='word_1_436' title='bbox 0 0 1736 5526; x_wconf 95' lang='lat' dir='ltr'><strong> </strong></span> 
     </span>
    </p>
   </div>
  </div>
 </body>
</html>
