3382 5516
85 418 338 500 rassa'somssrsr.
350 457 505 494 sansonem
519 458 628 494 cossas
641 457 767 496 resecas
779 457 883 494 ossam
895 457 932 494 an
944 457 1093 494 essusos
1108 457 1172 496 ns.
1184 458 1211 495 u.
1221 453 1280 494 tata.
1300 430 1375 502 225
1397 507 1403 523 .

84 618 155 682 lum,
186 618 235 674 sed
261 625 321 673 erat
349 624 440 673 terror
470 617 555 673 totius
584 615 673 678 orbis,
700 618 814 674 coerciti
835 624 912 680 suut.
942 617 1006 691 quin
1035 635 1106 692 saepe
1134 617 1232 692 prmlic
1258 619 1376 676 victores

85 703 146 758 rite
170 703 325 777 opibusque
349 701 537 774 ilungarorum
562 700 738 764 insultarent.
761 717 847 776 neque
870 702 956 777 paulo¹
974 709 1035 758 ante
1051 703 1151 777 Sopbis'
1172 721 1218 760 rex
1241 699 1401 780 tssssfflfflf,

84 789 230 844 Persarum
253 797 348 844 coacto
371 788 444 844 omni
468 787 574 843 oriente
596 805 627 844 ac
648 789 758 861 populis
780 787 884 862 Caspiis
906 789 989 844 armis
1012 797 1058 844 aut
1079 789 1104 844 si
1127 789 1186 845 siue
1208 790 1272 845 dolo
1295 783 1382 864 atque'

85 873 155 928 lame
178 891 194 927 a
218 872 335 928 Persidis
357 871 542 946 penetralibus
565 872 679 928 Tuccam
702 874 783 930 istum
807 871 968 946 repulisset,
992 873 1139 934 Tburcam.
1162 873 1285 948 inquam.
1309 891 1378 948 prm·

58 957 199 1032 scipuum
222 975 253 1013 ac
275 957 447 1020 memorabile
469 957 578 1015 saevitiae
600 956 765 1031 exemplum,
789 966 886 1031 utpute
909 957 957 1032 qui
975 957 1164 1032 gravissimum
1187 951 1378 1033 {Qqff'ffi'

85 1059 146 1098 eum
177 1050 257 1115 patre
286 1042 386 1098 bellum
414 1059 466 1116 pro
493 1041 607 1116 imperio
635 1045 765 1116 gesserit,
798 1044 843 1116 qui
875 1043 974 1100 victum
1002 1036 1129 1117 petrem!
1150 1005 1378 1124 fflssffl'gfflffi'·

86 1143 212 1202 perpura
235 1134 399 1200 sceptroque
422 1125 568 1202 spoliatum
590 1127 623 1182 de
646 1127 717 1184 avito
740 1127 812 1184 solio
834 1127 1031 1190 eiecerit.'eui
1063 1145 1135 1184 outre
1163 1129 1221 1203 ipse
1243 1129 1378 1202 genitoris

86 1212 223 1284 sanguine
245 1227 396 1286 consperso
419 1212 559 1276 innititur,
583 1213 628 1286 qui
652 1221 772 1286 paterna
795 1229 987 1286 germanorum
1003 1231 1033 1268 ae
1048 1223 1179 1287 nepotum
1195 1214 1268 1270 necis
1284 1222 1380 1270 auctor

86 1296 153 1353 nibil
178 1315 194 1352 a
216 1296 376 1353 crudelitate
398 1295 515 1354 alienum
539 1297 628 1354 lacere
650 1297 816 1361 instituerit,
839 1299 961 1372 adeoque
983 1299 1122 1374 sanguini.
1144 1297 1277 1360 caedibus.
1300 1297 1377 1354 saevi·

56 1383 193 1455 latiaeque
217 1381 341 1455 indulget
362 1399 393 1438 ae
415 1383 441 1438 in
464 1384 531 1438 iram
553 1399 676 1457 praeceps
699 1384 820 1457 rapitur.
848 1391 879 1438 ut
907 1373 966 1439 illis'
984 1384 1141 1458 asperrimis
1163 1392 1244 1457 atque
1267 1383 1380 1440 atrocis·

87 1467 165 1522 simis
189 1465 313 1540 Scythis.
340 1466 411 1522 uude
433 1484 464 1522 ea
486 1485 554 1540 gens
576 1465 702 1524 devoluta
724 1476 780 1530 est.
810 1466 891 1542 longe
920 1467 1103 1524 truculentior
1124 1468 1171 1524 ba·
1192 1477 1200 1548 Ι
1222 1459 1378 1539 mmm·

87 1552 196 1607 beatur.
240 1551 294 1607 Nee
316 1552 386 1608 vires
408 1553 497 1608 animo
518 1553 632 1608 desunt:
655 1567 717 1609 uem
738 1553 845 1609 damnus
868 1561 896 1610 et
918 1553 1013 1628 viginti
1036 1553 1164 1628 gentibus
1185 1544 1235 1614 inl
1257 1545 1447 1624 wiffam.

87 1637 178 1692 Ponto
202 1635 348 1693 llitbridati
373 1635 437 1692 olim
459 1635 589 1694 subiectis
612 1637 740 1712 imperat,
768 1637 891 1711 possidet
912 1637 1145 1712 opulentissimam
1169 1637 1273 1701 Asiam.
1303 1636 1380 1693 belli·
1423 1661 1427 1670 ¹

86 1739 181 1777 roman
206 1721 316 1795 subegit
338 1721 494 1784 Thraciam.
516 1723 615 1778 devicit
637 1721 832 1785 llacedoniam.
861 1741 922 1798 quae
952 1729 1085 1784 terrarum
1109 1723 1223 1798 imperio
1246 1722 1380 1796 quendem

60 1808 179 1880 repetita
204 1814 260 1866 est.
283 1823 344 1880 que
366 1807 470 1869 Asiam
491 1809 659 1870 Armeniam.
683 1806 809 1871 iberiam,
832 1808 986 1870 Albaniam.
1009 1799 1101 1883 Gap-l
1121 1801 1382 1890 fffflfflffl‘·

89 1891 248 1964 padusiam.
272 1891 391 1965 Syriam.
415 1893 582 1968 Aegyptum,
606 1894 738 1954 Taurum.
761 1892 908 1950 Caucasum
930 1891 1120 1968 transgressa.¹
1141 1907 1201 1967 qua
1221 1893 1249 1949 in
1270 1892 1382 1954 bactris.

88 1976 189 2036 lleslis.
214 1976 305 2032 Persis
325 1977 476 2042 dominata,
501 1985 561 2033 toto
583 1977 690 2034 oriente
712 1995 857 2052 possesso,
888 1995 948 2051 quae
970 1977 1051 2034 ludios
1082 1979 1176 2035 victrix
1197 1995 1247 2054 per
1270 1977 1381 2051 vestigia

89 2061 180 2116 biberi
205 2062 292 2135 patris
313 2069 395 2135 atque
419 2061 540 2118 ilerculis
563 2071 656 2135 vagata
678 2071 735 2125 est.
764 2079 843 2136 quam
872 2071 1012 2120 contusam
1042 2064 1085 2119 vix
1113 2063 1202 2120 tribus
1224 2061 1381 2137 ingentibus

88 2145 169 2202 bellis
194 2146 305 2202 llomaui
327 2147 496 2203 domuerant.
540 2145 609 2214 Quid
623 2165 830 2204 commemorem
846 2147 1000 2204 Graecorum
1015 2149 1087 2224 imi
1108 2137 1449 2220 fflfflffiffl'ldl·

55 2231 184 2304 asperia,
209 2239 237 2286 et
259 2230 368 2304 Epirum
392 2232 494 2304 regiam
518 2233 707 2295 Aeacidarum.
737 2229 858 2307 aliasque
880 2233 982 2290 validas
1003 2251 1033 2290 ae
1056 2233 1203 2308 populosas
1225 2231 1233 2300 1
1255 2225 1384 2304 ξξξζῗξ,“,ζξὶ
1492 2223 1496 2234 '

88 2315 248 2389 provincias
271 2333 284 2371 a
308 2315 413 2372 'l'burca
435 2315 578 2374 subactast
600 2317 692 2390 Nuper
713 2317 931 2392 potentissimum
948 2316 1093 2374 Soldanum
1117 2316 1178 2387 rel
1199 2311 1383 2390 ffi'fflftfuffw

88 2417 152 2472 gem
175 2399 263 2474 Syriae
285 2417 317 2457 ae
337 2401 383 2457 diu
406 2401 457 2458 sibi
479 2419 571 2475 parem
593 2400 717 2476 pluribus
739 2403 919 2459 memorandis
940 2401 1045 2478 proeliis
1065 2403 1203 2476 superavit
1216 2402 1383 2475 attrivitque.

88 2501 179 2558 regno
202 2486 261 2541 eius
283 2502 333 2560 per
355 2486 406 2545 vim
430 2496 577 2562 occupato:
601 2503 655 2561 quo
679 2487 786 2562 quidem
809 2489 835 2542 in
859 2485 1016 2544 bellacum
1038 2487 1151 2544 maxima
1173 2487 1255 2544 buius
1271 2487 1384 2543 Tbureae

88 2570 192 2644 cupido
215 2578 303 2626 totum
326 2569 419 2627 orbem
441 2571 611 2646 possidendi,
644 2580 700 2628 tum
728 2572 878 2630 execrabile
913 2572 940 2629 in
969 2573 1138 2630 Christianos
1165 2573 1256 2628 odium
1279 2564 1385 2652 12:¹2⁶:

56 2655 235 2729 reapparuit:
259 2655 359 2730 quippe
382 2673 465 2730 quum
487 2665 560 2714 esset
583 2657 700 2714 initurus
722 2657 830 2713 dubiam
846 2657 939 2714 llartis
961 2655 1046 2714 aleam
1068 2655 1224 2714 admonenti
1239 2655 1383 2718 sacerdoti.

89 2739 137 2814 qui
161 2757 258 2798 eorum
281 2739 373 2814 lingua
396 2741 502 2798 bervise
524 2739 690 2818 appellatur,
713 2750 744 2798 ut
766 2751 876 2800 voveret
897 2741 1064 2801 llacbometo
1087 2751 1154 2799 tem·
1174 2734 1182 2804 Ι
1201 2735 1384 2814 ξξῗζᾎᾞὼ

90 2823 182 2898 plum.
207 2833 290 2900 prout
312 2827 354 2882 sui
376 2826 493 2883 maiores
515 2842 623 2902 semper
650 2827 676 2884 in
699 2826 856 2885 huiusmodi
877 2827 1081 2885 discriminibus
1102 2827 1179 2884 lacti·
1207 2827 1216 2898 Ι
1250 2837 1384 2873 mmm·

90 2909 226 2972 tarerint,
249 2911 404 2984 respondit.
426 2911 450 2966 si
472 2929 555 2986 penes
577 2929 607 2968 se
629 2913 741 2969 victoria
763 2921 928 2976 remaneret.
951 2929 1006 2969 noe
1030 2930 1112 2970 unum
1129 2921 1209 2994 tan-q
1230 2903 1383 2983 {fflff

91 3002 165 3058 tum,
189 2995 237 3050 sed
260 2996 332 3071 quod
354 2996 409 3052 duis
431 2996 695 3070 magnificentissima
725 2996 825 3072 templa
852 3007 1062 3054 constructurus
1090 3005 1179 3060 esset,
1212 2995 1329 3054 alterum
1357 2993 1385 3051 ia

56 3079 245 3152 abnegaris,
268 3080 383 3138 alterum
406 3081 504 3140 llomae.
554 3081 628 3138 Nunc
650 3090 794 3156 postquam
817 3083 910 3140 arrisit
936 3083 1047 3140 lortuna
1069 3081 1224 3156 sedatisque
1245 3080 1329 3138 rebus
1351 3080 1452 3140 ades.

91 3165 238 3228 orientem.
261 3164 326 3222 nibil
350 3165 422 3222 aliud
445 3173 530 3224 restat
552 3183 631 3241 quam
654 3175 684 3224 ut
707 3167 797 3242 impiis
819 3169 890 3224 votis
906 3167 1053 3225 satisfaciat
1069 3185 1099 3225 ae
1114 3167 1141 3223 in
1157 3167 1295 3224 residuum
1310 3163 1387 3222 Gbri·

90 3250 245 3306 stianurum
267 3251 356 3325 capiat
377 3251 586 3326 expeditionem.
631 3267 711 3326 quam
737 3267 795 3310 rem
822 3269 877 3309 riou
899 3253 1046 3310 dilaturum
1068 3269 1128 3310 esse
1151 3251 1299 3310 timendum
1326 3257 1385 3306 est:

92 3335 250 3392 innumeras
271 3335 341 3392 euim
364 3335 457 3410 cupias
480 3337 598 3411 undique
619 3337 703 3409 cogit.
726 3335 781 3393 llus
804 3338 912 3395 interim
934 3336 1048 3394 concilia
1070 3336 1122 3392 dil·
1144 3345 1152 3414 Ι
1173 3327 1386 3408 fffflffi',

93 3419 223 3483 ierimus:
247 3421 322 3496 atqui
344 3437 454 3483 vereor.
478 3438 511 3477 ne
535 3420 642 3478 turbine
665 3421 781 3496 quodam
803 3421 992 3479 advolantibus
1014 3421 1142 3478 bustibus
1166 3416 1261 3496 (lalsus
1284 3421 1386 3475 utinam

58 3504 147 3562 assim
167 3505 269 3578 retest)
291 3523 355 3580 pars
378 3523 427 3580 per
449 3505 534 3562 saltus
556 3505 669 3582 dilapsi,
698 3523 762 3581 pars
784 3515 907 3581 petamus
929 3505 1076 3563 ulteriores
1099 3505 1225 3579 regiones
1248 3505 1306 3561 siue
1328 3503 1385 3559 ullo

92 3589 163 3646 rluee
185 3597 232 3645 aut
253 3605 402 3656 consensu.
426 3607 501 3648 suam
525 3591 641 3666 quisque
662 3609 751 3665 spem,
780 3607 828 3648 sua
855 3591 983 3654 consilia.
1012 3589 1200 3648 communibus
1227 3589 1385 3662 deploratis.

93 3673 268 3749 exequentes.
306 3676 380 3750 quod
402 3675 453 3731 iarn
476 3675 518 3732 bis
540 3683 621 3732 state
643 3685 738 3734 nostr'a
752 3678 875 3733 novimus
891 3677 1025 3739 evenisse:
1049 3675 1129 3731 buius
1145 3675 1282 3730 enimvero
1297 3671 1452 3730 aner-su

93 3775 188 3818 earum
210 3761 384 3835 imperaturis
406 3777 471 3818 avus
485 3759 637 3818 italicarum
661 3779 743 3836 opum
767 3761 936 3818 avidissimus
952 3779 983 3817 ex
1000 3759 1131 3834 Appollo·
1175 3769 1295 3856 fflfflff
1309 3767 1387 3846 ‘tul-gt

94 3845 154 3906 aia.
178 3862 239 3918 quae
261 3845 343 3902 modo
365 3844 433 3902 urbs
455 3843 554 3902 Valona
577 3846 691 3910 dicitur,
714 3863 822 3920 parvam
845 3863 901 3902 sore
916 3846 1006 3919 gentis
1022 3861 1128 3902 manum
1174 3855 1201 3891 ¹¹·
1222 3855 1352 3898 musore·

61 3930 125 3987 rein
148 3928 250 3986 ltaliam
273 3929 474 3992 transmiserat.
505 3931 532 3986 in
561 3931 638 3988 euius
660 3933 751 3988 lronte
774 3931 915 4005 Hydrunte
937 3939 1018 4005 capto
1041 3937 1099 3985 tota
1122 3927 1196 3984 ltalia
1225 3926 1386 4001 trepidabat.

94 4013 250 4072 sardinales
272 4015 365 4072 Romae
388 4015 479 4090 lugam
503 4015 713 4077 meditabantur:
742 4016 858 4072 collecto
883 4025 971 4071 tamen
992 4014 1026 4071 ab
1049 4013 1178 4070 omnibus
1197 4012 1279 4078 ltaliae
1302 4011 1387 4086 parti·

96 4098 149 4156 bus
170 4100 292 4158 exercitu
314 4115 368 4158 uon
392 4098 481 4156 solum
503 4102 652 4175 expugnari
675 4117 729 4158 uon
752 4107 897 4176 poterant.
921 4100 970 4156 sed
991 4115 1025 4156 ae
1040 4095 1180 4173 prohiberi
1197 4095 1305 4172 quidem
1321 4097 1387 4172 quin

148 4363 160 4398 ²
176 4365 267 4418 Sebsb
277 4365 380 4418 bussei
393 4365 477 4432 Sopbi
490 4364 512 4418 1.
526 4366 590 4418 inde
604 4367 638 4417 ab
658 4382 683 4418 s.
699 4365 771 4417 leta.
785 4365 917 4418 aestimo
930 4363 1238 4418 debelletus'etvietus.
1278 4360 1388 4414 ⁴'l'bur-

98 4453 145 4511 ea]
158 4451 273 4502 Solimus
291 4451 389 4502 merito
402 4451 469 4501 Peri
487 4466 638 4518 cognomen
657 4451 753 4518 gessit.
805 4450 816 4483 ⁸
835 4449 953 4502 Solimus
970 4451 993 4501 1.
1010 4449 1084 4516 patri
1101 4447 1254 4500 Bulsaelho
1272 4447 1307 4497 11.
1328 4461 1386 4497 sce-

98 4541 187 4600 ptrum
204 4537 345 4602 vitemque
364 4535 467 4601 eripuit
486 4535 642 4600 fratresque
660 4551 724 4586 suos
742 4535 901 4586 trucidavit.
937 4533 948 4566 l
967 4533 1118 4586 eudelitete
1137 4536 1162 4584 1.
1199 4530 1219 4564 Η
1242 4532 1351 4596 subegit
1365 4531 1387 4580 l.

98 4619 123 4652 ¹⁸
142 4619 298 4686 begiptnm,
318 4623 342 4670 1.
391 4618 412 4652 ¹⁰
429 4620 492 4670 Lib.
505 4624 543 4686 p.]
562 4619 677 4670 Bacchi.
723 4618 746 4652 Ι·
762 4619 829 4670 'l'ria
846 4619 1028 4670 Macedonica
1045 4615 1129 4668 bella.
1176 4615 1198 4650 ²¹
1216 4630 1242 4665 e.
1256 4613 1329 4676 1516.
1341 4615 1388 4664 Se·

99 4701 179 4754 limus
196 4705 336 4756 sultanum
352 4703 574 4770 Kassa-Algoori
591 4703 702 4754 devicit.
753 4702 777 4736 ²⁸
795 4703 924 4769 templum
939 4705 962 4754 1.
1018 4699 1041 4734 ⁸⁸
1060 4696 1140 4767 saus]
1160 4697 1333 4750 Mabometas
1350 4697 1387 4748 11.

99 4785 124 4820 ⁸⁹
142 4787 246 4840 Valens
262 4805 285 4840 s.
296 4787 411 4839 Aulona.
447 4787 470 4822 ⁴⁰
488 4789 595 4839 Otranto
613 4793 695 4855 eapte
715 4803 740 4839 s.
756 4787 828 4840 lete.
839 4788 866 4838 d.
880 4786 919 4839 ll.
931 4789 1000 4854 bug.

161 4871 289 4926 Harena
308 4871 375 4924 Orr.
394 4887 459 4925 ror..
472 4873 505 4924 V.
1109 4871 1146 4930 15
