3410 5524
310 471 313 480 ‚
345 387 416 458 122
438 415 559 452 avrreru
569 415 605 452 au
615 416 761 454 raruorers
775 417 901 454 uramur
915 417 1025 456 auncurt
1038 417 1137 456 renero
1150 417 1290 455 rorantur
1303 397 1528 456 sacomaaroara.
1538 405 1619 468 (tols.)

342 511 588 652 ultus⁸quomodo
611 579 670 633 tota
692 591 725 648 se
747 563 870 638 baberet
891 575 1064 644 Germania,
1092 591 1157 654 quae
1186 576 1330 645 conuiuia,
1359 575 1408 654 qui
1436 573 1533 644 lusus,
1552 594 1620 668 'que

343 681 372 737 et
393 693 480 755 quam
501 685 613 735 securas
634 677 881 755 compotationes;
904 683 965 736 tum
982 675 1123 756 siquando
1139 677 1167 736 in
1183 675 1336 737 eonsilium
1358 678 1515 748 eoiremus,
1538 697 1617 758 mam

285 853 290 863 Ι
343 778 372 862 ld
395 783 576 860 praepostere
598 795 771 856 ageremus,
794 777 884 838 iidem
907 777 947 838 illl
969 783 1153 856 compertum
1168 777 1331 840 habebant:
1354 778 1470 849 erubui,
1494 780 1618 859 qnando-

342 879 460 959 qu'dlem
483 885 515 940 ut
537 887 622 942 erant
641 881 760 959 agnon:
784 875 822 941 ita
845 897 893 940 res
915 877 1004 940 babet
1025 881 1115 941 enim:
1145 882 1175 941 ln
1197 879 1277 942 ludis
1295 879 1408 942 alacres
1429 898 1547 951 sumus,
1575 881 1619 943 ubl

341 984 416 1044 seria
440 982 603 1051 uacmnda,
626 981 793 1042 desidemus
814 999 848 1042 ac
869 981 1047 1060 reluglmus;
1071 983 1101 1042 in
1123 981 1214 1044 rebus
1236 999 1295 1042 non
1317 985 1491 1045 necessariis
1507 987 1634 1064 egregi&

342 1099 529 1154 exercemur,
557 1082 609 1144 ubi
635 1083 776 1144 seruanda
806 1099 871 1161 quae
894 1083 1009 1163 imperii
1031 1091 1114 1152 sunt,
1142 1089 1175 1145 ut
1196 1102 1233 1144 ue
1255 1083 1349 1145 dicam
1371 1083 1442 1146 illud
1466 1086 1558 1164 (mind
1576 1105 1618 1146 ne·

343 1189 416 1257 mini
436 1193 564 1248 uestrum
586 1203 664 1246 curae
686 1183 828 1246 haetenus
850 1184 911 1264 tuit)
935 1185 1082 1264 augenda,
1105 1185 1155 1248 ubi
1177 1185 1354 1247 defensanda
1375 1187 1493 1265 religio,
1518 1173 1619 1267 p'ropu·

214 1272 218 1280 ’
274 1289 465 1366 §.tttgnenda
492 1287 603 1365 patria,
632 1287 703 1348 nibil
726 1285 829 1356 studii,
859 1285 930 1346 nibil
957 1303 1056 1364 opera,
1086 1287 1274 1366 conspicitur.
1320 1287 1361 1349 lta
1390 1305 1508 1369 semper
1535 1292 1618 1350 inanis

342 1397 441 1452 nostra
464 1397 507 1451 est
529 1389 682 1458 tortitudo,
706 1385 814 1450 inutilis
837 1389 935 1466 vigor,
963 1393 996 1448 ut
1018 1405 1072 1448 nos
1093 1389 1186 1450 exteri
1209 1389 1332 1452 athletas
1355 1407 1419 1452 esse
1441 1390 1537 1454 bonos
1556 1409 1617 1452 een·

342 1493 462 1564 cedant,
484 1496 641 1554 strennuos
663 1487 819 1552 bellatores
840 1507 934 1570 usque
956 1497 1071 1570 negent.
1117 1489 1289 1570 Quanquam
1310 1498 1342 1552 ut
1358 1493 1463 1553 iterum
1479 1493 1559 1554 robis
1572 1507 1643 1554 aun

342 1601 398 1657 res'
412 1592 531 1663 uellam,
554 1590 633 1653 nulla
656 1591 697 1653 ibi
719 1592 843 1653 militum
866 1591 952 1672 eulpa·
974 1600 1032 1664 est,
1062 1592 1187 1676 plurima
1208 1591 1331 1661 duonum
1359 1592 1560 1676 robustissima
1581 1603 1616 1654 est

341 1715 396 1778 per
410 1693 596 1759 Germaniam
612 1696 761 1764 iuuentus,
785 1695 918 1774 ingentes
940 1696 1029 1756 animi
1051 1713 1085 1755 ac
1107 1712 1183 1756 verm
1198 1693 1299 1774 gloriae
1313 1696 1407 1757 avidi:
1429 1715 1517 1760 nemo
1531 1699 1615 1776 preit

251 1851 253 1858 ,
294 1817 298 1826 ·
341 1815 428 1863 nemo
451 1798 546 1860 ducit:
575 1798 617 1858 sic
645 1797 699 1858 iste
721 1797 798 1875 perit
819 1797 914 1874 vigor,
944 1797 998 1858 iste
1020 1795 1179 1876 languescit
1202 1797 1308 1868 uirtus,
1337 1816 1372 1858 ac
1394 1802 1455 1876 ipsa
1478 1817 1510 1862 se
1532 1800 1616 1860 extio·

344 1901 406 1981 guit
427 1903 456 1961 ln
478 1899 606 1962 obscuro
628 1901 786 1960 mitescens
808 1899 1010 1959 ardentissima
1032 1901 1226 1962 maximarum
1248 1907 1348 1960 rerum
1364 1884 1559 1979 gerendarum
1574 1919 1616 1962 cu·

162 1985 170 2002 ⁸
273 2003 461 2084 stupidius.
506 2001 632 2064 Proinde
655 2003 704 2081 qui
727 2002 852 2063 iucunda
875 1999 1021 2082 hactenus,
1038 2000 1169 2062 elidistis
1190 2000 1366 2080 spectacula,
1388 2004 1445 2065 iam
1468 2005 1553 2064 etiam
1566 2005 1644 2064 uti-u

340 2105 377 2168 lla
400 2121 434 2166 ac
452 2106 620 2166 necessaris
644 2104 734 2174 edite,
757 2123 793 2165 ac
814 2099 876 2164 illas
897 2104 927 2163 in
950 2103 1114 2165 Turcarum
1138 2109 1256 2182 pectora
1279 2106 1357 2166 serio
1378 2105 1552 2184 confringite
1564 2105 1616 2178 ‘ba-

340 2215 400 2271 stas
415 2207 522 2288 quibus
536 2209 566 2268 in
588 2209 654 2270 loeo
677 2213 707 2268 et
727 2205 804 2268 ludis
826 2213 927 2267 mutua
949 2205 1117 2266 inclusione
1138 2207 1183 2266 usi
1206 2208 1289 2276 estis,
1319 2205 1398 2268 bello
1420 2207 1538 2286 quidem
1559 2224 1617 2285 spe·

340 2307 473 2380 ctacnlo,¹
501 2309 552 2370 sed
574 2307 654 2370 nullo
678 2325 748 2370 usu:
778 2308 882 2378 eodem
904 2307 1023 2389 negotio
1045 2307 1136 2368 decus
1158 2307 1297 2386 parabitis
1319 2327 1353 2370 ac
1375 2307 1498 2387 gloriam
1526 2327 1617 2370 aecer·

317 2415 423 2484 setis,
447 2429 506 2491 quo
527 2412 644 2472 inanem
665 2410 808 2472 haetenus
830 2409 963 2490 plausum
987 2411 1141 2501 septagis:
1169 2407 1313 2470 delectant
1342 2412 1397 2471 ista
1419 2411 1537 2490 qrridem
1559 2418 1617 2472 ota

340 2515 449 2578 nostris
471 2513 631 2575 maioribus
653 2513 768 2574 inventa
790 2519 858 2572 sunt
879 2529 987 2591 pugneo
1008 2511 1164 2592 preludia:
1194 2516 1223 2572 at
1251 2531 1301 2572 vos
1329 2511 1469 2591 quamdiu
1489 2511 1644 2591 praeludi-n

342 2619 396 2678 tis?
418 2611 468 2678 aut
490 2615 606 2696 quando
629 2615 698 2675 satis
720 2615 842 2676 exerciti
865 2615 948 2684 estis,
978 2614 1188 2692 utaliquando
1210 2631 1375 2693 pugnemus
1396 2613 1550 2675 adversum
1572 2612 1617 2674 ini·
1696 2659 1697 2690 p

231 2729 235 2738 '
274 2699 458 2784 §.nossmieosl
479 2719 588 2798 petitur
610 2735 626 2778 a
648 2715 731 2778 vobis
754 2717 879 2778 tructus:
903 2733 970 2776 nam
993 2715 1117 2796 qumod
1140 2714 1317 2796 voluptatem
1333 2716 1489 2797 pertinent,
1511 2715 1618 2777 abunde
1696 2699 1697 2714 ¹

341 2824 398 2883 iam
428 2819 555 2882 tulimus.
601 2820 722 2880 miscete
749 2818 816 2886 ista,
847 2835 884 2880 ne
912 2835 1030 2897 semper
1057 2817 1152 2889 ludat,
1182 2833 1298 2896 semper
1326 2821 1440 2880 locetur
1462 2820 1618 2888 Germania,

233 2989 236 2996 ,
341 2922 394 2983 sed
414 2920 572 3000 aliquando
593 2919 764 2998 suisimills
785 2919 843 2980 ilat.
890 2919 1036 2982 delectant
1058 2919 1116 2980 cibi
1139 2921 1189 2998 qui
1211 2919 1311 3016 dulcep
1333 2928 1417 2991 sunt,
1440 2921 1529 2983 iidem
1550 2921 1617 2982 salu·

340 3023 412 3086 bros
433 3021 641 3085 simuliurant
663 3023 766 3090 ellam:
788 3041 805 3083 a
827 3003 896 3104 viris
917 3037 977 3084 non
1001 3022 1098 3100 magni
1113 3022 1186 3083 liunt
1201 3030 1365 3102 unguenta,
1388 3039 1455 3102 que
1469 3021 1548 3085 olent
1561 3031 1643 3083 tan-2⁸
1695 3099 1696 3110 ἵ

342 3134 419 3197 tum,
452 3127 507 3187 nisi
537 3131 566 3186 et
593 3123 720 3186 salutare
747 3123 816 3204 quid
845 3124 982 3186 alienant:
1016 3123 1238 3186 contemnendae
1268 3124 1429 3203 plurimum
1457 3133 1528 3187 sunt
1551 3127 1619 3185 viro
1695 3139 1696 3181 l

343 3235 460 3298 vostre,
484 3229 508 3288 sl
530 3227 703 3290 exercendis
725 3226 838 3289 lusibus
859 3232 989 3296 tantmn,
1017 3243 1076 3286 non
1104 3227 1192 3288 etlam
1221 3227 1382 3290 tractandis
1412 3228 1499 3290 seriis
1519 3228 1617 3306 νίνευί,

274 3334 383 3392 §.dl-sc
404 3347 509 3410 parum
530 3327 634 3408 gratiae
655 3327 823 3390 babendum
847 3337 968 3398 naturae,
992 3329 1016 3389 si
1039 3327 1251 3410 ludicrlsvistas
1265 3330 1430 3408 procrearit
1445 3330 1538 3393 dotes.
1572 3327 1618 3390 sed

341 3449 400 3494 non
421 3431 512 3493 voluit
533 3427 581 3492 illa
604 3449 656 3492 vos
677 3429 798 3500 ludere,
822 3437 873 3491 eut
893 3437 1008 3492 tantum
1031 3429 1152 3500 ludere,
1175 3432 1315 3494 maximas
1337 3449 1386 3493 res
1407 3451 1513 3512 gerere
1529 3430 1617 3498 voluit

264 3595 276 3624 ,
341 3543 371 3597 et
391 3535 500 3596 iccirco
522 3533 606 3594 istam
629 3531 708 3595 dedit
736 3533 812 3594 inter
841 3549 944 3594 omncs
970 3533 1071 3594 mundi
1100 3534 1234 3595 nationes
1260 3533 1505 3624 speciosissimam
1532 3553 1565 3594 ac
1592 3534 1645 3592 lon
1694 3525 1695 3606 ζ

340 3655 427 3698 omne
449 3635 540 3697 robur
563 3634 835 3714 compositissimam
858 3633 1062 3696 membrorum
1084 3634 1301 3698 habitudinem:
1330 3634 1369 3696 ob
1397 3637 1478 3715 quod
1506 3653 1553 3697 vos
1573 3633 1618 3695 be·
1694 3611 1695 3640 ¹

340 3738 476 3800 nodedum
499 3745 599 3814 gratos
621 3753 691 3815 erga
714 3735 793 3800 illam
816 3755 880 3798 esse
903 3736 1001 3806 decet,
1025 3743 1146 3815 agentes
1167 3735 1323 3816 aliquando
1345 3735 1455 3817 aliquid
1480 3737 1560 3800 vob's
1578 3735 1617 3796 di·

262 3921 264 3926 ¹
340 3855 447 3920 gnum:
476 3857 529 3902 cur
557 3840 634 3902 enim
662 3841 715 3900 ista
744 3839 829 3900 tortia
852 3838 973 3899 brachia
995 3837 1097 3899 ludere
1127 3837 1272 3910 ridemus,
1301 3857 1373 3900 cunr
1393 3839 1499 3900 Turcis
1524 3837 1618 3899 luctari

340 3959 400 4003 non
421 3941 570 4002 ridemus?
593 3959 646 4002 cur
668 3947 711 4002 tot
732 3957 882 4002 armorum
905 3957 1013 4019 genera
1036 3939 1144 4018 qulbus
1165 3940 1344 4004 inveniendis
1366 3942 1454 4002 unico
1465 3939 1617 4002 Germano·

342 4057 409 4104 rum
431 4041 542 4121 pollent
571 4043 703 4122 ingenia,
733 4043 762 4104 in
792 4045 873 4103 circo
902 4049 930 4104 et
953 4042 1066 4102 theatro
1094 4049 1273 4120 spectamus,
1303 4049 1405 4103 contra
1427 4043 1537 4104 l'urcas
1563 4053 1644 4101 nors
1693 4041 1694 4099 l

273 4145 529 4224 §.uespertinum
550 4146 586 4205 nt
601 4145 725 4206 venandi
746 4145 832 4206 etiarn
854 4144 950 4204 studio
972 4148 1116 4205 tenemur.
1161 4144 1283 4224 propius
1304 4145 1359 4206 iste
1380 4143 1499 4224 quidem
1519 4143 1552 4205 sd
1567 4145 1617 4202 vir·

345 4247 414 4307 tutis
435 4243 552 4307 laudern
574 4246 688 4308 accedit
703 4243 807 4316 labor;
831 4246 882 4306 sed
904 4263 964 4305 nou
985 4245 1042 4306 boc
1063 4247 1116 4306 isla
1138 4245 1193 4307 sibl
1214 4252 1330 4323 tempus
1345 4245 1510 4326 spectacula
1523 4244 1617 4324 poscit,

344 4365 439 4425 neque
462 4352 554 4408 totum
576 4346 606 4408 in
627 4346 685 4408 hoc
706 4365 799 4408 aevum
822 4364 996 4408 consumere
1018 4353 1148 4426 oportet:
1172 4365 1239 4409 nam
1260 4347 1331 4408 dum
1352 4365 1407 4409 nos
1429 4347 1519 4430 sylvas
1538 4363 1618 4427 pera·

342 4565 475 4632 trebocis
488 4565 579 4618 solent
590 4565 723 4618 bellorum
735 4568 914 4635 gerendorum
928 4567 1045 4618 consiliu
1057 4571 1140 4632 atque
1153 4565 1294 4635 proposito
1306 4562 1456 4636 publicoru.
1502 4563 1522 4602 ¹⁸
1538 4565 1615 4617 redite

342 4655 369 4702 2.
407 4649 443 4698 ,Π
460 4652 489 4702 in
506 4652 567 4702 loeo
584 4657 615 4702 et
631 4651 711 4718 ludis]
736 4654 764 4704 in
786 4653 999 4715 torneamentis,
1023 4651 1199 4712 hortensibus
1216 4653 1302 4714 ludis,
1328 4652 1424 4740 quales
1442 4659 1496 4704 tum
1512 4653 1539 4702 in
1557 4665 1615 4702 cora·

342 4740 426 4789 ventu
442 4734 610 4804 Augusteum
628 4735 849 4790 celebrabantur.
900 4736 924 4770 ⁸⁸
941 4749 1029 4802 neque
1048 4743 1076 4788 u.
1097 4737 1151 4788 Ant
1164 4740 1186 4787 1.
1196 4741 1221 4788 2.
1274 4737 1360 4788 silvas
1371 4743 1398 4788 nt
1414 4737 1481 4804 utiq.
1493 4738 1516 4786 4.
