3410 5524
338 416 406 488 128
426 445 547 482 svrrsau
559 444 597 481 uo
609 441 756 482 rarrcrrrs
766 445 895 488 cremor
904 446 1015 482 accurat
1028 447 1128 482 rvncrs
1141 445 1282 482 irruatur
1294 445 1522 484 nxuourtrosu.
1531 431 1611 496 (rste.)
1699 421 1701 438 ⁴

332 603 501 682 profligatos
523 599 850 678 exercitum-regmae
870 583 1019 679 principes
1040 602 1069 660 in
1095 599 1219 666 vincula·
1235 601 1400 668 coniectos:
1431 602 1500 680 igne
1529 601 1610 663 dera-

331 711 421 764 statos
442 720 544 784 agrps;
566 701 701 762 homines
722 701 902 764 Christianos
923 701 1070 781 pecodum
1097 703 1127 768 in
1156 719 1270 764 morem
1298 709 1454 773 mactatos,
1484 701 1558 764 alios
1584 704 1609 763 io
1700 683 1701 688 ἵ

205 870 209 878 ,
331 803 499 888 servitutem
521 802 678 874 abductos,
707 805 919 866 acmaximam
941 821 1059 884 semper
1081 803 1312 866 Christianorum
1339 806 1370 866 in
1392 806 1459 865 Asia
1488 806 1611 874 serviem

264 917 331 968 §.tot
342 907 414 970 tium
436 905 660 968 multitudinem.
697 905 778 967 iubet
793 897 904 968 deidde
926 906 1114 969 considerare
1136 905 1206 984 quid
1229 904 1330 968 ultimo
1350 906 1471 968 undem
1495 914 1561 985 post
1573 912 1613 965 tot

332 1009 424 1070 hostis
445 1024 598 1070 successus
620 1009 751 1069 loturum
767 1015 872 1086 putare
887 1007 1005 1078 debeat:
1029 1007 1155 1104 espondit
1168 1014 1303 1086 paratum
1319 1013 1348 1069 et
1364 1007 1530 1070 accinctum
1545 1010 1629 1069 iam-⁵

332 1129 390 1190 que
412 1111 609 1172 incursantem
631 1108 785 1171 adversum
808 1127 862 1170 uos
876 1109 999 1172 hostem.
1033 1116 1095 1172 tuna
1111 1107 1218 1172 crebro
1234 1108 1304 1170 iliud
1318 1109 1540 1188 superinculcat
1554 1121 1611 1188 ‘po-

264 1221 331 1271 tttt
348 1195 393 1275 tes
407 1212 465 1274 hoc
479 1214 509 1273 iu
531 1228 600 1273 casu
616 1211 725 1273 ducere
740 1211 888 1284 somnosi'
910 1211 974 1274 Non
995 1228 1132 1275 somnum
1146 1211 1235 1288 igitur
1250 1212 1343 1290 capit,
1358 1211 1410 1272 sed
1427 1210 1536 1294 vigilat,
1551 1211 1612 1272 etsi

332 1315 498 1394 agnoscitis,
515 1312 596 1374 robis
612 1313 709 1391 vigilat
723 1313 867 1392 nobisque
883 1313 1028 1376 omuibus.
1058 1313 1112 1376 Cui
1126 1312 1268 1394 dquando
1283 1319 1334 1374 aut
1347 1313 1420 1375 deus
1435 1313 1611 1398 sutJortuna

229 1399 232 1406 ⁴
292 1475 296 1482 ,
332 1411 574 1486 mc'iior'dederit
591 1423 624 1477 ut
638 1433 689 1476 vos
702 1435 758 1478 suo
773 1416 907 1496 exemplo
922 1415 959 1478 ab
974 1415 1023 1518 illo
1039 1415 1179 1478 diuturno
1193 1433 1298 1476 sumum
1312 1415 1612 1496 experrectosridert,
1669 1395 1673 1402 ¹

332 1527 397 1582 tuni
411 1537 442 1580 se
457 1523 540 1597 putat
553 1512 591 1578 ati
604 1535 751 1580 summum
765 1525 901 1580 notorum
915 1537 1035 1581 suorum
1051 1517 1270 1587 conscendisse,
1287 1524 1316 1578 et
1328 1517 1408 1598 quod
1424 1525 1486 1578 tota
1501 1519 1556 1578 rita
1568 1534 1612 1578 co·
1622 1531 1640 1570 ιι

335 1627 420 1683 natus
434 1628 492 1691 ast,
513 1627 546 1680 ut
561 1619 725 1682 consultum
740 1627 817 1683 esset
830 1620 999 1700 reipublice
1014 1620 1208 1693 Christianos
1218 1620 1249 1682 id
1263 1637 1294 1682 se
1310 1620 1525 1699 expergefactis
1539 1618 1612 1680 robis

335 1722 504 1792 obtinuisse,
520 1721 591 1782 nihil
606 1723 722 1783 interim
737 1720 877 1784 sollicitus
893 1707 1037 1802 quod'ros
1051 1721 1158 1784 multos
1174 1729 1203 1784 et
1217 1728 1350 1801 potentes
1363 1721 1445 1784 iuxta
1459 1741 1495 1784 sc
1505 1721 1536 1782 iu
1547 1722 1613 1783 Ger·

335 1825 430 1886 munio
446 1825 593 1904 principes
606 1823 711 1894 rideat,
726 1841 782 1886 nec
792 1825 899 1886 iccirco
910 1826 1096 1888 imminutum
1108 1843 1140 1888 se
1152 1825 1327 1894 existimans,
1342 1819 1416 1884 nihii
1427 1824 1523 1903 mag's
1532 1837 1615 1903 quam

336 1926 414 2007 quod
435 1942 540 1986 manus
561 1924 650 1988 habet
671 1925 701 1988 iu
723 1925 830 1988 multos
851 1927 989 1989 dissectam
1011 1917 1131 2005 digito's,
1154 1935 1184 1990 et
1205 1926 1243 1989 oh
1264 1926 1346 1989 idad
1362 1925 1613 2005 opustacieodum

266 2036 334 2088 titt
345 2017 514 2090 habiliores
554 2027 612 2088 hoc
632 2027 719 2106 petit,
742 2028 799 2089 hoc
821 2029 942 2089 summis
964 2030 1037 2091 votis
1058 2036 1152 2108 optat,
1175 2038 1208 2090 ut
1225 2030 1279 2090 iste
1293 2046 1347 2090 suo
1362 2029 1539 2090 concordant
1553 2043 1641 2087 cor-u

335 2133 400 2212 pori
421 2108 555 2192 membra
576 2148 689 2210 suoque
710 2129 826 2193 subsint
847 2131 948 2211 capiti,
978 2132 1215 2214 quondoquidem
1237 2130 1293 2193 alis
1314 2129 1394 2192 nulla
1415 2130 1540 2190 rationo·
1553 2146 1613 2189 ror·

334 2253 390 2314 pus
410 2235 508 2313 ipsum
530 2239 730 2298 constaturum
752 2233 837 2294 videt
883 2232 941 2294 Vos
962 2235 1067 2310 igitur,
1095 2234 1175 2313 quod
1196 2233 1245 2296 ilie
1268 2241 1326 2294 tam
1348 2231 1454 2312 cupide
1476 2233 1565 2310 petit,
1585 2238 1614 2289 ut
1700 2275 1701 2290 2

334 2336 370 2398 ad
392 2336 545 2398 sanitatem
566 2334 706 2406 redeatis,
735 2335 835 2405 tacite,
865 2353 902 2396 ne
931 2334 1010 2414 quod
1038 2341 1142 2398 vestre
1163 2335 1265 2398 salutis
1285 2335 1405 2396 nomine
1420 2335 1571 2415 queritur
1590 2333 1614 2392 ei
1700 2405 1701 2408 Ἴ

247 2515 250 2522 ,
335 2457 393 2518 quo
415 2438 512 2500 minus
532 2444 687 2516 acceptum
709 2438 746 2498 sit
767 2437 913 2500 obstitisse
934 2439 998 2516 ipsi*
1011 2437 1178 2500 videamini:
1212 2437 1356 2500 admittite
1377 2435 1549 2504 consilium,
1570 2451 1614 2495 ac·
1700 2455 1701 2486 ι

265 2549 334 2600 tttt.
346 2541 432 2620 cipite
453 2540 622 2608 sanitatem
645 2545 733 2617 atque
754 2539 827 2600 adeo
848 2539 972 2601 salutem
994 2542 1135 2619 accipite:
1159 2541 1216 2602 iam
1233 2541 1316 2616 enim
1337 2539 1443 2602 omniu¹
1456 2539 1487 2598 in
1504 2537 1551 2598 iris
1564 2535 1641 2597 dus
1700 2549 1701 2616 ι

333 2650 416 2718 sunt,
440 2648 472 2702 ιιι
493 2641 655 2702 concordes
676 2642 805 2719 primum
827 2641 903 2712 sitis,
927 2641 1032 2704 deinde
1054 2651 1087 2704 ιιι
1100 2643 1310 2722 imperatorem
1325 2640 1508 2722 agnoscatis;
1531 2647 1614 2718 atquo
1700 2629 1701 2658 ²

206 2797 214 2824 ·.
266 2787 271 2796 .
333 2744 396 2804 iraec
419 2743 478 2805 duo
499 2741 667 2804 huiusmodi
689 2748 770 2812 sunt,
794 2750 827 2804 ut
848 2751 984 2807 neutrum
1007 2745 1070 2806 siue
1096 2743 1189 2806 altero
1218 2745 1380 2806 consistere
1407 2742 1517 2822 possit;
1551 2757 1613 2804 nam

334 2853 363 2906 ot
384 2846 487 2906 emot'u
508 2841 737 2906 dissensionibus
758 2843 924 2923 intelligetis
945 2847 1009 2908 sine
1030 2849 1208 2926 imperatore
1230 2865 1282 2908 vos
1304 2847 1444 2914 deficere,
1467 2852 1500 2906 ct
1520 2845 1613 2922 agnito

335 2949 510 3026 imperatore
532 2945 569 3007 ad
590 2953 722 3008 mutuom
745 2945 933 3008 concordiam
955 2965 1058 3011 omues
1079 2947 1270 3034 inclinabitis:
1304 2946 1416 3010 dabunt
1441 2963 1473 3011 se
1496 2947 1552 3008 ista
1573 2945 1613 3004 in·

266 3051 332 3103 tto·
346 3049 447 3110 vicem
491 3045 547 3117 Oui
567 3048 625 3108 iam
647 3048 735 3127 igitur
756 3051 826 3110 satis
847 3056 879 3111 ut
900 3057 972 3130 puto
993 3047 1175 3112 intellexistis
1202 3055 1290 3130 quam
1317 3049 1399 3112 robis
1419 3056 1524 3110 mutua
1546 3059 1639 3108 con-2³

334 3151 432 3214 cordia
455 3150 602 3230 opressit,
625 3157 712 3230 atque
733 3151 821 3214 iidem
843 3152 945 3213 videtis
966 3169 1054 3231 quara
1080 3151 1141 3214 non'
1169 3152 1261 3232 possit
1288 3169 1323 3213 ea
1349 3151 1413 3212 sine
1435 3149 1611 3230 prodamin

334 3271 395 3334 quo
414 3259 547 3314 rcrsetur
567 3251 699 3323 cardine,
728 3253 757 3314 id
785 3260 830 3316 cst
857 3255 920 3315 sine
948 3253 1066 3331 publico
1095 3263 1210 3316 rectore
1232 3270 1268 3316 ac
1286 3252 1421 3332 principe
1442 3254 1611 3318 consistere.

333 3355 411 3436 quod
434 3355 564 3416 omnium
586 3362 651 3416 vota
674 3359 829 3436 expetunt,
852 3354 969 3435 publico
986 3355 1096 3434 ilagitat
1110 3357 1282 3424 necessitas,
1306 3361 1401 3416 vostra
1417 3355 1508 3432 exigit
1521 3353 1611 3430 digni·

333 3465 391 3530 tas,
414 3465 448 3520 ut
468 3475 571 3520 omues
592 3456 663 3520 salvi
684 3459 792 3528 simus,
820 3473 871 3516 vos
900 3455 991 3535 gloria
1020 3458 1096 3520 aucti
1124 3461 1153 3520 et
1180 3458 1292 3527 ornati,
1319 3463 1421 3536 parete
1443 3457 1471 3518 ei
1493 3456 1544 3536 qui
1565 3471 1612 3515 ros
1699 3485 1700 3541 3

333 3565 414 3622 recte
435 3567 549 3630 mouet,
571 3565 653 3622 recte
675 3561 769 3629 ducit,
792 3559 855 3620 siue
877 3576 935 3638 quo
957 3575 1017 3618 non
1039 3556 1107 3636 plus
1127 3559 1183 3637 ipsi
1203 3561 1323 3638 potestis
1345 3575 1433 3638 φιιιιιι
1456 3559 1520 3618 sine
1534 3555 1640 3618 vobo»

264 3662 399 3726 titt-illc.
440 3663 515 3726 Nam
545 3670 578 3724 ut
605 3663 635 3723 in
663 3657 911 3741 comparationem
938 3660 1117 3722 deducamus
1144 3679 1222 3732 rem,
1252 3677 1340 3742 quam
1368 3660 1517 3722 infirmum
1544 3657 1611 3719 iilud

272 3785 283 3806 ·
310 3767 471 3828 'eritsioe
492 3763 673 3845 reliquorum
695 3764 857 3825 ministerio
885 3761 1087 3826 membrorum
1115 3763 1221 3842 caput?
1252 3779 1432 3841 rursumque
1459 3753 1491 3822 dt
1518 3768 1611 3839 turpe.

306 3917 309 3924 ⁴
332 3877 365 3930 ut
385 3875 579 3930 mancum⁰oc
600 3865 747 3928 deiectum
768 3867 831 3926 sine
854 3860 949 3945 capite
971 3864 1096 3942 corpus?
1125 3863 1216 3926 Bruta
1238 3861 1372 3926 aounalia
1394 3863 1502 3926 ducem
1524 3875 1610 3941 agno·

332 3977 433 4038 scunt,
455 3973 586 4030 armenta
608 3974 743 4036 taurum,
772 3968 893 4030 arietem
915 3983 997 4036 oves,
1027 3963 1196 4045 elephantes
1218 3981 1335 4046 quoque
1362 3980 1430 4028 cum
1457 3965 1509 4043 qui
1530 3963 1610 4044 praeit

267 4078 520 4149 tuomquuntur,
544 4076 573 4131 ot
594 4085 682 4148 grues
704 4070 858 4132 ductorem
884 4068 1061 4148 suscipiunt,
1090 4085 1161 4147 apes
1189 4087 1289 4148 regem
1318 4073 1503 4130 reparantur.
1548 4073 1639 4144 quoti

315 4189 400 4252 ‚oum
422 4174 453 4233 io
474 4173 587 4233 ratione
610 4170 777 4234 carentibus
798 4167 992 4232 animantlbus
1014 4169 1177 4240 rideamus,
1202 4189 1251 4232 vos
1272 4171 1337 4230 sine
1352 4169 1441 4238 duce.
1465 4169 1528 4230 siue
1543 4184 1610 4243 rege

333 4279 419 4352 atque
441 4273 514 4336 adeo
536 4275 599 4336 sine
622 4275 716 4353 capito
738 4273 842 4338 eritis'i
863 4281 913 4334 aut
935 4289 993 4332 nou
1017 4273 1187 4334 meministis
1209 4272 1349 4334 maximos
1371 4287 1449 4350 saepe
1463 4289 1513 4332 res
1525 4270 1610 4330 troius

332 4373 454 4436 consilio
475 4393 511 4436 oc
532 4375 713 4454 prouidentia
734 4373 817 4436 ducis
838 4380 950 4453 gestas,
972 4373 1043 4464 uiuit
1064 4391 1205 4456 unquam,
1217 4372 1262 4434 vel
1281 4391 1297 4433 a
1313 4373 1446 4436 maximis
1460 4373 1522 4432 dne
1536 4369 1610 4432 duce

331 4511 532 4522 -v—-—·-

400 4593 538 4646 ‘unicum
559 4595 611 4644 riae
634 4594 779 4660 unicuique
801 4601 860 4660 port
883 4592 952 4644 illud
978 4596 1108 4646 αιιιιιιιιιιι
1124 4600 1154 4644 tr.
1174 4595 1238 4644 oda.
1257 4597 1282 4646 ι.
1306 4595 1349 4659 pri
1369 4593 1478 4647 unicum
1505 4592 1609 4656 recepit

330 4678 342 4712 ¹
359 4680 453 4744 „Note
470 4679 534 4742 dac,
554 4683 631 4745 potos
648 4679 700 4730 hoc
717 4680 768 4730 snb
787 4695 854 4736 csso
871 4677 972 4730 docere
990 4669 1133 4730 somnosi''
1151 4679 1234 4750 Yerg.
1245 4679 1309 4728 AEu.
1321 4677 1438 4730 tusco,
1475 4675 1571 4728 ⁸dsoo

331 4764 429 4816 molior
446 4767 503 4816 m.
522 4763 647 4815 Christus
665 4765 905 4830 optimuaoorratt.
957 4763 976 4796 ¹¹
995 4763 1074 4818 binos
1092 4763 1153 4829 (pro
1170 4760 1259 4827 vobis)
1278 4766 1304 4813 4.
1356 4759 1605 4814 ¹⁵cbtliorea1.2.'
