3464 5526
169 459 173 466 ι
214 415 335 452 aarum
355 415 384 450 tlt
403 415 495 450 DYCBH
514 411 790 450 WIRTENPEBGENSEH
809 414 911 449 onnrlo
929 415 987 450 1111.
1011 415 1038 448 Ι.
1052 413 1116 449 AVG·
1130 413 1155 448 Α.
1174 407 1229 448 ¹fill.
1313 384 1358 452 57
1447 461 1451 470 ξ

101 591 156 631 cere
175 589 257 632 nemo
280 576 399 650 putatur
429 571 478 648 qui
505 571 547 630 sic
574 569 659 638 dicit;
684 581 737 628 nec
762 565 801 628 ita'
823 563 913 628 debes
935 585 999 628 esse
1022 568 1139 628 audacia
1160 568 1305 647 perditus,
1330 575 1362 628 ut

101 673 234 734 terr-edas
256 676 284 733 ri
299 673 494 739 effecturum,
518 677 550 730 ιιι
572 670 619 730 bic
642 669 751 738 Caesar,
781 670 810 731 bi
833 671 981 749 principes
1003 671 1108 732 timore
1130 671 1172 730 tui
1194 671 1361 748 aequitatem

101 774 231 839 deserant:
256 791 309 834 nec
331 770 494 834 absolvito
515 773 577 833 sine
599 791 711 834 summa
734 771 820 832 huius
842 773 966 833 nationis
991 772 1107 832 infamia
1137 778 1237 850 potes,
1267 772 1360 850 impu·

100 877 175 936 citum
200 883 283 937 tuum
312 861 407 937 scelus
435 876 497 935 sine
525 875 650 938 maximo
679 875 841 962 communis
870 874 1032 936 Germaniae
1059 873 1171 936 scelere
1201 891 1259 933 non
1296 874 1360 934 erit.

78 964 149 1036 'sTua
169 985 261 1038 autern
285 978 413 1054 potentia
437 983 543 1055 quanta
566 982 625 1050 est,
652 982 684 1036 ut
710 959 753 1037 ea
771 993 873 1055 speres
900 975 995 1036 omnia
1019 974 1203 1063 perfringere
1225 994 1260 1036 ac
1282 993 1430 1043 com-§.ra

101 1079 230 1138 minuere?
252 1097 289 1138 an
312 1079 342 1138 in
364 1077 630 1159 propinquitatibus
651 1079 709 1138 tuis
730 1083 780 1152 aut
802 1077 941 1138 amicitiis¹
957 1094 1037 1155 spem
1061 1078 1165 1156 ponis?
1193 1077 1236 1138 En
1259 1077 1364 1139 adsunt

100 1179 122 1238 bi
141 1198 286 1265 proceres,
311 1179 373 1240 baec
395 1181 559 1241 Germania
581 1180 691 1258 capita,
722 1179 831 1248 dimna,
860 1185 890 1240 et
915 1177 1007 1240 dicam
1037 1181 1162 1250 iterum,
1194 1199 1227 1240 ac
1256 1179 1363 1240 clarius

100 1279 191 1350 dien,
214 1299 310 1360 neque
332 1289 362 1341 te
382 1281 493 1343 debent
514 1281 649 1342 adiurare
672 1282 696 1340 si
717 1281 844 1359 possint,
873 1298 969 1361 neque
991 1289 1114 1360 possunt
1135 1283 1158 1343 si
1180 1281 1276 1344 uelint.
1324 1281 1364 1341 lle

99 1390 228 1446 nautam
252 1382 363 1445 clarum
387 1389 430 1444 est
452 1383 519 1462 quid
544 1382 696 1452 considam
729 1400 784 1444 nec
811 1383 869 1443 iam
897 1381 959 1443 lere
988 1385 1140 1463 quisquam
1169 1382 1390 1463 ignoratque

77 1493 124 1544 ratu
143 1485 322 1549 Germaniam
345 1505 446 1556 voces,
470 1485 547 1564 quod
570 1486 704 1555 exitium,
727 1479 814 1564 quam
837 1485 996 1546 vastitatem
1019 1476 1087 1556 huic
1107 1487 1209 1566 patriae
1224 1484 1361 1547 moliaris.

100 1605 174 1664 quare
196 1605 255 1648 non
277 1587 367 1650 debes
389 1581 424 1649 e'o
447 1586 628 1648 confidentiae
650 1587 776 1656 demitti,
801 1593 832 1648 ut
854 1588 957 1649 credas
979 1587 1096 1666 aliquod
1111 1595 1193 1648 tuum
1210 1587 1431 1658 consiliumne.

100 1689 243 1753 obscurum
265 1708 345 1760 esse,
369 1708 434 1750 cum
457 1697 485 1750 te
508 1707 610 1751 omnes
632 1691 741 1768 passim
764 1689 921 1776 observare
945 1689 1057 1758 videas,
1086 1692 1117 1752 in
1143 1692 1275 1756 omnium
1298 1690 1364 1752 odio

99 1811 126 1850 ac
145 1799 219 1854 metu
242 1794 370 1872 positum
392 1798 420 1852 te
444 1792 533 1852 scias:
556 1792 695 1876 vixdum
718 1791 877 1870 obsignata
898 1799 956 1852 tura
977 1791 1006 1852 in
1023 1791 1144 1855 Galliam
1159 1793 1250 1856 literae
1272 1799 1363 1861 erant,

99 1911 153 1954 curn
173 1895 229 1984 iarn
252 1894 347 1956 divina
369 1894 455 1954 buius
478 1894 598 1956 Caesaris
620 1892 765 1971 vigilantia
787 1894 857 1972 quid
879 1901 911 1956 tu
934 1896 1082 1955 conareris
1103 1893 1290 1974 intelligeret,
1315 1912 1364 1954 ne·

76 2013 146 2072 uque
165 1995 271 2075 aliquid
293 1997 375 2074 prius
397 2015 412 2057 a
436 2002 472 2062 lc¹
487 1997 651 2074 nuntiatum
674 1994 811 2056 Helvetiis
834 2002 891 2066 cst,
921 2014 1006 2074 quana
1037 1995 1108 2056 illud
1130 1998 1158 2056 in
1182 2005 1268 2057 aures
1290 1994 1366 2060 mula

99 2103 180 2158 torum
201 2097 428 2160 clarissimorum
449 2098 800 2184 virorumudissiparetur.
838 2097 936 2169 Quare
959 2098 1043 2159 etiam
1066 2115 1124 2158 non
1148 2099 1185 2158 ita
1206 2100 1363 2178 imparatos
1373 2109 1431 2160 cra.

99 2217 143 2259 nos
162 2201 262 2271 crede,
292 2210 325 2264 ut
352 2218 411 2262 non
438 2199 598 2264 habeamus
625 2199 777 2260 consilium
795 2197 970 2259 'declinandi
998 2198 1067 2260 illud
1096 2200 1204 2260 luroris
1226 2202 1268 2261 tui
1290 2199 1364 2262 ditu-

99 2301 177 2371 u'um,
201 2321 258 2382 quo
280 2321 335 2364 nos
355 2303 536 2382 perfundere
559 2302 683 2379 cogitas:
706 2300 895 2362 vehementer
917 2307 949 2361 tu
971 2301 1089 2380 quidem
1104 2319 1199 2380 nuper
1215 2302 1364 2364 iracundia

98 2406 211 2478 percitus
233 2423 280 2476 es,
310 2423 377 2466 cum
404 2404 457 2467 tibi
484 2405 594 2468 dictum
616 2403 718 2465 luisset
740 2421 805 2483 quae
826 2404 906 2464 inte
930 2411 962 2464 ut
989 2404 1118 2465 dicerem
1146 2411 1246 2482 parata
1274 2403 1363 2466 habe·

73 2519 164 2574 urem;
193 2523 248 2584 ego
268 2515 367 2568 tamen
389 2505 549 2576 audebam;
581 2523 676 2586 neque
704 2524 783 2566 nunc
811 2523 972 2585 prouocare
1001 2505 1092 2594 durias
1120 2513 1183 2567 tuas
1207 2524 1308 2567 vereor
1331 2525 1365 2566 ac

97 2593 198 2669 irritare
220 2612 386 2671 amentiam.
432 2615 461 2669 at
487 2609 511 2668 si
538 2608 567 2667 in
595 2608 714 2668 borum
731 2610 897 2687 principum
925 2627 960 2669 ac
989 2608 1096 2670 ducum
1124 2609 1364 2670 existimationem

96 2707 143 2768 tale
163 2711 308 2790 quidpiam
331 2711 482 2784 iecissem,
513 2719 675 2773 extremum
704 2710 838 2771 iecissem
861 2719 889 2771 et
911 2719 978 2788 ante
999 2709 1068 2771 lacti
1090 2711 1177 2770 duem
1207 2727 1366 2790 oppressus

96 2807 270 2883 interiissem
294 2831 360 2893 quae
382 2814 412 2873 in
433 2819 462 2872 te
483 2812 705 2892 laciquuaeque
728 2813 807 2890 dico,
831 2811 1027 2898 alr-omnibus
1054 2811 1233 2890 probantur,
1263 2833 1279 2873 a
1302 2813 1365 2892 qui·

97 2909 204 2972 busdam
226 2916 314 2976 etiam
336 2933 403 2978 curn
425 2913 634 2976 acclamatione
656 2916 864 2992 excipiunturr
879 2921 991 2990 tantum
1013 2913 1097 2975 abest
1118 2921 1150 2974 ut
1170 2914 1291 2978 alicuius
1313 2934 1364 2976 au·

34 3013 38 3028 ·
73 3027 139 3071 ares
152 3016 295 3100 offendant
310 3035 376 3096 quae
390 3015 427 3077 de
442 3023 471 3077 te
487 3034 545 3077 non
561 3018 619 3078 iam
634 3013 779 3094 principe,
803 3016 855 3078 ssd
872 3016 1020 3079 maculoso
1039 3035 1073 3077 ac
1096 3018 1290 3078 conmminato
1313 3035 1363 3078 nc·

97 3111 192 3178 belone
212 3118 442 3197 proclamantur.
463 3157 466 3167 ι
488 3109 588 3197 Siquid
610 3119 639 3180 in
661 3125 691 3180 te
712 3119 801 3196 igitur
823 3119 944 3183 rationis
973 3125 1016 3189 est
1043 3125 1094 3180 aut
1121 3118 1214 3198 siquid
1244 3119 1433 3180 omninodo.

96 3234 198 3286 sensus,
228 3217 271 3281 rel
294 3221 329 3282 ad
354 3228 469 3299 tempus
491 3228 520 3281 te
543 3218 664 3299 collige,
691 3239 726 3282 ac
748 3222 777 3281 in
800 3220 870 3281 illud
893 3222 1023 3300 respice,
1055 3239 1113 3300 quc
1142 3203 1248 3282 iudidio
1278 3239 1365 3303 quam

97 3335 199 3381 cauum
221 3321 317 3398 dicas:
340 3340 398 3382 non
421 3323 478 3384 iam
499 3319 548 3383 illa
570 3320 624 3382 abs
644 3327 674 3384 te
702 3319 727 3382 X
756 3322 834 3383 milia
861 3325 1041 3401 repetimus;
1070 3330 1153 3384 tunm
1181 3321 1364 3402 supplicium,

96 3418 118 3478 id
139 3431 179 3504 est
198 3422 333 3484 solatium
356 3423 447 3484 cineri
469 3432 556 3500 atque
579 3422 693 3484 ossibus
713 3424 941 3486 innocentissimi
957 3425 1082 3486 bonrinis
1098 3423 1298 3492 crudelissime
1313 3424 1366 3486 abs

71 3529 121 3580 ute
140 3524 277 3588 interlecti
295 3523 491 3612 postulamus.
537 3526 615 3606 quod
646 3545 712 3586 cnm
742 3526 840 3588 videas
870 3534 900 3588 ct
926 3527 968 3586 tui
997 3525 1047 3586 tibi
1079 3525 1135 3589 odii
1159 3527 1363 3598 conscissus,

96 3627 228 3698 quomodo
250 3627 368 3694 tandem
391 3627 419 3686 in
443 3628 572 3693 animum
595 3627 731 3688 induxisti
753 3630 795 3688 sio
816 3630 914 3712 potius
936 3609 1035 3689 dicere
1062 3645 1150 3706 quam
1179 3630 1299 3688 omnino
1320 3629 1363 3691 ni·

97 3721 129 3784 bil
154 3727 266 3789 dicere?
298 3729 355 3790 Sed
383 3728 441 3792 tuis
468 3730 606 3790 conviciis
634 3729 737 3790 ordine
767 3724 924 3810 quantum'
940 3729 1005 3792 fieri
1040 3734 1137 3808 potest
1167 3730 1363 3808 respondebo,
1374 3737 1432 3788 §.aa

97 3823 185 3889 ‹leinde
206 3849 240 3890 ea
264 3831 292 3890 in
315 3839 344 3891 te
366 3830 461 3892 dicam
484 3849 548 3910 quae
570 3838 621 3891 tuo
642 3831 760 3907 iugenio
782 3833 899 3912 tuisque
921 3831 1004 3892 lactis
1026 3832 1215 3901 conveniunt;
1247 3839 1276 3904 et
1298 3851 1363 3912 qua

97 3925 117 3984 si
136 3929 159 3988 in
179 3931 266 4004 aliurn
289 3931 474 4003 dicerentur,
498 3951 585 3994 nemo
608 3933 710 3995 audire
733 3933 831 4006 vellet,
855 3936 884 3994 in
908 3941 942 3994 te.
953 3932 1029 3994 dicta
1046 3934 1177 4011 qmnium
1192 3951 1279 3996 aures
1293 3925 1365 4014 qu'a·

72 4025 155 4088 udam
174 4051 230 4093 non
253 4033 411 4096 iniucunda
434 4033 581 4112 voluptate
604 4023 786 4105 demulcent:
814 4043 911 4116 teque¹
924 4033 1021 4113 prino,
1051 4034 1147 4096 Cesar
1168 4037 1364 4108 invictissime,
1446 4041 1452 4054 '

99 4145 205 4208 t'csquc,
229 4136 378 4214 principes
398 4154 436 4196 ac
456 4136 509 4196 uiri
531 4138 684 4208 Germani,
709 4155 777 4209 oro,
801 4145 834 4198 ut
856 4139 880 4198 si
903 4139 956 4201 iste
978 4139 1007 4200 in
1030 4137 1208 4207 calamitate,
1232 4155 1290 4216 qua
1311 4140 1365 4200 mi·

98 4233 221 4296 munem
246 4255 304 4297 uon
327 4237 445 4316 pertulit
460 4237 516 4297 ‘bic
538 4237 625 4308 ordo,
651 4241 782 4300 oratione
804 4238 878 4300 foeda
903 4245 934 4300 et
953 4255 1060 4317 spurca
1082 4237 1215 4300 dolorem
1231 4247 1364 4303 nostrum

99 4333 300 4398 acerbissimum
323 4339 457 4402 retricuit
479 4346 507 4399 et
530 4339 739 4410 exculcerarit,
762 4341 806 4402 las
826 4341 898 4400 mibi
920 4343 956 4403 sit
978 4348 1107 4401 nostram
1137 4343 1265 4418 primum
1288 4344 1365 4404 tueri

99 4431 291 4510 iunocentiam,
315 4439 419 4502 deinde
435 4441 528 4501 buius
549 4439 712 4512 maledictis
734 4443 826 4503 vicem
848 4437 983 4506 reddere.
1020 4460 1075 4503 nec
1096 4441 1218 4503 molesta
1234 4462 1266 4504 ea
1283 4443 1432 4505 vobisne
1482 4447 1487 4456 '

167 4575 279 4586 -----

157 4636 259 4693 ¹³scieas
278 4647 301 4694 1.
322 4643 427 4694 sentias
444 4623 513 4694 cerr·
532 4649 561 4692 n.
599 4642 619 4676 ¹⁵
639 4641 787 4710 Helvetiis]
809 4642 1058 4696 Swizertscormr.
1094 4643 1116 4677 ²⁸
1134 4645 1221 4696 millia
1239 4647 1264 4694 2.
1300 4641 1364 4694 'tea

98 4720 124 4765 Π.
141 4735 169 4770 ac
186 4727 206 4774 l.
508 4735 510 4740 ·
560 4727 562 4732 '
