3468 5512
481 433 517 468 ΙΣ
530 433 556 476 Q.
569 431 672 470 everto
685 431 792 470 ΗιΟΕΙΕ
807 433 922 470 ῦΙῐιΕῦἩ
936 433 988 468 m
1002 431 1161 470 ΗῊῚἜΠΙ.
1368 403 1441 474 503

436 589 477 648 Ex
501 589 610 659 Qvttttt
633 589 740 661 uvurtt
763 589 857 648 ttuttu
879 589 999 648 'lllll'llll
1022 590 1155 648 rtunES.

545 692 755 756 circumiectus,
778 709 828 766 pro
851 692 1053 750 circumiaccns.

197 845 204 858 .
243 780 306 842 lude
327 779 440 837 dillusos
463 777 650 836 circumiectos
673 778 744 851 rigat
766 793 886 852 campos.

515 863 615 918 Locum
640 863 739 924 lacere,
763 861 932 918 occasionem
955 861 1085 937 praebere.

133 989 138 1002 .
171 1009 175 1018 .
246 951 338 1023 ltaque
361 947 437 1006 color
459 947 517 1004 eius
539 946 644 1021 placido
668 946 733 1002 mari
757 945 853 1002 similis
876 947 964 1004 locum
987 956 1128 1022 poctarum
1152 949 1289 1006 memlacio
1313 950 1372 1006 lecit

750 1031 855 1087 Ultima.

243 1119 274 1176 lli
297 1137 327 1177 se
348 1118 477 1175 dederent
499 1117 575 1192 ipsos
598 1115 692 1174 ultime
714 1133 775 1172 esse
796 1133 936 1190 passuros.

624 1201 663 1260 Ad
685 1200 824 1264 ultimum.
846 1202 971 1276 denique.

244 1290 284 1346 dd
306 1287 429 1346 ultimum
452 1304 502 1362 pro
525 1286 575 1342 lide
597 1287 755 1344 morituros.

474 1447 476 1450 Ι
615 1370 829 1433 Circ'umsedere‚
852 1371 985 1435 obsidere.

245 1461 386 1520 Caeterum.
397 1465 427 1514 ut
437 1455 628 1514 circumsederi
640 1472 737 1518 arcem.
747 1464 776 1512 et
786 1456 874 1520 omnia
886 1456 937 1513 sihi
950 1457 1036 1514 indies
1048 1460 1164 1514 arctiora
1175 1459 1299 1515 viderunt
1310 1475 1378 1520 esse,
1393 1456 1443 1514 dc.

690 1543 800 1597 Arctum
823 1558 915 1614 supra.

690 1625 790 1682 ltetlere
812 1625 914 1683 urbem.

245 1713 387 1784 Sexaginta
409 1711 513 1768 dierum
544 1709 664 1768 inducias
691 1709 777 1784 pacti.
806 1718 836 1766 ut
864 1710 916 1767 nisi
947 1711 1016 1768 intra
1045 1730 1092 1768 eos
1120 1711 1248 1770 auxilium
1272 1713 1445 1788 llariusipsc
1540 1753 1545 1766 .

126 1799 296 1860 remisisset,
320 1797 448 1854 dederent
470 1795 573 1852 urliem.

478 1879 577 1937 Pacisci
601 1879 737 1940 inductas.
762 1880 891 1954 utrinque
913 1881 1016 1938 dicitur
1038 1898 1128 1956 supra.

627 1964 698 2020 lntra
720 1981 768 2020 eos
789 1963 856 2020 dies.
881 1983 971 2040 supra.

589 2048 748 2106 Permittere
770 2066 812 2111 se,
835 2067 885 2122 pru
907 2050 1015 2106 dedere.

245 2137 424 2210 Posteaquam
447 2133 514 2191 nihil
537 2133 598 2191 inde
628 2133 748 2207 presidii
777 2133 949 2199 mittebatur,
979 2136 1010 2192 ad
1040 2137 1221 2211 praestitutam
1250 2138 1320 2194 diem
1349 2139 1446 2211 permi-

123 2240 222 2282 rosere
245 2239 273 2277 se
297 2221 363 2295 regi.

726 2301 878 2358 imminens.

246 2393 379 2447 Caeterum
402 2387 553 2445 Alexandro
575 2388 718 2444 imminens
738 2387 772 2442 de
796 2386 874 2442 llario
896 2405 960 2444 cura
982 2398 1050 2446 erat.

665 2473 787 2545 Speciem
810 2471 941 2545 prebere.

246 2562 367 2636 Speciem
390 2557 486 2616 insula
507 2556 620 2631 pratea.
907 2535 943 2602 '0

517 2669 519 2674 ·
604 2640 738 2696 interlluit
759 2658 819 2698 cum
842 2643 1001 2699 accusativo.

248 2729 375 2786 Gordium
398 2745 495 2784 numen
518 2735 560 2783 est
582 2725 658 2790 urbi,
683 2743 763 2799 quam
786 2725 933 2799 Sangarius
956 2729 1040 2784 artinis
1064 2728 1202 2786 interfluit.

525 2810 713 2872 committere,
738 2827 787 2884 pro
809 2812 967 2884 contiguum
990 2813 1086 2870 iacere.

247 2902 282 2957 m
304 2901 353 2955 nisi
378 2906 457 2954 tenue
480 2896 623 2952 discrimen
646 2894 791 2960 obiiceret,
814 2897 910 2960 maria,
939 2915 999 2972 quae
1024 2916 1094 2954 nunc
1116 2900 1226 2962 din'dit,
1256 2903 1448 2958 committeret.

692 3061 742 3112 Ex
760 3061 917 3122 Qvau'rO.

767 3133 849 3188 llore.

248 3221 297 3289 um
310 3218 504 3295 triumphantis
516 3217 609 3290 magis.
623 3234 702 3291 quam
714 3217 867 3274 dimicantis
880 3237 963 3282 inore,
976 3238 1058 3277 curru
1073 3221 1196 3279 sublimis
1209 3223 1305 3278 inierat
1317 3222 1449 3297 praelium.

675 3302 816 3358 intendere
839 3303 939 3376 lugam.
1480 3311 1484 3320 '

249 3390 311 3448 llam
337 3407 384 3446 noc
407 3388 502 3444 eudem
525 3403 618 3443 omnes
642 3388 731 3458 lugam
756 3386 935 3444 intenderant.

127 3500 206 3539 ³³*
253 3509 288 3516 “
557 3551 606 3602 nx
624 3550 764 3600 olicino
784 3551 910 3612 ovium
927 3553 1059 3604 cvnrn.

652 3621 778 3678 Ludibrio
800 3641 955 3697 corporum.

252 3713 431 3787 virginesque
459 3719 486 3770 et
515 3707 652 3784 principes
676 3706 844 3764 luminatum
868 3716 961 3783 stupra
984 3727 1134 3785 perpessae.
1162 3729 1310 3786 corporum
1337 3711 1452 3768 ludibria

165 3800 308 3858 dellebant.
741 3789 876 3848 Recidere.

128 3904 157 3944 tu
254 3885 320 3940 teu
343 3879 472 3939 recidisse
494 3879 558 3948 itanu
583 3877 608 3932 in
632 3877 678 3934 irae
701 3875 850 3934 ministros.

632 4047 716 4103 llaior
738 4047 858 4120 praelecti
882 4049 988 4125 opibus.

251 4139 422 4213 Antipatrum
445 4149 559 4207 regnum
582 4131 721 4192 allectam,
744 4130 928 4208 maioremque
950 4153 1011 4192 csse
1032 4135 1153 4210 praelecti
1176 4135 1282 4209 opilius.

742 4219 880 4274 deserere.

130 4327 156 4366 ts
254 4309 345 4367 'titulo
369 4305 507 4380 Spartanae
529 4302 653 4359 uictoriae
676 4299 810 4362 inllatum.
835 4305 923 4361 omnio
946 4323 959 4361 a
983 4323 1012 4362 se
1033 4306 1093 4362 data
1117 4315 1281 4362 asserentem
1303 4305 1363 4361 sibi.

633 4383 799 4458 Cognatiuue
823 4393 990 4463 contingere.

250 4475 405 4536 luterlectis
433 4471 558 4531 orrtnilius
587 4469 742 4544 quicunque
766 4468 944 4531 Alexandrum
973 4475 1052 4532 etiam
1081 4475 1189 4554 lougius
1218 4495 1269 4552 qua
1291 4477 1455 4550 cogitatione

164 4567 347 4640 contigerant.
570 4555 728 4628 Luriginquu
750 4558 876 4627 cognatio
900 4578 991 4635 supra.
1050 4635 1052 4642 Ι
1160 4555 1164 4640 Ι
1318 4577 1410 4619 suuis.

166 4667 364 4680 —-....-.-.

233 4698 241 4733 ¹
256 4696 400 4748 Excurtio
410 4693 505 4744 Florus
520 4690 547 4737 in
562 4689 584 4735 1·
593 4683 816 4740 foll841·...104”.
824 4691 937 4756 inplent.
974 4694 1073 4744 *loram
1086 4695 1110 4744 si
1123 4695 1266 4745 adversum
1279 4693 1388 4744 omnino
1403 4693 1456 4742 lor·

164 4792 260 4839 tunam
273 4781 397 4838 heberet,
410 4785 433 4833 si
447 4788 665 4838 succumberent.
700 4781 722 4817 ²³
734 4785 801 4834 Post
812 4783 971 4842 sequentem
986 4778 1029 4830 hic
1044 4779 1177 4829 articulus
1189 4777 1373 4830 conlocandus
1387 4779 1456 4828 erut.

608 4884 639 4888 ---
650 4873 880 4892 ....-—-
