3382 5516
111 453 241 490 ltcuuttm
254 453 428 489 nauruountt
442 453 544 488 undaro
558 453 592 488 ota
606 453 794 488 uxrantrtottts
808 453 916 487 coatus
930 451 1035 488 TVBGAS
1050 452 1242 489 suscepturam.
1280 420 1353 492 255

79 613 269 674 defensionem,
297 619 413 668 vestram
442 625 521 685 opem
550 615 714 684 exposcunt:
742 609 828 682 agite,
859 607 1018 682 intelligite,
1047 608 1179 665 maiorum
1201 617 1353 666 aestrorum

79 696 116 767 (ut
136 698 234 770 sapius
256 697 289 752 de
311 695 344 752 iis
367 694 474 770 loquar)
503 711 547 750 res
575 694 706 768 praeclare
728 695 833 768 gestas!
863 693 933 748 tltbo
956 693 1072 768 primus,
1101 694 1445 756 bumanorumim-§.aa'

79 791 195 854 perator,
218 799 280 838 carn
297 779 451 853 berengarii
474 780 615 854 tyrannide
637 779 712 834 Italia
735 787 918 854 premeretur,
943 796 975 834 co
999 778 1078 834 simul
1101 796 1161 834 cum
1183 773 1239 834 lilio
1256 780 1354 836 iterum

79 865 215 938 profligato
237 865 426 922 ecclesiasticen
449 862 575 939 dignitati
598 883 628 922 ac
657 865 707 920 toti
729 863 812 921 Italiae
834 863 988 920 libertatem
1010 864 1144 927 restituit:
1172 863 1256 928 unde,
1286 866 1354 920 tanti

62 967 128 1006 anon
155 951 297 1006 immemor
324 950 427 1012 meriti,
457 949 570 1006 loannes
593 949 664 1006 .Illll.
685 950 815 1024 'pontiden
843 949 973 1004 maximus
1003 949 1135 1004 Othonem
1163 949 1355 1024 Imperatorem

78 1034 250 1092 fortissimum
270 1036 419 1093 Germaniae
441 1051 471 1091 ac
492 1035 651 1098 Pannoniae,
681 1033 814 1090 translato
836 1035 916 1090 ctiam
940 1034 1142 1090 ad·l}ermanos
1165 1033 1292 1109 imperio,
1323 1036 1355 1090 ti·

78 1119 136 1175 tulis
162 1121 311 1194 insignivit.
356 1121 425 1176 idem
455 1121 535 1176 etiam
565 1137 626 1177 cam
649 1119 754 1176 Othone
782 1119 852 1182 dlio,
884 1128 915 1174 ut
938 1118 1061 1175 loannem
1091 1119 1173 1174 .IllIIl.
1201 1118 1354 1193 pontificem

77 1206 211 1262 maximum
234 1205 269 1261 ab
290 1204 371 1262 exilio
393 1205 559 1267 vendicaret,
582 1223 642 1261 eum
666 1205 769 1277 ingenti
791 1205 910 1261 exercitu
933 1203 1035 1260 ltaliam
1059 1205 1198 1276 ingressus
1220 1209 1304 1260 estet
1321 1221 1421 1272 neta»,

77 1289 105 1344 ab
125 1307 217 1346 eorum
240 1290 370 1364 exemplis
391 1289 568 1353 discedamus,
591 1291 662 1347 litlro
685 1291 782 1346 tertius
796 1289 942 1345 Crescentii
967 1289 1133 1363 tyrannidem
1157 1289 1192 1344 ita
1215 1290 1354 1363 repressit,

53 1383 104 1430 irat
124 1375 284 1448 Gregorium
306 1373 476 1448 pontificem,
505 1376 552 1450 qni
576 1374 648 1430 illins
669 1375 791 1448 potentia
814 1384 923 1430 exactus
946 1375 1046 1436 luerat,
1074 1375 1107 1429 ad
1127 1373 1293 1456 pontificiam
1315 1375 1356 1430 di·

77 1460 199 1531 gnitatem
223 1460 389 1524 restituerit;
417 1461 488 1516 unde
511 1475 571 1516 cum
593 1459 689 1516 nullibi
712 1460 817 1532 imperii
841 1459 997 1532 magnitudo
1020 1478 1050 1516 ac
1073 1457 1172 1532 gloria,
1202 1475 1262 1532 quae
1283 1461 1354 1534 apud

78 1547 218 1601 Gennanos
241 1561 302 1600 esse
325 1545 475 1608 videretur,
499 1545 665 1600 sanctionem
690 1544 766 1608 tulit,
790 1553 820 1600 ut
843 1543 888 1600 ille
910 1545 1017 1602 caeteris
1040 1551 1170 1618 praeesset
1193 1545 1238 1616 qui
1254 1545 1353 1600 virtute

76 1637 100 1683 et
119 1645 208 1686 rerum
232 1638 372 1703 gestarum
394 1629 502 1703 luigero
525 1630 631 1686 canteris
662 1638 819 1705 praestaret,
851 1647 882 1685 ac
904 1637 935 1684 ut
957 1629 1134 1703 imposterum
1156 1626 1223 1684 solis
1245 1629 1353 1685 Germa·

77 1714 114 1768 nis
139 1713 234 1770 liceret
263 1714 365 1788 eligere
387 1715 434 1788 qui
456 1715 595 1770 Caesarei
617 1715 797 1770 llomauorum
819 1730 866 1770 rex
888 1712 1040 1787 appellatas
1062 1722 1119 1768 tum
1141 1713 1246 1769 demum
1270 1714 1354 1788 Impe-

51 1807 145 1853 urator
166 1806 193 1855 ct
216 1802 357 1873 Augustus
379 1798 548 1872 baberetur,¹
564 1799 587 1856 si
608 1817 669 1856 eum
692 1787 826 1856 Ilornanus
848 1799 970 1873 pontilet
992 1798 1186 1854 confirmasset.
1230 1798 1423 1872 Nunquidltt.

78 1883 224 1940 lotharium
255 1883 338 1940 semel
368 1893 450 1958 atque
478 1886 577 1940 iterum
606 1886 639 1940 ad
668 1884 831 1940 liberandam
861 1883 1000 1940 ecclesiam
1030 1884 1057 1938 in
1079 1882 1180 1938 ltaliam
1203 1884 1356 1957 prolectam

77 1966 190 2041 legistis?
213 1971 367 2045 Aquorum
383 1971 484 2026 virtute
500 1971 523 2026 si
545 1971 719 2046 degenerare
733 1987 787 2026 non
810 1967 904 2030 vultis,
928 1986 983 2024 non
1008 1976 1060 2023 tam
1084 1967 1261 2042 propulsandi
1277 1987 1356 2042 quam

77 2053 149 2108 etiam
171 2053 305 2110 inserendi
329 2052 392 2109 belli
414 2055 627 2128 reposcendiqne
650 2055 738 2110 ablata
760 2055 830 2110 ratio
853 2072 867 2108 a
890 2053 966 2108 vobis
989 2053 1104 2108 ineunda
1118 2061 1186 2114 test,
1216 2071 1275 2128 quae
1298 2055 1357 2128 qui·

76 2137 130 2193 dem
150 2138 222 2194 baud
247 2138 326 2195 aliter
348 2139 381 2194 ab
404 2140 602 2195 inrnrrrnissimis
626 2140 750 2196 hostibus
772 2157 804 2196 ac
826 2139 985 2211 sanguinem
1001 2147 1124 2194 nostrum
1141 2139 1297 2193 sitientibus
1312 2155 1357 2194 ex·

51 2224 194 2296 retorqueri
216 2233 358 2298 poterant,
388 2225 439 2280 nisi
468 2225 639 2282 sanctissIma
668 2225 716 2281 bac
740 2223 882 2279 universali
904 2223 1047 2278 corrccrdIa
1069 2223 1354 2296 praestantissimorum

80 2308 226 2382 principum
249 2317 407 2366 nostrorum
430 2309 511 2366 animi
533 2319 561 2366 et
583 2309 614 2365 nd
637 2311 749 2377 maxima
772 2309 826 2364 orti
856 2309 974 2364 larinora
996 2307 1111 2363 devincti
1134 2307 1259 2363 luissent.
1302 2307 1424 2365 Neara.

77 2394 191 2465 cuiquam
214 2393 329 2450 dubium
350 2395 399 2456 sit,
422 2395 445 2450 si
468 2395 609 2450 volueritis
618 2437 631 2456 ,Δ
648 2395 715 2450 velle
737 2395 808 2450 enim
832 2402 859 2448 ct
881 2410 932 2467 pro
953 2393 1088 2448 communi
1111 2393 1209 2448 tuenda
1231 2391 1357 2449 libertate

78 2483 102 2530 et
123 2495 171 2550 pro
193 2477 284 2550 gloria
306 2479 426 2542 debetis,
450 2479 516 2554 quin
538 2480 611 2536 lircvi
636 2497 728 2535 orienes
751 2480 895 2553 provinciae
919 2484 1008 2533 restro
1031 2477 1209 2534 subiiciuntur
1231 2478 1356 2551 Imperio.

78 2560 175 2618 l'irtute
204 2564 277 2620 enim
305 2581 334 2621 ac
365 2564 507 2624 clementia
537 2573 594 2626 tna.
623 2565 803 2621 sacratissime
826 2563 928 2626 Caesar,
960 2570 1090 2618 terrestre
1112 2563 1144 2618 ad
1166 2563 1281 2618 Pontum
1306 2564 1357 2618 iter

50 2661 120 2718 aper
139 2648 305 2704 Pannoniam
327 2657 355 2705 el
377 2649 535 2706 Sarmatiam
558 2657 680 2722 apertum
703 2658 759 2705 est:
783 2650 877 2705 barum
900 2647 1033 2721 mquidem
1056 2647 1254 2721 provinciarum
1277 2665 1356 2721 reges

79 2733 110 2784 ita
137 2732 185 2788 tibi
213 2742 243 2789 et
271 2735 476 2808 propinquitate
505 2743 533 2790 et
567 2735 747 2792 benivolentia
781 2735 960 2795 remansisti,
996 2741 1026 2789 nt
1053 2750 1107 2788 nain
1135 2733 1216 2788 modo
1243 2733 1353 2796 aditum,

76 2816 116 2870 sed
137 2817 218 2874 etiarn
248 2817 515 2876 bellicosissimarom
544 2820 664 2892 gentium
686 2820 783 2876 auxilia
812 2818 1043 2876 subministratum
1071 2818 1134 2872 sint.
1179 2818 1246 2873 addo
1273 2819 1425 2880 etiamaaa.

76 2899 151 2972 (quod
172 2903 206 2960 ad
227 2903 369 2960 victoriam
392 2905 564 2978 potissimum
586 2903 691 2980 attinet)
715 2914 771 2961 tota
801 2905 913 2966 Graecia,
943 2902 1006 2977 pars
1028 2902 1189 2960 llaccduniae
1212 2912 1238 2958 et
1262 2921 1357 2977 magna

77 3002 133 3056 pars
153 2985 226 3061 Ilpiri
258 2987 308 3043 sub
335 2999 430 3047 nostra
458 2990 545 3046 adbuc
566 2989 656 3046 vivunt
678 2990 744 3054 lide,
773 2999 854 3047 crant
879 2990 945 3056 deos
977 2987 1143 3044 immortales
1165 2989 1357 3061 (acerbissimis

50 3071 141 3126 atenim
161 3081 324 3146 premuntur
346 3074 541 3147 vectigalibus,
564 3083 591 3130 et
613 3076 695 3150 impie
717 3074 888 3147 tractantur).
912 3073 1108 3148 utaliquando
1132 3090 1183 3147 ope
1206 3081 1293 3130 restra
1316 3081 1357 3130 at·

77 3171 123 3226 quo
137 3157 238 3213 auxilio
255 3167 308 3214 tam
330 3176 411 3231 gravo
434 3161 574 3216 servitutis
596 3161 690 3232 iugum
713 3163 858 3217 excutiant.
903 3159 1012 3215 Asiatici
1036 3158 1129 3232 propoli
1146 3158 1267 3214 imbelles
1283 3167 1355 3220 sunt,

76 3239 148 3296 citius
171 3242 317 3300 viricuntur
339 3260 419 3317 quarn
442 3244 542 3300 bellum
565 3247 691 3322 sentiant.
734 3245 802 3302 lllud
825 3263 893 3318 crgo
917 3245 1014 3299 vestris
1036 3244 1158 3300 insedeat
1179 3245 1291 3306 aniciis,
1315 3244 1423 3304 iar-aar.

78 3323 182 3389 lmreat,
211 3326 324 3384 infixum
353 3329 404 3390 sit,
433 3327 502 3386 nibil
529 3331 562 3386 ad
589 3348 766 3388 communem·
786 3331 939 3386 libertatem
968 3328 1094 3384 tuendam
1122 3337 1149 3383 et
1179 3329 1211 3384 ad
1241 3337 1355 3384 vestram

78 3408 252 3468 immortalem
273 3411 388 3490 gloriam
412 3414 609 3471 conducibilius
639 3417 711 3478 lore,
741 3416 873 3490 quamsi
901 3421 995 3488 pacata
1023 3413 1175 3470 animorum
1202 3413 1298 3468 invidia
1326 3431 1357 3468 ac

50 3495 178 3564 asperitas
200 3495 303 3554 abolita
325 3499 358 3554 ad
380 3498 544 3574 amplissima
567 3500 611 3556 illa
634 3518 716 3575 regna
739 3503 856 3558 animum
880 3497 1055 3572 appuleritis:
1086 3498 1130 3552 liic
1156 3497 1227 3553 enim
1255 3499 1288 3554 de
1310 3516 1357 3552 an·

78 3582 158 3648 gustis
180 3581 294 3645 linibus.
325 3581 379 3640 illie
401 3584 435 3640 de
457 3585 561 3658 maguis
583 3585 711 3650 urbibus,
735 3585 778 3642 bic
800 3587 833 3643 dc
856 3584 972 3659 oppidis,
997 3583 1052 3637 illic
1073 3583 1106 3638 de
1130 3583 1235 3655 regnis,
1260 3583 1301 3638 bic
1323 3583 1356 3639 de

80 3743 116 3750 ᾳ-
136 3749 266 3758 -----,

137 3851 223 3910 §.de
245 3851 310 3900 Otto
324 3851 344 3901 I.
360 3853 458 3902 iterum
476 3853 587 3905 devicto
598 3853 769 3920 Berangnrio
787 3855 822 3905 11.
837 3855 927 3905 Italiae
940 3869 1005 3918 rege
1019 3853 1063 3903 die
1076 3853 1100 3902 2.
1110 3855 1196 3922 ¹Febr.
1210 3853 1300 3904 abba.
1312 3869 1355 3905 eo·

77 3945 163 3984 ranem
182 3935 356 4001 imperialem
381 3953 414 3988 ex
431 3939 545 3988 Ioannis
561 3939 623 3988 XII.
637 3940 668 3989 P.
676 3941 712 3991 M.
730 3941 857 3990 manibus
881 3941 1004 4006 accepit,
1027 3957 1060 3990 ox
1079 3921 1270 4006 quo'lemporn
1290 3941 1355 3990 Ger·

78 4031 209 4071 manorum
229 4035 309 4086 regas
328 4021 488 4073 Occidentis
505 4023 686 4091 imperatores
705 4026 774 4075 facti
793 4030 864 4074 sunt.
894 4027 1011 4076 Ineunte
1025 4041 1049 4076 a.
1063 4025 1124 4075 ilbi.
1135 4025 1201 4077 Otto
1215 4027 1236 4076 I.
1256 4026 1291 4076 ab
1305 4028 1350 4076 Ro·

77 4105 158 4154 manis
176 4101 319 4172 expulsum
336 4121 437 4172 papam
449 4109 581 4158 Ioannem
594 4109 671 4159 XIII.
684 4110 820 4172 restituit,
847 4127 863 4160 a
881 4125 934 4176 quo
953 4111 1046 4161 eodem
1065 4124 1137 4160 anno
1156 4117 1273 4162 exeunte
1291 4113 1357 4163 Otto

78 4185 253 4240 ILcoronam
265 4189 436 4257 imperialem
450 4193 569 4258 accepit.
583 4193 699 4244 Moritur
711 4193 775 4246 Otto
789 4196 810 4245 1.
826 4211 850 4246 a.
864 4193 923 4246 973.
959 4195 1229 4262 primusRo.Imp.1.
1264 4196 1356 4258 ⁸fiuo]

78 4270 393 4339 berengariddalberto.
420 4273 610 4328 *Iohannesz
630 4275 852 4344 xunpmmom.
882 4279 1087 4331 ⁷1ohannerna.
1107 4279 1355 4348 x1111.]inunoXIII.
1384 4295 1387 4300 ·

78 4353 151 4416 §.ddi
159 4359 201 4408 De
212 4359 337 4410 bIstoriis
347 4361 405 4412 sire
416 4361 518 4412 fabulis
530 4361 607 4412 bisce
618 4363 653 4412 cl,
662 4378 722 4427 quae
737 4363 771 4414 ad
779 4363 895 4415 Carmen
909 4365 1121 4416 exhortatorium
1136 4383 1161 4417 a.
1170 4365 1243 4416 1510.
1252 4369 1281 4417 in
1294 4383 1356 4418 con·

79 4438 136 4489 cilio
148 4441 316 4508 Angusteusi
333 4447 479 4512 scrIptum,
499 4446 552 4498 vol.
564 4447 616 4496 111.
634 4447 828 4512 exhibendum,
849 4439 1056 4515 adnotavimus,
1077 4451 1112 4501 ad
1130 4467 1225 4503 versas
1242 4453 1283 4502 24.
1296 4469 1355 4518 sqq.

78 4520 98 4554 ¹⁸
115 4525 260 4592 Gregorirna
276 4529 308 4578 V.
315 4529 346 4578 P.
353 4531 391 4581 M.
429 4529 450 4564 ¹¹
461 4529 613 4597 sanctione]
623 4534 692 4596 fabo
705 4535 827 4582 creditam
839 4533 875 4596 cs.
888 4536 975 4585 adnot.
989 4541 1031 4586 ctt.
1069 4535 1089 4569 ¹⁵
1103 4538 1132 4587 in
1144 4541 1246 4602 poam·
1265 4538 1318 4588 soli
1330 4542 1356 4587 2.

80 4605 98 4638 ¹⁸
114 4608 259 4662 munina
268 4613 306 4664 11.
319 4615 470 4680 Mngunliae
489 4632 515 4667 a.
525 4615 599 4666 1125.
613 4632 659 4666 rex
673 4615 764 4668 Germ.
779 4617 886 4668 clectus
899 4632 926 4669 a.
935 4619 1007 4671 1133.
1016 4620 1050 4671 ab
1063 4622 1215 4673 Innocente
1228 4623 1265 4672 II.
1279 4623 1311 4672 Ρ.
1319 4623 1356 4672 Μ.

79 4698 136 4755 post
150 4697 301 4762 praestitum
319 4713 399 4764 papae
417 4701 620 4750 iusiurandum
639 4701 819 4766 imperatorio
837 4717 938 4754 corona
956 4703 1081 4768 donatus,
1099 4704 1237 4770 areatat.
1274 4703 1295 4738 ²⁸
1308 4721 1356 4771 pro

79 4781 157 4828 emt.
191 4779 214 4812 ²⁸
232 4781 317 4864 IIpyrl
330 4786 353 4832 1.
389 4780 410 4815 ⁸¹
428 4783 584 4836 insident&
