<?xml version="1.0" encoding="UTF-8"?>
<!DOCTYPE html PUBLIC "-//W3C//DTD XHTML 1.0 Transitional//EN"
    "http://www.w3.org/TR/xhtml1/DTD/xhtml1-transitional.dtd">
<html xmlns="http://www.w3.org/1999/xhtml" xml:lang="en" lang="en">
 <head>
  <title>
</title>
<meta http-equiv="Content-Type" content="text/html;charset=utf-8" />
  <meta name='ocr-system' content='tesseract 3.04.00' />
  <meta name='ocr-capabilities' content='ocr_page ocr_carea ocr_par ocr_line ocrx_word'/>
</head>
<body>
  <div class='ocr_page' id='page_1' title='image "./ulrichihuttenie12huttgoog_0158.png"; bbox 0 0 3426 5534; ppageno 0'>
   <div class='ocr_carea' id='block_1_1' title="bbox 138 373 1382 446">
    <p class='ocr_par' dir='ltr' id='par_1_1' title="bbox 138 373 1382 446">
     <span class='ocr_line' id='line_1_1' title="bbox 138 373 1382 446; baseline -0.001 -6"><span class='ocrx_word' id='word_1_1' title='bbox 138 401 328 442; x_wconf 71' lang='lat' dir='ltr'><strong>uxttttnrtttt</strong></span> <span class='ocrx_word' id='word_1_2' title='bbox 341 403 398 440; x_wconf 78' lang='lat' dir='ltr'><strong>llss&#39;.</strong></span> <span class='ocrx_word' id='word_1_3' title='bbox 408 403 445 438; x_wconf 74' lang='lat' dir='ltr'><strong>tm</strong></span> <span class='ocrx_word' id='word_1_4' title='bbox 457 401 570 438; x_wconf 71' lang='lat' dir='ltr'><strong>HOlffll</strong></span> <span class='ocrx_word' id='word_1_5' title='bbox 582 403 608 438; x_wconf 76' lang='grc' dir='ltr'><strong>Χ.</strong></span> <span class='ocrx_word' id='word_1_6' title='bbox 619 403 643 438; x_wconf 82' lang='grc' dir='ltr'><strong>Ρ.</strong></span> <span class='ocrx_word' id='word_1_7' title='bbox 656 403 685 438; x_wconf 76' lang='grc' dir='ltr'><strong>Ι.</strong></span> <span class='ocrx_word' id='word_1_8' title='bbox 697 403 824 438; x_wconf 67' lang='grc' dir='ltr'>Μ’ΠΙΒΕ</span> <span class='ocrx_word' id='word_1_9' title='bbox 836 403 871 438; x_wconf 74' lang='lat' dir='ltr'><strong>DE</strong></span> <span class='ocrx_word' id='word_1_10' title='bbox 884 402 974 439; x_wconf 74' lang='lat' dir='ltr'><strong>‘rvnct</strong></span> <span class='ocrx_word' id='word_1_11' title='bbox 986 401 1178 438; x_wconf 68' lang='lat' dir='ltr'><strong>nantonense.</strong></span> <span class='ocrx_word' id='word_1_12' title='bbox 1188 401 1215 438; x_wconf 74' lang='grc' dir='ltr'><strong>Δ.</strong></span> <span class='ocrx_word' id='word_1_13' title='bbox 1225 397 1285 440; x_wconf 71' lang='grc'><strong>1517.</strong></span> <span class='ocrx_word' id='word_1_14' title='bbox 1315 373 1382 446; x_wconf 68' lang='grc'><strong>141</strong></span> 
     </span>
    </p>
   </div>
   <div class='ocr_carea' id='block_1_2' title="bbox 192 537 1541 636">
    <p class='ocr_par' dir='ltr' id='par_1_2' title="bbox 192 537 1541 636">
     <span class='ocr_line' id='line_1_2' title="bbox 192 537 1541 636; baseline 0.001 -17"><span class='ocrx_word' id='word_1_15' title='bbox 192 563 250 619; x_wconf 85' lang='lat' dir='ltr'><strong>Non</strong></span> <span class='ocrx_word' id='word_1_16' title='bbox 273 562 379 620; x_wconf 86' lang='lat' dir='ltr'><strong>laboret</strong></span> <span class='ocrx_word' id='word_1_17' title='bbox 401 563 429 618; x_wconf 88' lang='lat' dir='ltr'><strong>in</strong></span> <span class='ocrx_word' id='word_1_18' title='bbox 450 561 530 618; x_wconf 76' lang='lat' dir='ltr'><strong>uobis</strong></span> <span class='ocrx_word' id='word_1_19' title='bbox 551 571 643 636; x_wconf 86' lang='lat' dir='ltr'><strong>rtaqae</strong></span> <span class='ocrx_word' id='word_1_20' title='bbox 665 537 793 618; x_wconf 84' lang='lat' dir='ltr'><strong>sanctitas</strong></span> <span class='ocrx_word' id='word_1_21' title='bbox 815 569 917 626; x_wconf 83' lang='lat' dir='ltr'><strong>vestra,</strong></span> <span class='ocrx_word' id='word_1_22' title='bbox 941 575 987 632; x_wconf 78' lang='lat' dir='ltr'><strong>qur</strong></span> <span class='ocrx_word' id='word_1_23' title='bbox 1008 568 1139 628; x_wconf 84' lang='lat' dir='ltr'><strong>ateuens</strong></span> <span class='ocrx_word' id='word_1_24' title='bbox 1154 561 1245 624; x_wconf 87' lang='lat' dir='ltr'><strong>annis,</strong></span> <span class='ocrx_word' id='word_1_25' title='bbox 1268 578 1328 620; x_wconf 90' lang='lat' dir='ltr'><strong>cum</strong></span> <span class='ocrx_word' id='word_1_26' title='bbox 1343 563 1389 620; x_wconf 88' lang='lat' dir='ltr'><strong>ad·</strong></span> <span class='ocrx_word' id='word_1_27' title='bbox 1402 556 1432 602; x_wconf 91' lang='lat'><strong>¹¹¹·</strong></span> <span class='ocrx_word' id='word_1_28' title='bbox 1531 585 1541 602; x_wconf 76' lang='lat'><strong>,</strong></span> 
     </span>
    </p>
   </div>
   <div class='ocr_carea' id='block_1_3' title="bbox 65 639 1474 2526">
    <p class='ocr_par' dir='ltr' id='par_1_3' title="bbox 65 639 1474 2504">
     <span class='ocr_line' id='line_1_3' title="bbox 103 639 1389 722; baseline 0.002 -18"><span class='ocrx_word' id='word_1_29' title='bbox 103 650 157 705; x_wconf 87' lang='lat' dir='ltr'><strong>huc</strong></span> <span class='ocrx_word' id='word_1_30' title='bbox 182 649 248 722; x_wconf 87' lang='lat' dir='ltr'><strong>qurd</strong></span> <span class='ocrx_word' id='word_1_31' title='bbox 270 646 434 704; x_wconf 81' lang='lat' dir='ltr'><strong>essetbella</strong></span> <span class='ocrx_word' id='word_1_32' title='bbox 456 663 552 719; x_wconf 88' lang='lat' dir='ltr'><strong>gerere</strong></span> <span class='ocrx_word' id='word_1_33' title='bbox 573 663 622 721; x_wconf 89' lang='lat' dir='ltr'><strong>per</strong></span> <span class='ocrx_word' id='word_1_34' title='bbox 644 655 750 720; x_wconf 83' lang='lat' dir='ltr'><strong>aetatem</strong></span> <span class='ocrx_word' id='word_1_35' title='bbox 772 639 949 706; x_wconf 79' lang='lat' dir='ltr'><strong>nesciremus.</strong></span> <span class='ocrx_word' id='word_1_36' title='bbox 972 661 1033 702; x_wconf 88' lang='lat' dir='ltr'><strong>com</strong></span> <span class='ocrx_word' id='word_1_37' title='bbox 1054 655 1143 704; x_wconf 88' lang='lat' dir='ltr'><strong>tamen</strong></span> <span class='ocrx_word' id='word_1_38' title='bbox 1157 643 1312 704; x_wconf 79' lang='lat' dir='ltr'><strong>audiremus</strong></span> <span class='ocrx_word' id='word_1_39' title='bbox 1328 663 1389 706; x_wconf 87' lang='lat' dir='ltr'><strong>esse</strong></span> 
     </span>
     <span class='ocr_line' id='line_1_4' title="bbox 102 722 1388 810; baseline 0.002 -21"><span class='ocrx_word' id='word_1_40' title='bbox 102 735 227 798; x_wconf 81' lang='lat' dir='ltr'><strong>Tureas,</strong></span> <span class='ocrx_word' id='word_1_41' title='bbox 251 733 299 810; x_wconf 81' lang='lat' dir='ltr'><strong>qui</strong></span> <span class='ocrx_word' id='word_1_42' title='bbox 313 731 419 794; x_wconf 85' lang='lat' dir='ltr'><strong>¹Christi</strong></span> <span class='ocrx_word' id='word_1_43' title='bbox 442 732 602 804; x_wconf 79' lang='lat' dir='ltr'><strong>religionem</strong></span> <span class='ocrx_word' id='word_1_44' title='bbox 625 731 814 805; x_wconf 87' lang='lat' dir='ltr'><strong>negligerent,</strong></span> <span class='ocrx_word' id='word_1_45' title='bbox 837 725 971 791; x_wconf 87' lang='lat' dir='ltr'><strong>odissent,</strong></span> <span class='ocrx_word' id='word_1_46' title='bbox 994 722 1254 803; x_wconf 51' lang='lat' dir='ltr'><strong>persequerenturs</strong></span> <span class='ocrx_word' id='word_1_47' title='bbox 1268 749 1316 789; x_wconf 90' lang='lat' dir='ltr'><strong>eos</strong></span> <span class='ocrx_word' id='word_1_48' title='bbox 1338 739 1388 808; x_wconf 88' lang='lat' dir='ltr'><strong>p&#39;o·</strong></span> 
     </span>
     <span class='ocr_line' id='line_1_5' title="bbox 103 814 1388 892; baseline 0 -18"><span class='ocrx_word' id='word_1_49' title='bbox 103 819 242 878; x_wconf 74' lang='lat' dir='ltr'><strong>tissimum</strong></span> <span class='ocrx_word' id='word_1_50' title='bbox 263 835 324 886; x_wconf 79' lang='lat' dir='ltr'><strong>caui</strong></span> <span class='ocrx_word' id='word_1_51' title='bbox 348 815 465 892; x_wconf 90' lang='lat' dir='ltr'><strong>primum</strong></span> <span class='ocrx_word' id='word_1_52' title='bbox 487 816 624 879; x_wconf 88' lang='lat' dir='ltr'><strong>licuisset,</strong></span> <span class='ocrx_word' id='word_1_53' title='bbox 653 816 783 874; x_wconf 77' lang='lat' dir='ltr'>radicitus</span> <span class='ocrx_word' id='word_1_54' title='bbox 805 823 926 872; x_wconf 85' lang='lat' dir='ltr'><strong>evertere</strong></span> <span class='ocrx_word' id='word_1_55' title='bbox 948 814 1122 888; x_wconf 88' lang='lat' dir='ltr'><strong>optabamas;</strong></span> <span class='ocrx_word' id='word_1_56' title='bbox 1151 831 1207 871; x_wconf 89' lang='lat' dir='ltr'><strong>nou</strong></span> <span class='ocrx_word' id='word_1_57' title='bbox 1232 815 1339 874; x_wconf 90' lang='lat' dir='ltr'><strong>laboret</strong></span> <span class='ocrx_word' id='word_1_58' title='bbox 1359 819 1388 874; x_wconf 85' lang='lat' dir='ltr'><strong>in</strong></span> 
     </span>
     <span class='ocr_line' id='line_1_6' title="bbox 76 899 1390 976; baseline -0.001 -17"><span class='ocrx_word' id='word_1_59' title='bbox 76 904 204 966; x_wconf 65' lang='lat' dir='ltr'><strong>euobis,</strong></span> <span class='ocrx_word' id='word_1_60' title='bbox 217 901 278 976; x_wconf 73' lang='lat' dir='ltr'><strong>vqni</strong></span> <span class='ocrx_word' id='word_1_61' title='bbox 296 901 341 958; x_wconf 89' lang='lat' dir='ltr'><strong>abi</strong></span> <span class='ocrx_word' id='word_1_62' title='bbox 364 901 528 958; x_wconf 74' lang='lat' dir='ltr'>adolevimus</span> <span class='ocrx_word' id='word_1_63' title='bbox 549 911 578 957; x_wconf 89' lang='lat' dir='ltr'><strong>et</strong></span> <span class='ocrx_word' id='word_1_64' title='bbox 599 901 743 958; x_wconf 87' lang='lat' dir='ltr'><strong>militarem</strong></span> <span class='ocrx_word' id='word_1_65' title='bbox 766 910 850 957; x_wconf 90' lang='lat' dir='ltr'><strong>artem</strong></span> <span class='ocrx_word' id='word_1_66' title='bbox 872 899 1025 962; x_wconf 89' lang='lat' dir='ltr'><strong>didicimus,</strong></span> <span class='ocrx_word' id='word_1_67' title='bbox 1055 915 1110 954; x_wconf 89' lang='lat' dir='ltr'><strong>non</strong></span> <span class='ocrx_word' id='word_1_68' title='bbox 1132 917 1190 956; x_wconf 88' lang='lat' dir='ltr'><strong>eam</strong></span> <span class='ocrx_word' id='word_1_69' title='bbox 1212 903 1282 958; x_wconf 90' lang='lat' dir='ltr'><strong>scire</strong></span> <span class='ocrx_word' id='word_1_70' title='bbox 1304 902 1390 960; x_wconf 83' lang='lat' dir='ltr'><strong>voltu·</strong></span> 
     </span>
     <span class='ocr_line' id='line_1_7' title="bbox 101 983 1389 1062; baseline 0 -18"><span class='ocrx_word' id='word_1_71' title='bbox 101 1007 167 1044; x_wconf 90' lang='lat' dir='ltr'><strong>mus</strong></span> <span class='ocrx_word' id='word_1_72' title='bbox 192 987 225 1044; x_wconf 89' lang='lat' dir='ltr'><strong>ad</strong></span> <span class='ocrx_word' id='word_1_73' title='bbox 252 986 465 1043; x_wconf 88' lang='lat' dir='ltr'><strong>Christianorum</strong></span> <span class='ocrx_word' id='word_1_74' title='bbox 492 987 614 1044; x_wconf 89' lang='lat' dir='ltr'><strong>civitates</strong></span> <span class='ocrx_word' id='word_1_75' title='bbox 642 987 827 1062; x_wconf 82' lang='lat' dir='ltr'><strong>oeeupaudas,</strong></span> <span class='ocrx_word' id='word_1_76' title='bbox 855 985 902 1040; x_wconf 91' lang='lat' dir='ltr'><strong>sed</strong></span> <span class='ocrx_word' id='word_1_77' title='bbox 929 983 1021 1058; x_wconf 91' lang='lat' dir='ltr'><strong>potius</strong></span> <span class='ocrx_word' id='word_1_78' title='bbox 1049 985 1081 1040; x_wconf 92' lang='lat' dir='ltr'><strong>ad</strong></span> <span class='ocrx_word' id='word_1_79' title='bbox 1109 1001 1154 1040; x_wconf 85' lang='lat' dir='ltr'><strong>eas</strong></span> <span class='ocrx_word' id='word_1_80' title='bbox 1182 986 1389 1044; x_wconf 87' lang='lat' dir='ltr'><strong>vindicandase</strong></span> 
     </span>
     <span class='ocr_line' id='line_1_8' title="bbox 101 1069 1390 1146; baseline -0.002 -16"><span class='ocrx_word' id='word_1_81' title='bbox 101 1072 233 1132; x_wconf 86' lang='lat' dir='ltr'><strong>manibus</strong></span> <span class='ocrx_word' id='word_1_82' title='bbox 256 1081 449 1146; x_wconf 75' lang='lat' dir='ltr'><strong>tyrannorum,</strong></span> <span class='ocrx_word' id='word_1_83' title='bbox 473 1088 527 1128; x_wconf 90' lang='lat' dir='ltr'><strong>uon</strong></span> <span class='ocrx_word' id='word_1_84' title='bbox 549 1072 583 1128; x_wconf 86' lang='lat' dir='ltr'><strong>ad</strong></span> <span class='ocrx_word' id='word_1_85' title='bbox 604 1071 671 1130; x_wconf 84' lang='lat' dir='ltr'><strong>lines</strong></span> <span class='ocrx_word' id='word_1_86' title='bbox 693 1071 862 1132; x_wconf 82' lang='lat' dir='ltr'><strong>adimendus,</strong></span> <span class='ocrx_word' id='word_1_87' title='bbox 886 1069 933 1125; x_wconf 91' lang='lat' dir='ltr'><strong>sed</strong></span> <span class='ocrx_word' id='word_1_88' title='bbox 955 1069 1085 1130; x_wconf 67' lang='lat' dir='ltr'><strong>tuendos,</strong></span> <span class='ocrx_word' id='word_1_89' title='bbox 1108 1086 1162 1125; x_wconf 92' lang='lat' dir='ltr'><strong>non</strong></span> <span class='ocrx_word' id='word_1_90' title='bbox 1186 1071 1218 1126; x_wconf 89' lang='lat' dir='ltr'><strong>ad</strong></span> <span class='ocrx_word' id='word_1_91' title='bbox 1234 1088 1327 1128; x_wconf 90' lang='lat' dir='ltr'><strong>eorum</strong></span> <span class='ocrx_word' id='word_1_92' title='bbox 1344 1069 1390 1129; x_wconf 85' lang='lat' dir='ltr'><strong>de·</strong></span> 
     </span>
     <span class='ocr_line' id='line_1_9' title="bbox 99 1153 1388 1230; baseline 0 -18"><span class='ocrx_word' id='word_1_93' title='bbox 99 1159 208 1224; x_wconf 76' lang='lat' dir='ltr'><strong>alecus,</strong></span> <span class='ocrx_word' id='word_1_94' title='bbox 230 1157 277 1213; x_wconf 91' lang='lat' dir='ltr'><strong>sed</strong></span> <span class='ocrx_word' id='word_1_95' title='bbox 300 1155 419 1218; x_wconf 88' lang='lat' dir='ltr'><strong>laudem,</strong></span> <span class='ocrx_word' id='word_1_96' title='bbox 442 1161 498 1212; x_wconf 84' lang='lat' dir='ltr'><strong>adn</strong></span> <span class='ocrx_word' id='word_1_97' title='bbox 520 1156 552 1213; x_wconf 88' lang='lat' dir='ltr'><strong>ad</strong></span> <span class='ocrx_word' id='word_1_98' title='bbox 574 1157 721 1230; x_wconf 90' lang='lat' dir='ltr'><strong>perniciem</strong></span> <span class='ocrx_word' id='word_1_99' title='bbox 742 1157 873 1229; x_wconf 87' lang='lat' dir='ltr'><strong>denique,</strong></span> <span class='ocrx_word' id='word_1_100' title='bbox 895 1154 943 1210; x_wconf 90' lang='lat' dir='ltr'><strong>sed</strong></span> <span class='ocrx_word' id='word_1_101' title='bbox 964 1155 996 1209; x_wconf 90' lang='lat' dir='ltr'><strong>ad</strong></span> <span class='ocrx_word' id='word_1_102' title='bbox 1011 1153 1177 1210; x_wconf 78' lang='lat' dir='ltr'><strong>custodiam:</strong></span> <span class='ocrx_word' id='word_1_103' title='bbox 1199 1155 1334 1230; x_wconf 87' lang='lat' dir='ltr'><strong>huiusque</strong></span> <span class='ocrx_word' id='word_1_104' title='bbox 1350 1158 1388 1213; x_wconf 87' lang='lat' dir='ltr'><strong>rei</strong></span> 
     </span>
     <span class='ocr_line' id='line_1_10' title="bbox 102 1237 1388 1315; baseline 0.002 -18"><span class='ocrx_word' id='word_1_105' title='bbox 102 1251 195 1298; x_wconf 86' lang='lat' dir='ltr'><strong>testes</strong></span> <span class='ocrx_word' id='word_1_106' title='bbox 217 1249 299 1298; x_wconf 89' lang='lat' dir='ltr'><strong>erunt</strong></span> <span class='ocrx_word' id='word_1_107' title='bbox 319 1249 419 1298; x_wconf 85' lang='lat' dir='ltr'><strong>cuncta</strong></span> <span class='ocrx_word' id='word_1_108' title='bbox 436 1240 507 1298; x_wconf 91' lang='lat' dir='ltr'><strong>bella</strong></span> <span class='ocrx_word' id='word_1_109' title='bbox 530 1258 590 1314; x_wconf 83' lang='lat' dir='ltr'><strong>quaa</strong></span> <span class='ocrx_word' id='word_1_110' title='bbox 612 1243 761 1315; x_wconf 88' lang='lat' dir='ltr'><strong>gessimus,</strong></span> <span class='ocrx_word' id='word_1_111' title='bbox 784 1257 892 1314; x_wconf 79' lang='lat' dir='ltr'><strong>semper</strong></span> <span class='ocrx_word' id='word_1_112' title='bbox 912 1239 1003 1303; x_wconf 87' lang='lat' dir='ltr'><strong>iuviti,</strong></span> <span class='ocrx_word' id='word_1_113' title='bbox 1031 1253 1137 1312; x_wconf 89' lang='lat' dir='ltr'><strong>semper</strong></span> <span class='ocrx_word' id='word_1_114' title='bbox 1157 1237 1288 1303; x_wconf 89' lang='lat' dir='ltr'><strong>lacessiti,</strong></span> <span class='ocrx_word' id='word_1_115' title='bbox 1318 1259 1388 1299; x_wconf 90' lang='lat' dir='ltr'><strong>sem·</strong></span> 
     </span>
     <span class='ocr_line' id='line_1_11' title="bbox 69 1314 1388 1400; baseline -0.002 -14"><span class='ocrx_word' id='word_1_116' title='bbox 69 1345 157 1400; x_wconf 83' lang='lat' dir='ltr'><strong>roper</strong></span> <span class='ocrx_word' id='word_1_117' title='bbox 180 1314 277 1383; x_wconf 78' lang='lat' dir='ltr'><strong>eoacti.</strong></span> <span class='ocrx_word' id='word_1_118' title='bbox 320 1325 354 1382; x_wconf 80' lang='lat' dir='ltr'><strong>Et</strong></span> <span class='ocrx_word' id='word_1_119' title='bbox 375 1342 448 1384; x_wconf 85' lang='lat' dir='ltr'><strong>nunc</strong></span> <span class='ocrx_word' id='word_1_120' title='bbox 467 1343 528 1384; x_wconf 86' lang='lat' dir='ltr'><strong>eum</strong></span> <span class='ocrx_word' id='word_1_121' title='bbox 555 1327 704 1383; x_wconf 89' lang='lat' dir='ltr'><strong>videremus</strong></span> <span class='ocrx_word' id='word_1_122' title='bbox 733 1325 926 1383; x_wconf 89' lang='lat' dir='ltr'><strong>beatitudinem</strong></span> <span class='ocrx_word' id='word_1_123' title='bbox 953 1333 1067 1380; x_wconf 88' lang='lat' dir='ltr'><strong>vestram</strong></span> <span class='ocrx_word' id='word_1_124' title='bbox 1096 1332 1139 1378; x_wconf 90' lang='lat' dir='ltr'><strong>tot</strong></span> <span class='ocrx_word' id='word_1_125' title='bbox 1164 1326 1388 1398; x_wconf 77' lang='lat' dir='ltr'><strong>persuasionibus</strong></span> 
     </span>
     <span class='ocr_line' id='line_1_12' title="bbox 100 1407 1388 1486; baseline 0.001 -20"><span class='ocrx_word' id='word_1_126' title='bbox 100 1431 157 1468; x_wconf 89' lang='lat' dir='ltr'><strong>nos</strong></span> <span class='ocrx_word' id='word_1_127' title='bbox 181 1411 215 1468; x_wconf 85' lang='lat' dir='ltr'><strong>ad</strong></span> <span class='ocrx_word' id='word_1_128' title='bbox 244 1427 336 1486; x_wconf 86' lang='lat' dir='ltr'><strong>pacem</strong></span> <span class='ocrx_word' id='word_1_129' title='bbox 364 1419 392 1468; x_wconf 89' lang='lat' dir='ltr'><strong>et</strong></span> <span class='ocrx_word' id='word_1_130' title='bbox 418 1411 590 1468; x_wconf 88' lang='lat' dir='ltr'><strong>concordiam</strong></span> <span class='ocrx_word' id='word_1_131' title='bbox 612 1412 751 1470; x_wconf 89' lang='lat' dir='ltr'><strong>cohortari</strong></span> <span class='ocrx_word' id='word_1_132' title='bbox 774 1419 801 1466; x_wconf 91' lang='lat' dir='ltr'><strong>et</strong></span> <span class='ocrx_word' id='word_1_133' title='bbox 827 1411 864 1465; x_wconf 89' lang='lat' dir='ltr'><strong>ita</strong></span> <span class='ocrx_word' id='word_1_134' title='bbox 890 1408 971 1472; x_wconf 85' lang='lat' dir='ltr'><strong>velle.</strong></span> <span class='ocrx_word' id='word_1_135' title='bbox 1000 1426 1050 1484; x_wconf 92' lang='lat' dir='ltr'><strong>pro</strong></span> <span class='ocrx_word' id='word_1_136' title='bbox 1078 1407 1151 1465; x_wconf 89' lang='lat' dir='ltr'><strong>bono</strong></span> <span class='ocrx_word' id='word_1_137' title='bbox 1179 1409 1388 1468; x_wconf 71' lang='lat' dir='ltr'><strong>Christianitatis</strong></span> 
     </span>
     <span class='ocr_line' id='line_1_13' title="bbox 99 1495 1387 1570; baseline 0.001 -19"><span class='ocrx_word' id='word_1_138' title='bbox 99 1496 179 1552; x_wconf 86' lang='lat' dir='ltr'><strong>liecti</strong></span> <span class='ocrx_word' id='word_1_139' title='bbox 208 1513 260 1552; x_wconf 91' lang='lat' dir='ltr'><strong>nos</strong></span> <span class='ocrx_word' id='word_1_140' title='bbox 287 1496 458 1570; x_wconf 80' lang='lat' dir='ltr'><strong>permisimus</strong></span> <span class='ocrx_word' id='word_1_141' title='bbox 486 1506 513 1552; x_wconf 89' lang='lat' dir='ltr'><strong>et</strong></span> <span class='ocrx_word' id='word_1_142' title='bbox 534 1496 705 1554; x_wconf 88' lang='lat' dir='ltr'><strong>conditiones</strong></span> <span class='ocrx_word' id='word_1_143' title='bbox 728 1511 909 1570; x_wconf 87' lang='lat' dir='ltr'><strong>quascumque</strong></span> <span class='ocrx_word' id='word_1_144' title='bbox 928 1495 1106 1568; x_wconf 83' lang='lat' dir='ltr'><strong>suscepimus,</strong></span> <span class='ocrx_word' id='word_1_145' title='bbox 1129 1511 1163 1550; x_wconf 87' lang='lat' dir='ltr'><strong>ne</strong></span> <span class='ocrx_word' id='word_1_146' title='bbox 1185 1512 1261 1552; x_wconf 89' lang='lat' dir='ltr'><strong>mora</strong></span> <span class='ocrx_word' id='word_1_147' title='bbox 1283 1497 1337 1553; x_wconf 90' lang='lat' dir='ltr'><strong>ulla</strong></span> <span class='ocrx_word' id='word_1_148' title='bbox 1361 1498 1387 1552; x_wconf 93' lang='lat' dir='ltr'><strong>in</strong></span> 
     </span>
     <span class='ocr_line' id='line_1_14' title="bbox 99 1573 1388 1656; baseline 0.002 -20"><span class='ocrx_word' id='word_1_149' title='bbox 99 1581 188 1637; x_wconf 86' lang='lat' dir='ltr'><strong>nobis</strong></span> <span class='ocrx_word' id='word_1_150' title='bbox 211 1590 301 1643; x_wconf 88' lang='lat' dir='ltr'><strong>esset,</strong></span> <span class='ocrx_word' id='word_1_151' title='bbox 330 1597 363 1635; x_wconf 90' lang='lat' dir='ltr'><strong>ne</strong></span> <span class='ocrx_word' id='word_1_152' title='bbox 385 1598 435 1655; x_wconf 89' lang='lat' dir='ltr'><strong>per</strong></span> <span class='ocrx_word' id='word_1_153' title='bbox 456 1599 507 1637; x_wconf 92' lang='lat' dir='ltr'><strong>nos</strong></span> <span class='ocrx_word' id='word_1_154' title='bbox 528 1581 646 1638; x_wconf 76' lang='lat' dir='ltr'><strong>defuisse</strong></span> <span class='ocrx_word' id='word_1_155' title='bbox 668 1573 818 1643; x_wconf 85' lang='lat' dir='ltr'><strong>videretur,</strong></span> <span class='ocrx_word' id='word_1_156' title='bbox 835 1580 913 1654; x_wconf 90' lang='lat' dir='ltr'><strong>quin</strong></span> <span class='ocrx_word' id='word_1_157' title='bbox 934 1578 1035 1634; x_wconf 81' lang='lat' dir='ltr'><strong>labanti</strong></span> <span class='ocrx_word' id='word_1_158' title='bbox 1065 1577 1123 1634; x_wconf 87' lang='lat' dir='ltr'><strong>lrdei</strong></span> <span class='ocrx_word' id='word_1_159' title='bbox 1147 1579 1305 1638; x_wconf 77' lang='lat' dir='ltr'><strong>Christiane</strong></span> <span class='ocrx_word' id='word_1_160' title='bbox 1329 1582 1388 1656; x_wconf 90' lang='lat' dir='ltr'><strong>opi·</strong></span> 
     </span>
     <span class='ocr_line' id='line_1_15' title="bbox 99 1662 1386 1758; baseline 0 -36"><span class='ocrx_word' id='word_1_161' title='bbox 99 1666 272 1728; x_wconf 86' lang='lat' dir='ltr'><strong>tularemur,</strong></span> <span class='ocrx_word' id='word_1_162' title='bbox 309 1682 374 1721; x_wconf 91' lang='lat' dir='ltr'><strong>neve</strong></span> <span class='ocrx_word' id='word_1_163' title='bbox 402 1683 519 1740; x_wconf 88' lang='lat' dir='ltr'><strong>unquam</strong></span> <span class='ocrx_word' id='word_1_164' title='bbox 548 1683 598 1723; x_wconf 89' lang='lat' dir='ltr'><strong>vox</strong></span> <span class='ocrx_word' id='word_1_165' title='bbox 624 1667 688 1722; x_wconf 88' lang='lat' dir='ltr'><strong>iusti</strong></span> <span class='ocrx_word' id='word_1_166' title='bbox 719 1683 809 1724; x_wconf 89' lang='lat' dir='ltr'><strong>coram</strong></span> <span class='ocrx_word' id='word_1_167' title='bbox 837 1665 890 1720; x_wconf 87' lang='lat' dir='ltr'><strong>Deo</strong></span> <span class='ocrx_word' id='word_1_168' title='bbox 927 1681 1010 1758; x_wconf 79' lang='lat' dir='ltr'><strong>super</strong></span> <span class='ocrx_word' id='word_1_169' title='bbox 1037 1681 1088 1719; x_wconf 89' lang='lat' dir='ltr'><strong>nos</strong></span> <span class='ocrx_word' id='word_1_170' title='bbox 1115 1662 1251 1723; x_wconf 88' lang='lat' dir='ltr'><strong>clamaret.</strong></span> <span class='ocrx_word' id='word_1_171' title='bbox 1296 1666 1386 1740; x_wconf 89' lang='lat' dir='ltr'><strong>Neque</strong></span> 
     </span>
     <span class='ocr_line' id='line_1_16' title="bbox 65 1748 1389 1826; baseline 0.002 -20"><span class='ocrx_word' id='word_1_172' title='bbox 65 1773 88 1812; x_wconf 76' lang='lat' dir='ltr'><strong>rs</strong></span> <span class='ocrx_word' id='word_1_173' title='bbox 98 1768 169 1806; x_wconf 90' lang='lat' dir='ltr'><strong>vero</strong></span> <span class='ocrx_word' id='word_1_174' title='bbox 195 1767 247 1806; x_wconf 88' lang='lat' dir='ltr'><strong>nos</strong></span> <span class='ocrx_word' id='word_1_175' title='bbox 269 1749 430 1806; x_wconf 85' lang='lat' dir='ltr'><strong>cohortetur</strong></span> <span class='ocrx_word' id='word_1_176' title='bbox 449 1751 578 1808; x_wconf 83' lang='lat' dir='ltr'><strong>sanctitas</strong></span> <span class='ocrx_word' id='word_1_177' title='bbox 600 1759 705 1814; x_wconf 86' lang='lat' dir='ltr'><strong>vestra,</strong></span> <span class='ocrx_word' id='word_1_178' title='bbox 733 1751 780 1826; x_wconf 90' lang='lat' dir='ltr'><strong>qui</strong></span> <span class='ocrx_word' id='word_1_179' title='bbox 808 1757 952 1826; x_wconf 85' lang='lat' dir='ltr'><strong>postquam</strong></span> <span class='ocrx_word' id='word_1_180' title='bbox 981 1748 1088 1823; x_wconf 88' lang='lat' dir='ltr'><strong>imperii</strong></span> <span class='ocrx_word' id='word_1_181' title='bbox 1109 1757 1246 1824; x_wconf 86' lang='lat' dir='ltr'><strong>sceptrum</strong></span> <span class='ocrx_word' id='word_1_182' title='bbox 1268 1751 1389 1826; x_wconf 85' lang='lat' dir='ltr'><strong>suscepi·</strong></span> 
     </span>
     <span class='ocr_line' id='line_1_17' title="bbox 98 1833 1389 1926; baseline 0 -33"><span class='ocrx_word' id='word_1_183' title='bbox 98 1855 183 1898; x_wconf 90' lang='lat' dir='ltr'><strong>mus,</strong></span> <span class='ocrx_word' id='word_1_184' title='bbox 207 1835 260 1909; x_wconf 92' lang='lat' dir='ltr'><strong>ipsi</strong></span> <span class='ocrx_word' id='word_1_185' title='bbox 282 1851 420 1910; x_wconf 87' lang='lat' dir='ltr'><strong>nunquam</strong></span> <span class='ocrx_word' id='word_1_186' title='bbox 442 1835 594 1892; x_wconf 88' lang='lat' dir='ltr'><strong>destitimus</strong></span> <span class='ocrx_word' id='word_1_187' title='bbox 616 1855 676 1894; x_wconf 90' lang='lat' dir='ltr'><strong>cum</strong></span> <span class='ocrx_word' id='word_1_188' title='bbox 697 1851 868 1926; x_wconf 87' lang='lat' dir='ltr'><strong>quocumque</strong></span> <span class='ocrx_word' id='word_1_189' title='bbox 883 1833 1010 1908; x_wconf 83' lang='lat' dir='ltr'><strong>pontifice</strong></span> <span class='ocrx_word' id='word_1_190' title='bbox 1025 1851 1119 1907; x_wconf 89' lang='lat' dir='ltr'><strong>agore,</strong></span> <span class='ocrx_word' id='word_1_191' title='bbox 1143 1842 1174 1890; x_wconf 90' lang='lat' dir='ltr'><strong>ut</strong></span> <span class='ocrx_word' id='word_1_192' title='bbox 1188 1844 1306 1892; x_wconf 86' lang='lat' dir='ltr'><strong>sanctam</strong></span> <span class='ocrx_word' id='word_1_193' title='bbox 1321 1837 1389 1893; x_wconf 89' lang='lat' dir='ltr'><strong>hane</strong></span> 
     </span>
     <span class='ocr_line' id='line_1_18' title="bbox 98 1918 1428 2002; baseline 0.002 -26"><span class='ocrx_word' id='word_1_194' title='bbox 98 1920 307 2002; x_wconf 82' lang='lat' dir='ltr'><strong>expeditionem</strong></span> <span class='ocrx_word' id='word_1_195' title='bbox 330 1920 494 1995; x_wconf 78' lang='lat' dir='ltr'><strong>susciperet:</strong></span> <span class='ocrx_word' id='word_1_196' title='bbox 522 1921 622 1978; x_wconf 86' lang='lat' dir='ltr'><strong>scimus</strong></span> <span class='ocrx_word' id='word_1_197' title='bbox 644 1921 715 1978; x_wconf 84' lang='lat' dir='ltr'><strong>eninr</strong></span> <span class='ocrx_word' id='word_1_198' title='bbox 738 1939 795 1978; x_wconf 89' lang='lat' dir='ltr'><strong>eam</strong></span> <span class='ocrx_word' id='word_1_199' title='bbox 818 1929 846 1977; x_wconf 90' lang='lat' dir='ltr'><strong>et</strong></span> <span class='ocrx_word' id='word_1_200' title='bbox 867 1918 1044 1974; x_wconf 89' lang='lat' dir='ltr'><strong>necessariam</strong></span> <span class='ocrx_word' id='word_1_201' title='bbox 1073 1927 1100 1974; x_wconf 88' lang='lat' dir='ltr'><strong>et</strong></span> <span class='ocrx_word' id='word_1_202' title='bbox 1122 1918 1216 1976; x_wconf 88' lang='lat' dir='ltr'><strong>utilem</strong></span> <span class='ocrx_word' id='word_1_203' title='bbox 1239 1929 1266 1977; x_wconf 89' lang='lat' dir='ltr'><strong>et</strong></span> <span class='ocrx_word' id='word_1_204' title='bbox 1287 1919 1390 1994; x_wconf 88' lang='lat' dir='ltr'><strong>glorio·</strong></span> <span class='ocrx_word' id='word_1_205' title='bbox 1420 1977 1428 1994; x_wconf 77' lang='grc'><strong>,</strong></span> 
     </span>
     <span class='ocr_line' id='line_1_19' title="bbox 99 2002 1389 2079; baseline 0.001 -18"><span class='ocrx_word' id='word_1_206' title='bbox 99 2023 161 2062; x_wconf 86' lang='lat' dir='ltr'><strong>sam</strong></span> <span class='ocrx_word' id='word_1_207' title='bbox 186 2004 257 2060; x_wconf 87' lang='lat' dir='ltr'><strong>iore</strong></span> <span class='ocrx_word' id='word_1_208' title='bbox 295 2003 397 2062; x_wconf 80' lang='lat' dir='ltr'><strong>Excitet</strong></span> <span class='ocrx_word' id='word_1_209' title='bbox 420 2006 500 2062; x_wconf 89' lang='lat' dir='ltr'><strong>modo</strong></span> <span class='ocrx_word' id='word_1_210' title='bbox 523 2023 552 2064; x_wconf 90' lang='lat' dir='ltr'><strong>se</strong></span> <span class='ocrx_word' id='word_1_211' title='bbox 575 2005 714 2063; x_wconf 86' lang='lat' dir='ltr'><strong>beatitudo</strong></span> <span class='ocrx_word' id='word_1_212' title='bbox 737 2015 825 2062; x_wconf 89' lang='lat' dir='ltr'><strong>vestra</strong></span> <span class='ocrx_word' id='word_1_213' title='bbox 848 2011 876 2060; x_wconf 89' lang='lat' dir='ltr'><strong>et</strong></span> <span class='ocrx_word' id='word_1_214' title='bbox 891 2003 990 2059; x_wconf 82' lang='lat' dir='ltr'><strong>Christi</strong></span> <span class='ocrx_word' id='word_1_215' title='bbox 1011 2002 1136 2060; x_wconf 86' lang='lat' dir='ltr'><strong>vexillam</strong></span> <span class='ocrx_word' id='word_1_216' title='bbox 1160 2005 1260 2079; x_wconf 89' lang='lat' dir='ltr'><strong>erigat,</strong></span> <span class='ocrx_word' id='word_1_217' title='bbox 1284 2015 1311 2062; x_wconf 92' lang='lat' dir='ltr'><strong>et</strong></span> <span class='ocrx_word' id='word_1_218' title='bbox 1328 2021 1389 2062; x_wconf 90' lang='lat' dir='ltr'><strong>eum</strong></span> 
     </span>
     <span class='ocr_line' id='line_1_20' title="bbox 99 2081 1390 2164; baseline 0 -18"><span class='ocrx_word' id='word_1_219' title='bbox 99 2089 339 2146; x_wconf 84' lang='lat' dir='ltr'><strong>reverendissimis</strong></span> <span class='ocrx_word' id='word_1_220' title='bbox 363 2089 416 2145; x_wconf 92' lang='lat' dir='ltr'><strong>illis</strong></span> <span class='ocrx_word' id='word_1_221' title='bbox 439 2090 562 2164; x_wconf 89' lang='lat' dir='ltr'><strong>patribus</strong></span> <span class='ocrx_word' id='word_1_222' title='bbox 586 2092 638 2148; x_wconf 88' lang='lat' dir='ltr'><strong>iter</strong></span> <span class='ocrx_word' id='word_1_223' title='bbox 661 2081 815 2148; x_wconf 66' lang='lat' dir='ltr'><strong>ielhissime</strong></span> <span class='ocrx_word' id='word_1_224' title='bbox 837 2089 964 2146; x_wconf 86' lang='lat' dir='ltr'><strong>adversus</strong></span> <span class='ocrx_word' id='word_1_225' title='bbox 987 2087 1080 2144; x_wconf 89' lang='lat' dir='ltr'><strong>hostes</strong></span> <span class='ocrx_word' id='word_1_226' title='bbox 1110 2089 1237 2163; x_wconf 90' lang='lat' dir='ltr'><strong>arripiat:</strong></span> <span class='ocrx_word' id='word_1_227' title='bbox 1265 2108 1377 2148; x_wconf 86' lang='lat' dir='ltr'><strong>nosco</strong></span> <span class='ocrx_word' id='word_1_228' title='bbox 1344 2108 1390 2147; x_wconf 89' lang='lat' dir='ltr'><strong>co·</strong></span> 
     </span>
     <span class='ocr_line' id='line_1_21' title="bbox 65 2171 1474 2250; baseline -0.002 -16"><span class='ocrx_word' id='word_1_229' title='bbox 65 2173 268 2234; x_wconf 69' lang='lat' dir='ltr'><strong>eomitabimur‘</strong></span> <span class='ocrx_word' id='word_1_230' title='bbox 289 2192 360 2236; x_wconf 86' lang='lat' dir='ltr'><strong>eam,</strong></span> <span class='ocrx_word' id='word_1_231' title='bbox 384 2175 500 2250; x_wconf 88' lang='lat' dir='ltr'><strong>et&#39;opes</strong></span> <span class='ocrx_word' id='word_1_232' title='bbox 521 2194 552 2232; x_wconf 89' lang='lat' dir='ltr'><strong>ac</strong></span> <span class='ocrx_word' id='word_1_233' title='bbox 574 2175 644 2232; x_wconf 90' lang='lat' dir='ltr'><strong>vires</strong></span> <span class='ocrx_word' id='word_1_234' title='bbox 667 2185 774 2232; x_wconf 87' lang='lat' dir='ltr'><strong>nostras</strong></span> <span class='ocrx_word' id='word_1_235' title='bbox 789 2171 1082 2236; x_wconf 73' lang='lat' dir='ltr'><strong>omnesconieremus}</strong></span> <span class='ocrx_word' id='word_1_236' title='bbox 1104 2190 1193 2246; x_wconf 93' lang='lat' dir='ltr'><strong>neque</strong></span> <span class='ocrx_word' id='word_1_237' title='bbox 1208 2183 1273 2231; x_wconf 87' lang='lat' dir='ltr'><strong>aetas</strong></span> <span class='ocrx_word' id='word_1_238' title='bbox 1289 2183 1390 2239; x_wconf 86' lang='lat' dir='ltr'><strong>nostra,</strong></span> <span class='ocrx_word' id='word_1_239' title='bbox 1472 2197 1474 2204; x_wconf 65' lang='grc'>’</span> 
     </span>
     <span class='ocr_line' id='line_1_22' title="bbox 101 2257 1389 2335; baseline 0 -19"><span class='ocrx_word' id='word_1_240' title='bbox 101 2277 168 2334; x_wconf 80' lang='lat' dir='ltr'><strong>quae</strong></span> <span class='ocrx_word' id='word_1_241' title='bbox 193 2259 247 2318; x_wconf 85' lang='lat' dir='ltr'><strong>iam</strong></span> <span class='ocrx_word' id='word_1_242' title='bbox 270 2258 350 2314; x_wconf 89' lang='lat' dir='ltr'><strong>celeri</strong></span> <span class='ocrx_word' id='word_1_243' title='bbox 374 2260 459 2332; x_wconf 87' lang='lat' dir='ltr'><strong>gradu</strong></span> <span class='ocrx_word' id='word_1_244' title='bbox 482 2261 514 2316; x_wconf 89' lang='lat' dir='ltr'><strong>ad</strong></span> <span class='ocrx_word' id='word_1_245' title='bbox 544 2270 711 2318; x_wconf 90' lang='lat' dir='ltr'><strong>senectutem</strong></span> <span class='ocrx_word' id='word_1_246' title='bbox 742 2261 866 2321; x_wconf 80' lang='lat' dir='ltr'><strong>festinat,</strong></span> <span class='ocrx_word' id='word_1_247' title='bbox 895 2275 945 2335; x_wconf 83' lang='lat' dir='ltr'><strong>nps</strong></span> <span class='ocrx_word' id='word_1_248' title='bbox 976 2257 1109 2313; x_wconf 89' lang='lat' dir='ltr'><strong>tantillum</strong></span> <span class='ocrx_word' id='word_1_249' title='bbox 1132 2259 1295 2315; x_wconf 89' lang='lat' dir='ltr'><strong>morabitur:</strong></span> <span class='ocrx_word' id='word_1_250' title='bbox 1325 2262 1389 2333; x_wconf 94' lang='lat' dir='ltr'><strong>quin</strong></span> 
     </span>
     <span class='ocr_line' id='line_1_23' title="bbox 98 2342 1391 2420; baseline -0.001 -20"><span class='ocrx_word' id='word_1_251' title='bbox 98 2346 121 2400; x_wconf 88' lang='lat' dir='ltr'><strong>si</strong></span> <span class='ocrx_word' id='word_1_252' title='bbox 147 2361 229 2400; x_wconf 91' lang='lat' dir='ltr'><strong>mors</strong></span> <span class='ocrx_word' id='word_1_253' title='bbox 252 2342 297 2399; x_wconf 90' lang='lat' dir='ltr'><strong>illa</strong></span> <span class='ocrx_word' id='word_1_254' title='bbox 319 2361 370 2418; x_wconf 92' lang='lat' dir='ltr'><strong>pro</strong></span> <span class='ocrx_word' id='word_1_255' title='bbox 392 2343 492 2401; x_wconf 89' lang='lat' dir='ltr'><strong>Christi</strong></span> <span class='ocrx_word' id='word_1_256' title='bbox 513 2347 622 2402; x_wconf 89' lang='lat' dir='ltr'><strong>nomine</strong></span> <span class='ocrx_word' id='word_1_257' title='bbox 645 2346 814 2420; x_wconf 88' lang='lat' dir='ltr'><strong>optatissima</strong></span> <span class='ocrx_word' id='word_1_258' title='bbox 836 2342 981 2416; x_wconf 89' lang='lat' dir='ltr'><strong>obtigerit,</strong></span> <span class='ocrx_word' id='word_1_259' title='bbox 1004 2343 1164 2399; x_wconf 83' lang='lat' dir='ltr'><strong>reviviscere</strong></span> <span class='ocrx_word' id='word_1_260' title='bbox 1185 2361 1236 2400; x_wconf 91' lang='lat' dir='ltr'><strong>nos</strong></span> <span class='ocrx_word' id='word_1_261' title='bbox 1259 2345 1291 2400; x_wconf 88' lang='lat' dir='ltr'><strong>ad</strong></span> <span class='ocrx_word' id='word_1_262' title='bbox 1312 2355 1391 2402; x_wconf 82' lang='lat' dir='ltr'><strong>aeter·</strong></span> 
     </span>
     <span class='ocr_line' id='line_1_24' title="bbox 98 2427 1390 2526; baseline 0.001 -42"><span class='ocrx_word' id='word_1_263' title='bbox 98 2446 164 2484; x_wconf 89' lang='lat' dir='ltr'><strong>nam</strong></span> <span class='ocrx_word' id='word_1_264' title='bbox 190 2427 306 2502; x_wconf 83' lang='lat' dir='ltr'><strong>gloriam</strong></span> <span class='ocrx_word' id='word_1_265' title='bbox 329 2445 475 2523; x_wconf 87' lang='lat' dir='ltr'><strong>speramus.</strong></span> <span class='ocrx_word' id='word_1_266' title='bbox 520 2429 571 2486; x_wconf 89' lang='lat' dir='ltr'><strong>Sed</strong></span> <span class='ocrx_word' id='word_1_267' title='bbox 595 2429 658 2526; x_wconf 83' lang='lat' dir='ltr'><strong>quid</strong></span> <span class='ocrx_word' id='word_1_268' title='bbox 680 2431 713 2486; x_wconf 90' lang='lat' dir='ltr'><strong>de</strong></span> <span class='ocrx_word' id='word_1_269' title='bbox 735 2429 825 2526; x_wconf 73' lang='lat' dir='ltr'><strong>nuliis</strong></span> <span class='ocrx_word' id='word_1_270' title='bbox 836 2427 967 2522; x_wconf 78' lang='lat' dir='ltr'><strong>dicimus?</strong></span> <span class='ocrx_word' id='word_1_271' title='bbox 990 2444 1068 2522; x_wconf 84' lang='lat' dir='ltr'><strong>nemo</strong></span> <span class='ocrx_word' id='word_1_272' title='bbox 1092 2436 1146 2522; x_wconf 79' lang='lat' dir='ltr'><strong>tam</strong></span> <span class='ocrx_word' id='word_1_273' title='bbox 1167 2429 1308 2502; x_wconf 88' lang='lat' dir='ltr'><strong>impudens</strong></span> <span class='ocrx_word' id='word_1_274' title='bbox 1330 2431 1390 2492; x_wconf 89' lang='lat' dir='ltr'><strong>erit,</strong></span> 
     </span>
    </p>
   </div>
   <div class='ocr_carea' id='block_1_4' title="bbox 62 2597 1434 4120">
    <p class='ocr_par' dir='ltr' id='par_1_4' title="bbox 62 2597 1434 4120">
     <span class='ocr_line' id='line_1_25' title="bbox 62 2597 1390 2671; baseline -0.002 -13"><span class='ocrx_word' id='word_1_275' title='bbox 62 2599 230 2658; x_wconf 74' lang='lat' dir='ltr'><strong>aedissimis</strong></span> <span class='ocrx_word' id='word_1_276' title='bbox 252 2597 432 2655; x_wconf 86' lang='lat' dir='ltr'><strong>cardinalibus</strong></span> <span class='ocrx_word' id='word_1_277' title='bbox 453 2599 584 2657; x_wconf 92' lang='lat' dir='ltr'><strong>bellum&#39;</strong></span> <span class='ocrx_word' id='word_1_278' title='bbox 578 2616 605 2656; x_wconf 92' lang='grc' dir='ltr'><strong>ιιι</strong></span> <span class='ocrx_word' id='word_1_279' title='bbox 628 2601 727 2657; x_wconf 74' lang='lat' dir='ltr'><strong>laneas</strong></span> <span class='ocrx_word' id='word_1_280' title='bbox 749 2606 899 2656; x_wconf 89' lang='lat' dir='ltr'><strong>moventem</strong></span> <span class='ocrx_word' id='word_1_281' title='bbox 922 2615 952 2654; x_wconf 91' lang='lat' dir='ltr'><strong>ac</strong></span> <span class='ocrx_word' id='word_1_282' title='bbox 975 2598 1058 2652; x_wconf 91' lang='lat' dir='ltr'><strong>met</strong></span> <span class='ocrx_word' id='word_1_283' title='bbox 1051 2615 1079 2653; x_wconf 95' lang='grc' dir='ltr'><strong>ιιι</strong></span> <span class='ocrx_word' id='word_1_284' title='bbox 1106 2598 1303 2671; x_wconf 88' lang='lat' dir='ltr'><strong>expeditionem</strong></span> <span class='ocrx_word' id='word_1_285' title='bbox 1326 2615 1390 2655; x_wconf 89' lang='lat' dir='ltr'><strong>ean-</strong></span> 
     </span>
     <span class='ocr_line' id='line_1_26' title="bbox 99 2677 1392 2749; baseline 0 -11"><span class='ocrx_word' id='word_1_286' title='bbox 99 2693 169 2746; x_wconf 90' lang='lat' dir='ltr'><strong>tem,</strong></span> <span class='ocrx_word' id='word_1_287' title='bbox 195 2698 265 2744; x_wconf 90' lang='lat' dir='ltr'><strong>non,</strong></span> <span class='ocrx_word' id='word_1_288' title='bbox 290 2684 362 2740; x_wconf 86' lang='lat' dir='ltr'><strong>orani</strong></span> <span class='ocrx_word' id='word_1_289' title='bbox 384 2685 540 2742; x_wconf 87' lang='lat' dir='ltr'><strong>renunciata</strong></span> <span class='ocrx_word' id='word_1_290' title='bbox 561 2703 664 2749; x_wconf 91' lang='lat' dir='ltr'><strong>merce,</strong></span> <span class='ocrx_word' id='word_1_291' title='bbox 687 2687 767 2742; x_wconf 88' lang='lat' dir='ltr'><strong>etiam</strong></span> <span class='ocrx_word' id='word_1_292' title='bbox 790 2685 821 2741; x_wconf 91' lang='lat' dir='ltr'><strong>ad</strong></span> <span class='ocrx_word' id='word_1_293' title='bbox 839 2677 944 2739; x_wconf 80' lang='lat' dir='ltr'><strong>‘certam</strong></span> <span class='ocrx_word' id='word_1_294' title='bbox 968 2688 1083 2738; x_wconf 89' lang='lat' dir='ltr'><strong>mortem</strong></span> <span class='ocrx_word' id='word_1_295' title='bbox 1104 2682 1244 2748; x_wconf 88' lang='lat' dir='ltr'><strong>convolet;</strong></span> <span class='ocrx_word' id='word_1_296' title='bbox 1273 2684 1392 2740; x_wconf 88' lang='lat' dir='ltr'><strong>imbecil-</strong></span> 
     </span>
     <span class='ocr_line' id='line_1_27' title="bbox 96 2767 1209 2844; baseline -0.001 -21"><span class='ocrx_word' id='word_1_297' title='bbox 96 2768 134 2824; x_wconf 83' lang='lat' dir='ltr'><strong>lis</strong></span> <span class='ocrx_word' id='word_1_298' title='bbox 159 2767 296 2824; x_wconf 88' lang='lat' dir='ltr'><strong>nimimm</strong></span> <span class='ocrx_word' id='word_1_299' title='bbox 314 2785 393 2824; x_wconf 89' lang='lat' dir='ltr'><strong>sexus</strong></span> <span class='ocrx_word' id='word_1_300' title='bbox 415 2778 443 2824; x_wconf 88' lang='lat' dir='ltr'><strong>et</strong></span> <span class='ocrx_word' id='word_1_301' title='bbox 464 2769 569 2840; x_wconf 81' lang='lat' dir='ltr'><strong>inlirrqa</strong></span> <span class='ocrx_word' id='word_1_302' title='bbox 591 2779 658 2828; x_wconf 82' lang='lat' dir='ltr'><strong>aetas</strong></span> <span class='ocrx_word' id='word_1_303' title='bbox 681 2771 872 2827; x_wconf 88' lang='lat' dir='ltr'><strong>beatitudinem</strong></span> <span class='ocrx_word' id='word_1_304' title='bbox 895 2777 1009 2823; x_wconf 89' lang='lat' dir='ltr'><strong>vestram</strong></span> <span class='ocrx_word' id='word_1_305' title='bbox 1032 2776 1209 2844; x_wconf 90' lang='lat' dir='ltr'><strong>sequetur.</strong></span> 
     </span>
     <span class='ocr_line' id='line_1_28' title="bbox 193 2850 1434 2929; baseline 0.003 -22"><span class='ocrx_word' id='word_1_306' title='bbox 193 2851 282 2919; x_wconf 86' lang='lat' dir='ltr'><strong>Quare</strong></span> <span class='ocrx_word' id='word_1_307' title='bbox 305 2869 354 2908; x_wconf 86' lang='lat' dir='ltr'><strong>uos</strong></span> <span class='ocrx_word' id='word_1_308' title='bbox 377 2852 470 2910; x_wconf 92' lang='lat' dir='ltr'><strong>itidem</strong></span> <span class='ocrx_word' id='word_1_309' title='bbox 493 2871 621 2929; x_wconf 88' lang='lat' dir='ltr'><strong>rogamus</strong></span> <span class='ocrx_word' id='word_1_310' title='bbox 643 2855 812 2912; x_wconf 83' lang='lat' dir='ltr'><strong>sanctitatem</strong></span> <span class='ocrx_word' id='word_1_311' title='bbox 834 2861 963 2915; x_wconf 88' lang='lat' dir='ltr'><strong>vestram,</strong></span> <span class='ocrx_word' id='word_1_312' title='bbox 994 2850 1185 2926; x_wconf 88' lang='lat' dir='ltr'><strong>imploramus,</strong></span> <span class='ocrx_word' id='word_1_313' title='bbox 1214 2855 1389 2916; x_wconf 90' lang='lat' dir='ltr'><strong>obtestamur,</strong></span> <span class='ocrx_word' id='word_1_314' title='bbox 1403 2855 1434 2911; x_wconf 79' lang='lat' dir='ltr'><strong>tt.</strong></span> 
     </span>
     <span class='ocr_line' id='line_1_29' title="bbox 96 2937 1390 3013; baseline 0 -18"><span class='ocrx_word' id='word_1_315' title='bbox 96 2947 130 2995; x_wconf 92' lang='lat' dir='ltr'><strong>ut</strong></span> <span class='ocrx_word' id='word_1_316' title='bbox 155 2937 302 3012; x_wconf 86' lang='lat' dir='ltr'><strong>provideat</strong></span> <span class='ocrx_word' id='word_1_317' title='bbox 323 2955 357 2994; x_wconf 90' lang='lat' dir='ltr'><strong>ne</strong></span> <span class='ocrx_word' id='word_1_318' title='bbox 380 2938 443 3011; x_wconf 90' lang='lat' dir='ltr'><strong>quid</strong></span> <span class='ocrx_word' id='word_1_319' title='bbox 464 2939 619 2998; x_wconf 90' lang='lat' dir='ltr'><strong>detrimenti</strong></span> <span class='ocrx_word' id='word_1_320' title='bbox 642 2940 793 2996; x_wconf 89' lang='lat' dir='ltr'><strong>Christiana</strong></span> <span class='ocrx_word' id='word_1_321' title='bbox 815 2937 966 3013; x_wconf 89' lang='lat' dir='ltr'><strong>respublica</strong></span> <span class='ocrx_word' id='word_1_322' title='bbox 988 2938 1091 3011; x_wconf 87' lang='lat' dir='ltr'><strong>capiat;</strong></span> <span class='ocrx_word' id='word_1_323' title='bbox 1122 2937 1263 2995; x_wconf 86' lang='lat' dir='ltr'><strong>conlirmet</strong></span> <span class='ocrx_word' id='word_1_324' title='bbox 1284 2940 1390 3013; x_wconf 87' lang='lat' dir='ltr'><strong>opinio-</strong></span> 
     </span>
     <span class='ocr_line' id='line_1_30' title="bbox 62 3022 1392 3100; baseline 0 -19"><span class='ocrx_word' id='word_1_325' title='bbox 62 3041 169 3081; x_wconf 79' lang='lat' dir='ltr'><strong>sanem</strong></span> <span class='ocrx_word' id='word_1_326' title='bbox 194 3039 276 3096; x_wconf 89' lang='lat' dir='ltr'><strong>quam</strong></span> <span class='ocrx_word' id='word_1_327' title='bbox 300 3039 393 3079; x_wconf 88' lang='lat' dir='ltr'><strong>omnes</strong></span> <span class='ocrx_word' id='word_1_328' title='bbox 414 3023 447 3080; x_wconf 89' lang='lat' dir='ltr'><strong>de</strong></span> <span class='ocrx_word' id='word_1_329' title='bbox 469 3041 502 3081; x_wconf 90' lang='lat' dir='ltr'><strong>ea</strong></span> <span class='ocrx_word' id='word_1_330' title='bbox 522 3034 720 3100; x_wconf 86' lang='lat' dir='ltr'><strong>conceperunt,</strong></span> <span class='ocrx_word' id='word_1_331' title='bbox 750 3033 891 3082; x_wconf 87' lang='lat' dir='ltr'><strong>succurrat</strong></span> <span class='ocrx_word' id='word_1_332' title='bbox 918 3023 1025 3079; x_wconf 90' lang='lat' dir='ltr'><strong>nutanti</strong></span> <span class='ocrx_word' id='word_1_333' title='bbox 1048 3022 1202 3096; x_wconf 82' lang='lat' dir='ltr'><strong>reipublicae</strong></span> <span class='ocrx_word' id='word_1_334' title='bbox 1224 3024 1392 3088; x_wconf 79' lang='lat' dir='ltr'><strong>Christiane</strong></span> 
     </span>
     <span class='ocr_line' id='line_1_31' title="bbox 96 3095 1391 3185; baseline 0.001 -22"><span class='ocrx_word' id='word_1_335' title='bbox 96 3109 207 3166; x_wconf 88' lang='lat' dir='ltr'><strong>liberet</strong></span> <span class='ocrx_word' id='word_1_336' title='bbox 231 3124 246 3162; x_wconf 94' lang='lat' dir='ltr'><strong>e</strong></span> <span class='ocrx_word' id='word_1_337' title='bbox 268 3106 391 3164; x_wconf 80' lang='lat' dir='ltr'><strong>saucibus</strong></span> <span class='ocrx_word' id='word_1_338' title='bbox 413 3109 625 3166; x_wconf 72' lang='lat' dir='ltr'><strong>saevissimorum</strong></span> <span class='ocrx_word' id='word_1_339' title='bbox 646 3095 774 3185; x_wconf 89' lang='lat' dir='ltr'><strong>luporum</strong></span> <span class='ocrx_word' id='word_1_340' title='bbox 797 3127 860 3166; x_wconf 88' lang='lat' dir='ltr'><strong>oves</strong></span> <span class='ocrx_word' id='word_1_341' title='bbox 882 3107 933 3164; x_wconf 90' lang='lat' dir='ltr'><strong>sibi</strong></span> <span class='ocrx_word' id='word_1_342' title='bbox 956 3107 1125 3170; x_wconf 89' lang='lat' dir='ltr'><strong>commissas,</strong></span> <span class='ocrx_word' id='word_1_343' title='bbox 1149 3125 1236 3182; x_wconf 90' lang='lat' dir='ltr'><strong>aeque</strong></span> <span class='ocrx_word' id='word_1_344' title='bbox 1259 3117 1391 3184; x_wconf 89' lang='lat' dir='ltr'><strong>expectet,</strong></span> 
     </span>
     <span class='ocr_line' id='line_1_32' title="bbox 97 3189 1392 3269; baseline 0.001 -20"><span class='ocrx_word' id='word_1_345' title='bbox 97 3193 180 3268; x_wconf 86' lang='lat' dir='ltr'><strong>quod</strong></span> <span class='ocrx_word' id='word_1_346' title='bbox 203 3189 350 3249; x_wconf 90' lang='lat' dir='ltr'><strong>Christiani</strong></span> <span class='ocrx_word' id='word_1_347' title='bbox 373 3193 511 3268; x_wconf 89' lang='lat' dir='ltr'><strong>principes</strong></span> <span class='ocrx_word' id='word_1_348' title='bbox 532 3204 751 3269; x_wconf 80' lang='lat' dir='ltr'><strong>congregentur:</strong></span> <span class='ocrx_word' id='word_1_349' title='bbox 774 3195 875 3269; x_wconf 92' lang='lat' dir='ltr'><strong>quippe</strong></span> <span class='ocrx_word' id='word_1_350' title='bbox 897 3193 1009 3266; x_wconf 86' lang='lat' dir='ltr'><strong>longum</strong></span> <span class='ocrx_word' id='word_1_351' title='bbox 1031 3190 1098 3248; x_wconf 90' lang='lat' dir='ltr'><strong>illud</strong></span> <span class='ocrx_word' id='word_1_352' title='bbox 1116 3203 1203 3257; x_wconf 84' lang='lat' dir='ltr'><strong>esset,</strong></span> <span class='ocrx_word' id='word_1_353' title='bbox 1227 3202 1254 3250; x_wconf 91' lang='lat' dir='ltr'><strong>et</strong></span> <span class='ocrx_word' id='word_1_354' title='bbox 1276 3195 1392 3250; x_wconf 79' lang='lat' dir='ltr'><strong>sortasse</strong></span> 
     </span>
     <span class='ocr_line' id='line_1_33' title="bbox 96 3275 1393 3358; baseline 0.002 -24"><span class='ocrx_word' id='word_1_355' title='bbox 96 3275 310 3353; x_wconf 85' lang='lat' dir='ltr'><strong>periculosum:</strong></span> <span class='ocrx_word' id='word_1_356' title='bbox 339 3278 385 3334; x_wconf 92' lang='lat' dir='ltr'><strong>sed</strong></span> <span class='ocrx_word' id='word_1_357' title='bbox 415 3279 545 3336; x_wconf 85' lang='lat' dir='ltr'><strong>sanctitas</strong></span> <span class='ocrx_word' id='word_1_358' title='bbox 573 3290 662 3358; x_wconf 82' lang='lat' dir='ltr'><strong>vestra</strong></span> <span class='ocrx_word' id='word_1_359' title='bbox 689 3280 779 3354; x_wconf 85' lang='lat' dir='ltr'><strong>gladio</strong></span> <span class='ocrx_word' id='word_1_360' title='bbox 806 3279 908 3336; x_wconf 90' lang='lat' dir='ltr'><strong>domini</strong></span> <span class='ocrx_word' id='word_1_361' title='bbox 937 3294 1020 3351; x_wconf 91' lang='lat' dir='ltr'><strong>super</strong></span> <span class='ocrx_word' id='word_1_362' title='bbox 1047 3277 1144 3334; x_wconf 80' lang='lat' dir='ltr'><strong>itamar</strong></span> <span class='ocrx_word' id='word_1_363' title='bbox 1171 3280 1393 3352; x_wconf 90' lang='lat' dir='ltr'><strong>potentissimum</strong></span> 
     </span>
     <span class='ocr_line' id='line_1_34' title="bbox 95 3362 1392 3438; baseline 0 -18"><span class='ocrx_word' id='word_1_364' title='bbox 95 3365 196 3420; x_wconf 77' lang='lat' dir='ltr'><strong>cincta</strong></span> <span class='ocrx_word' id='word_1_365' title='bbox 220 3362 274 3417; x_wconf 90' lang='lat' dir='ltr'><strong>iter</strong></span> <span class='ocrx_word' id='word_1_366' title='bbox 294 3363 540 3436; x_wconf 85' lang='lat' dir='ltr'><strong>auspicatissimum</strong></span> <span class='ocrx_word' id='word_1_367' title='bbox 562 3365 744 3438; x_wconf 87' lang='lat' dir='ltr'><strong>ingrediatur;</strong></span> <span class='ocrx_word' id='word_1_368' title='bbox 768 3382 829 3438; x_wconf 84' lang='lat' dir='ltr'><strong>quae</strong></span> <span class='ocrx_word' id='word_1_369' title='bbox 853 3371 955 3438; x_wconf 88' lang='lat' dir='ltr'><strong>quanto</strong></span> <span class='ocrx_word' id='word_1_370' title='bbox 977 3362 1062 3434; x_wconf 88' lang='lat' dir='ltr'><strong>magis</strong></span> <span class='ocrx_word' id='word_1_371' title='bbox 1085 3362 1118 3417; x_wconf 88' lang='lat' dir='ltr'><strong>ab</strong></span> <span class='ocrx_word' id='word_1_372' title='bbox 1140 3362 1201 3418; x_wconf 89' lang='lat' dir='ltr'><strong>aliis</strong></span> <span class='ocrx_word' id='word_1_373' title='bbox 1222 3364 1392 3438; x_wconf 83' lang='lat' dir='ltr'><strong>principibus</strong></span> 
     </span>
     <span class='ocr_line' id='line_1_35' title="bbox 62 3446 1393 3524; baseline -0.002 -19"><span class='ocrx_word' id='word_1_374' title='bbox 62 3446 242 3505; x_wconf 80' lang='lat' dir='ltr'><strong>saderelicta</strong></span> <span class='ocrx_word' id='word_1_375' title='bbox 257 3446 322 3508; x_wconf 87' lang='lat' dir='ltr'><strong>erit,</strong></span> <span class='ocrx_word' id='word_1_376' title='bbox 346 3453 422 3504; x_wconf 88' lang='lat' dir='ltr'><strong>tanto</strong></span> <span class='ocrx_word' id='word_1_377' title='bbox 438 3448 491 3504; x_wconf 92' lang='lat' dir='ltr'><strong>erit</strong></span> <span class='ocrx_word' id='word_1_378' title='bbox 505 3450 671 3523; x_wconf 78' lang='lat' dir='ltr'><strong>gloriosior,</strong></span> <span class='ocrx_word' id='word_1_379' title='bbox 694 3457 824 3524; x_wconf 87' lang='lat' dir='ltr'><strong>tantoque</strong></span> <span class='ocrx_word' id='word_1_380' title='bbox 844 3449 930 3521; x_wconf 81' lang='lat' dir='ltr'><strong>magis</strong></span> <span class='ocrx_word' id='word_1_381' title='bbox 953 3449 1081 3503; x_wconf 90' lang='lat' dir='ltr'><strong>immensa</strong></span> <span class='ocrx_word' id='word_1_382' title='bbox 1096 3447 1308 3504; x_wconf 89' lang='lat' dir='ltr'><strong>Christianorum</strong></span> <span class='ocrx_word' id='word_1_383' title='bbox 1325 3448 1393 3505; x_wconf 91' lang='lat' dir='ltr'><strong>mul-</strong></span> 
     </span>
     <span class='ocr_line' id='line_1_36' title="bbox 97 3531 1393 3608; baseline -0.001 -19"><span class='ocrx_word' id='word_1_384' title='bbox 97 3531 198 3589; x_wconf 87' lang='lat' dir='ltr'><strong>titudo</strong></span> <span class='ocrx_word' id='word_1_385' title='bbox 214 3531 335 3588; x_wconf 87' lang='lat' dir='ltr'><strong>eonduet</strong></span> <span class='ocrx_word' id='word_1_386' title='bbox 349 3531 403 3589; x_wconf 82' lang='lat' dir='ltr'><strong>lieo</strong></span> <span class='ocrx_word' id='word_1_387' title='bbox 418 3533 539 3590; x_wconf 91' lang='lat' dir='ltr'><strong>victimas</strong></span> <span class='ocrx_word' id='word_1_388' title='bbox 554 3543 645 3608; x_wconf 89' lang='lat' dir='ltr'><strong>gratas</strong></span> <span class='ocrx_word' id='word_1_389' title='bbox 663 3535 761 3592; x_wconf 89' lang='lat' dir='ltr'><strong>ollerre</strong></span> <span class='ocrx_word' id='word_1_390' title='bbox 777 3533 938 3608; x_wconf 87' lang='lat' dir='ltr'><strong>optantium.</strong></span> <span class='ocrx_word' id='word_1_391' title='bbox 962 3531 1017 3589; x_wconf 87' lang='lat' dir='ltr'><strong>Nos</strong></span> <span class='ocrx_word' id='word_1_392' title='bbox 1032 3548 1095 3586; x_wconf 88' lang='lat' dir='ltr'><strong>vero</strong></span> <span class='ocrx_word' id='word_1_393' title='bbox 1112 3533 1159 3604; x_wconf 91' lang='lat' dir='ltr'><strong>qui</strong></span> <span class='ocrx_word' id='word_1_394' title='bbox 1179 3541 1225 3588; x_wconf 91' lang='lat' dir='ltr'><strong>aut</strong></span> <span class='ocrx_word' id='word_1_395' title='bbox 1238 3533 1282 3588; x_wconf 92' lang='lat' dir='ltr'><strong>ubi</strong></span> <span class='ocrx_word' id='word_1_396' title='bbox 1295 3534 1393 3590; x_wconf 87' lang='lat' dir='ltr'><strong>saneti·</strong></span> 
     </span>
     <span class='ocr_line' id='line_1_37' title="bbox 98 3616 1393 3694; baseline 0 -22"><span class='ocrx_word' id='word_1_397' title='bbox 98 3627 193 3674; x_wconf 89' lang='lat' dir='ltr'><strong>tatem</strong></span> <span class='ocrx_word' id='word_1_398' title='bbox 208 3623 326 3673; x_wconf 89' lang='lat' dir='ltr'><strong>vestram</strong></span> <span class='ocrx_word' id='word_1_399' title='bbox 340 3616 510 3682; x_wconf 83' lang='lat' dir='ltr'><strong>deseremus,</strong></span> <span class='ocrx_word' id='word_1_400' title='bbox 534 3620 581 3693; x_wconf 91' lang='lat' dir='ltr'><strong>qni</strong></span> <span class='ocrx_word' id='word_1_401' title='bbox 598 3618 671 3682; x_wconf 90' lang='lat' dir='ltr'><strong>ultro</strong></span> <span class='ocrx_word' id='word_1_402' title='bbox 686 3621 811 3694; x_wconf 88' lang='lat' dir='ltr'><strong>cupimus</strong></span> <span class='ocrx_word' id='word_1_403' title='bbox 826 3618 894 3674; x_wconf 88' lang='lat' dir='ltr'><strong>hane</strong></span> <span class='ocrx_word' id='word_1_404' title='bbox 910 3616 1033 3691; x_wconf 79' lang='lat' dir='ltr'><strong>fragilem</strong></span> <span class='ocrx_word' id='word_1_405' title='bbox 1049 3623 1076 3671; x_wconf 88' lang='lat' dir='ltr'><strong>et</strong></span> <span class='ocrx_word' id='word_1_406' title='bbox 1091 3617 1297 3690; x_wconf 86' lang='lat' dir='ltr'><strong>corruptibilem</strong></span> <span class='ocrx_word' id='word_1_407' title='bbox 1312 3634 1393 3674; x_wconf 87' lang='lat' dir='ltr'><strong>coro·</strong></span> 
     </span>
     <span class='ocr_line' id='line_1_38' title="bbox 97 3701 1393 3778; baseline 0.001 -20"><span class='ocrx_word' id='word_1_408' title='bbox 97 3720 165 3760; x_wconf 84' lang='lat' dir='ltr'><strong>nam</strong></span> <span class='ocrx_word' id='word_1_409' title='bbox 184 3718 268 3776; x_wconf 84' lang='lat' dir='ltr'><strong>quam</strong></span> <span class='ocrx_word' id='word_1_410' title='bbox 283 3701 416 3774; x_wconf 88' lang='lat' dir='ltr'><strong>gerimus,</strong></span> <span class='ocrx_word' id='word_1_411' title='bbox 433 3720 495 3760; x_wconf 89' lang='lat' dir='ltr'><strong>cem</strong></span> <span class='ocrx_word' id='word_1_412' title='bbox 510 3703 556 3760; x_wconf 91' lang='lat' dir='ltr'><strong>illa</strong></span> <span class='ocrx_word' id='word_1_413' title='bbox 571 3705 772 3778; x_wconf 87' lang='lat' dir='ltr'><strong>preciosissima</strong></span> <span class='ocrx_word' id='word_1_414' title='bbox 788 3713 815 3760; x_wconf 91' lang='lat' dir='ltr'><strong>et</strong></span> <span class='ocrx_word' id='word_1_415' title='bbox 830 3710 932 3760; x_wconf 78' lang='lat' dir='ltr'><strong>aeterua</strong></span> <span class='ocrx_word' id='word_1_416' title='bbox 954 3702 1076 3776; x_wconf 84' lang='lat' dir='ltr'><strong>martyrii</strong></span> <span class='ocrx_word' id='word_1_417' title='bbox 1098 3717 1200 3758; x_wconf 84' lang='lat' dir='ltr'><strong>corona</strong></span> <span class='ocrx_word' id='word_1_418' title='bbox 1221 3703 1393 3777; x_wconf 80' lang='lat' dir='ltr'><strong>permutare?</strong></span> 
     </span>
     <span class='ocr_line' id='line_1_39' title="bbox 96 3785 1393 3862; baseline 0 -18"><span class='ocrx_word' id='word_1_419' title='bbox 96 3788 199 3862; x_wconf 78' lang='lat' dir='ltr'><strong>Neque</strong></span> <span class='ocrx_word' id='word_1_420' title='bbox 213 3803 281 3842; x_wconf 84' lang='lat' dir='ltr'><strong>vero</strong></span> <span class='ocrx_word' id='word_1_421' title='bbox 294 3785 470 3844; x_wconf 77' lang='lat' dir='ltr'><strong>subvertatur</strong></span> <span class='ocrx_word' id='word_1_422' title='bbox 485 3788 625 3846; x_wconf 89' lang='lat' dir='ltr'><strong>beatitudo</strong></span> <span class='ocrx_word' id='word_1_423' title='bbox 640 3799 729 3847; x_wconf 88' lang='lat' dir='ltr'><strong>vestra</strong></span> <span class='ocrx_word' id='word_1_424' title='bbox 741 3789 888 3846; x_wconf 84' lang='lat' dir='ltr'><strong>Turearum</strong></span> <span class='ocrx_word' id='word_1_425' title='bbox 903 3787 1067 3862; x_wconf 90' lang='lat' dir='ltr'><strong>potentiam:</strong></span> <span class='ocrx_word' id='word_1_426' title='bbox 1082 3789 1137 3842; x_wconf 87' lang='lat' dir='ltr'><strong>noir</strong></span> <span class='ocrx_word' id='word_1_427' title='bbox 1155 3795 1196 3842; x_wconf 92' lang='lat' dir='ltr'><strong>tot</strong></span> <span class='ocrx_word' id='word_1_428' title='bbox 1211 3787 1393 3862; x_wconf 87' lang='lat' dir='ltr'><strong>apparatibus,</strong></span> 
     </span>
     <span class='ocr_line' id='line_1_40' title="bbox 62 3869 1394 3948; baseline 0.001 -20"><span class='ocrx_word' id='word_1_429' title='bbox 62 3889 161 3928; x_wconf 77' lang='lat' dir='ltr'><strong>eonon</strong></span> <span class='ocrx_word' id='word_1_430' title='bbox 187 3877 265 3928; x_wconf 86' lang='lat' dir='ltr'><strong>tanta</strong></span> <span class='ocrx_word' id='word_1_431' title='bbox 287 3869 449 3928; x_wconf 89' lang='lat' dir='ltr'><strong>bellatorum</strong></span> <span class='ocrx_word' id='word_1_432' title='bbox 471 3869 741 3948; x_wconf 72' lang='lat' dir='ltr'><strong>copiaindigemus:</strong></span> <span class='ocrx_word' id='word_1_433' title='bbox 765 3875 823 3948; x_wconf 89' lang='lat' dir='ltr'><strong>ipse</strong></span> <span class='ocrx_word' id='word_1_434' title='bbox 844 3891 960 3947; x_wconf 88' lang='lat' dir='ltr'><strong>namque</strong></span> <span class='ocrx_word' id='word_1_435' title='bbox 981 3873 1051 3928; x_wconf 79' lang='lat' dir='ltr'><strong>neus</strong></span> <span class='ocrx_word' id='word_1_436' title='bbox 1073 3881 1131 3936; x_wconf 87' lang='lat' dir='ltr'><strong>est,</strong></span> <span class='ocrx_word' id='word_1_437' title='bbox 1154 3890 1206 3946; x_wconf 88' lang='lat' dir='ltr'><strong>pro</strong></span> <span class='ocrx_word' id='word_1_438' title='bbox 1229 3891 1283 3948; x_wconf 90' lang='lat' dir='ltr'><strong>quo</strong></span> <span class='ocrx_word' id='word_1_439' title='bbox 1306 3881 1394 3929; x_wconf 89' lang='lat' dir='ltr'><strong>certa-</strong></span> 
     </span>
     <span class='ocr_line' id='line_1_41' title="bbox 98 3956 1394 4034; baseline 0.002 -22"><span class='ocrx_word' id='word_1_440' title='bbox 98 3958 159 4014; x_wconf 86' lang='lat' dir='ltr'><strong>turi</strong></span> <span class='ocrx_word' id='word_1_441' title='bbox 185 3973 297 4017; x_wconf 89' lang='lat' dir='ltr'><strong>sumus,</strong></span> <span class='ocrx_word' id='word_1_442' title='bbox 321 3956 379 4029; x_wconf 91' lang='lat' dir='ltr'><strong>ipse</strong></span> <span class='ocrx_word' id='word_1_443' title='bbox 401 3957 509 4016; x_wconf 83' lang='lat' dir='ltr'><strong>docebit</strong></span> <span class='ocrx_word' id='word_1_444' title='bbox 531 3971 626 4016; x_wconf 87' lang='lat' dir='ltr'><strong>manus</strong></span> <span class='ocrx_word' id='word_1_445' title='bbox 648 3969 757 4017; x_wconf 87' lang='lat' dir='ltr'><strong>nostras</strong></span> <span class='ocrx_word' id='word_1_446' title='bbox 780 3960 811 4015; x_wconf 89' lang='lat' dir='ltr'><strong>ad</strong></span> <span class='ocrx_word' id='word_1_447' title='bbox 834 3959 975 4034; x_wconf 83' lang='lat' dir='ltr'><strong>praelium,</strong></span> <span class='ocrx_word' id='word_1_448' title='bbox 999 3967 1027 4014; x_wconf 90' lang='lat' dir='ltr'><strong>et</strong></span> <span class='ocrx_word' id='word_1_449' title='bbox 1042 3959 1172 4032; x_wconf 75' lang='lat' dir='ltr'><strong>ponetut</strong></span> <span class='ocrx_word' id='word_1_450' title='bbox 1187 3974 1278 4015; x_wconf 86' lang='lat' dir='ltr'><strong>arcum</strong></span> <span class='ocrx_word' id='word_1_451' title='bbox 1294 3975 1394 4015; x_wconf 73' lang='lat' dir='ltr'><strong>areum</strong></span> 
     </span>
     <span class='ocr_line' id='line_1_42' title="bbox 97 4041 1394 4120; baseline 0.002 -22"><span class='ocrx_word' id='word_1_452' title='bbox 97 4041 219 4100; x_wconf 84' lang='lat' dir='ltr'><strong>brachia</strong></span> <span class='ocrx_word' id='word_1_453' title='bbox 232 4049 352 4104; x_wconf 73' lang='lat' dir='ltr'><strong>,nostraa</strong></span> <span class='ocrx_word' id='word_1_454' title='bbox 376 4042 432 4116; x_wconf 89' lang='lat' dir='ltr'><strong>ipse</strong></span> <span class='ocrx_word' id='word_1_455' title='bbox 455 4043 529 4100; x_wconf 91' lang='lat' dir='ltr'><strong>dabit</strong></span> <span class='ocrx_word' id='word_1_456' title='bbox 551 4044 630 4101; x_wconf 90' lang='lat' dir='ltr'><strong>nobis</strong></span> <span class='ocrx_word' id='word_1_457' title='bbox 652 4045 851 4120; x_wconf 85' lang='lat' dir='ltr'><strong>protectionem</strong></span> <span class='ocrx_word' id='word_1_458' title='bbox 873 4044 969 4102; x_wconf 88' lang='lat' dir='ltr'><strong>salutis</strong></span> <span class='ocrx_word' id='word_1_459' title='bbox 992 4062 1048 4100; x_wconf 88' lang='lat' dir='ltr'><strong>suae</strong></span> <span class='ocrx_word' id='word_1_460' title='bbox 1071 4051 1099 4100; x_wconf 91' lang='lat' dir='ltr'><strong>et</strong></span> <span class='ocrx_word' id='word_1_461' title='bbox 1119 4046 1230 4102; x_wconf 84' lang='lat' dir='ltr'><strong>dextera</strong></span> <span class='ocrx_word' id='word_1_462' title='bbox 1253 4045 1311 4101; x_wconf 91' lang='lat' dir='ltr'><strong>eius</strong></span> <span class='ocrx_word' id='word_1_463' title='bbox 1334 4062 1394 4101; x_wconf 89' lang='lat' dir='ltr'><strong>ses·</strong></span> 
     </span>
    </p>
   </div>
   <div class='ocr_carea' id='block_1_5' title="bbox 100 4207 314 4220">
    <p class='ocr_par' dir='ltr' id='par_1_5' title="bbox 100 4207 314 4220">
     <span class='ocr_line' id='line_1_43' title="bbox 100 4207 314 4220; baseline -0.014 0"><span class='ocrx_word' id='word_1_464' title='bbox 100 4207 314 4220; x_wconf 78' lang='lat'><em>-—-—-</em></span> 
     </span>
    </p>
   </div>
   <div class='ocr_carea' id='block_1_6' title="bbox 97 4307 1399 4723">
    <p class='ocr_par' dir='ltr' id='par_1_6' title="bbox 97 4307 1399 4723">
     <span class='ocr_line' id='line_1_44' title="bbox 174 4307 1396 4386; baseline 0.006 -27"><span class='ocrx_word' id='word_1_465' title='bbox 174 4307 188 4340; x_wconf 79' lang='lat'><em>⁰</em></span> <span class='ocrx_word' id='word_1_466' title='bbox 207 4323 318 4375; x_wconf 83' lang='lat' dir='ltr'><strong>semper</strong></span> <span class='ocrx_word' id='word_1_467' title='bbox 336 4309 417 4360; x_wconf 88' lang='lat' dir='ltr'><strong>inviti</strong></span> <span class='ocrx_word' id='word_1_468' title='bbox 429 4312 512 4386; x_wconf 78' lang='lat' dir='ltr'><strong>omisit</strong></span> <span class='ocrx_word' id='word_1_469' title='bbox 523 4312 553 4362; x_wconf 84' lang='lat' dir='ltr'><strong>R.</strong></span> <span class='ocrx_word' id='word_1_470' title='bbox 606 4312 625 4344; x_wconf 90' lang='lat'><strong>¹¹</strong></span> <span class='ocrx_word' id='word_1_471' title='bbox 645 4311 755 4380; x_wconf 84' lang='lat' dir='ltr'><strong>pacem]</strong></span> <span class='ocrx_word' id='word_1_472' title='bbox 776 4312 861 4379; x_wconf 85' lang='lat' dir='ltr'><strong>ligem</strong></span> <span class='ocrx_word' id='word_1_473' title='bbox 873 4314 904 4365; x_wconf 88' lang='lat' dir='ltr'><strong>·d.</strong></span> <span class='ocrx_word' id='word_1_474' title='bbox 920 4313 959 4367; x_wconf 87' lang='grc'><strong>19.</strong></span> <span class='ocrx_word' id='word_1_475' title='bbox 974 4314 1036 4365; x_wconf 87' lang='lat' dir='ltr'><strong>Oet.</strong></span> <span class='ocrx_word' id='word_1_476' title='bbox 1056 4330 1081 4368; x_wconf 84' lang='lat' dir='ltr'><strong>e.</strong></span> <span class='ocrx_word' id='word_1_477' title='bbox 1098 4314 1170 4366; x_wconf 77' lang='lat'>1516.</span> <span class='ocrx_word' id='word_1_478' title='bbox 1190 4317 1263 4366; x_wconf 87' lang='lat' dir='ltr'><strong>inter</strong></span> <span class='ocrx_word' id='word_1_479' title='bbox 1274 4316 1396 4366; x_wconf 86' lang='lat' dir='ltr'><strong>Leonem</strong></span> 
     </span>
     <span class='ocr_line' id='line_1_45' title="bbox 97 4396 1396 4474; baseline 0.003 -28"><span class='ocrx_word' id='word_1_480' title='bbox 97 4397 304 4458; x_wconf 69' lang='lat' dir='ltr'><strong>Caesaremque</strong></span> <span class='ocrx_word' id='word_1_481' title='bbox 319 4399 346 4444; x_wconf 88' lang='lat' dir='ltr'><strong>et</strong></span> <span class='ocrx_word' id='word_1_482' title='bbox 358 4409 438 4474; x_wconf 74' lang='lat' dir='ltr'><strong>regas</strong></span> <span class='ocrx_word' id='word_1_483' title='bbox 449 4396 593 4462; x_wconf 80' lang='lat' dir='ltr'><strong>Hispaniae</strong></span> <span class='ocrx_word' id='word_1_484' title='bbox 606 4397 766 4464; x_wconf 70' lang='lat' dir='ltr'><strong>angliaeque</strong></span> <span class='ocrx_word' id='word_1_485' title='bbox 778 4413 827 4465; x_wconf 89' lang='lat' dir='ltr'><strong>pro</strong></span> <span class='ocrx_word' id='word_1_486' title='bbox 844 4399 1006 4450; x_wconf 76' lang='lat' dir='ltr'><strong>defensione</strong></span> <span class='ocrx_word' id='word_1_487' title='bbox 1020 4399 1147 4452; x_wconf 86' lang='lat' dir='ltr'><strong>eeclesiae</strong></span> <span class='ocrx_word' id='word_1_488' title='bbox 1161 4403 1266 4452; x_wconf 82' lang='lat' dir='ltr'><strong>initam.</strong></span> <span class='ocrx_word' id='word_1_489' title='bbox 1320 4399 1341 4433; x_wconf 85' lang='lat'><strong>¹¹</strong></span> <span class='ocrx_word' id='word_1_490' title='bbox 1360 4402 1396 4451; x_wconf 84' lang='lat' dir='ltr'><strong>ei.</strong></span> 
     </span>
     <span class='ocr_line' id='line_1_46' title="bbox 97 4477 1397 4550; baseline 0.005 -22"><span class='ocrx_word' id='word_1_491' title='bbox 97 4478 211 4532; x_wconf 78' lang='lat' dir='ltr'><strong>nastth.</strong></span> <span class='ocrx_word' id='word_1_492' title='bbox 225 4479 329 4536; x_wconf 82' lang='lat' dir='ltr'><strong>xx111.</strong></span> <span class='ocrx_word' id='word_1_493' title='bbox 343 4477 384 4528; x_wconf 79' lang='lat'><strong>34.</strong></span> <span class='ocrx_word' id='word_1_494' title='bbox 398 4494 456 4545; x_wconf 90' lang='lat' dir='ltr'><strong>sqq.</strong></span> <span class='ocrx_word' id='word_1_495' title='bbox 495 4478 591 4532; x_wconf 54' lang='lat' dir='ltr'><strong>heum</strong></span> <span class='ocrx_word' id='word_1_496' title='bbox 609 4488 665 4533; x_wconf 87' lang='lat' dir='ltr'><strong>met</strong></span> <span class='ocrx_word' id='word_1_497' title='bbox 683 4485 713 4534; x_wconf 83' lang='lat' dir='ltr'><strong>ll.</strong></span> <span class='ocrx_word' id='word_1_498' title='bbox 727 4489 742 4534; x_wconf 83' lang='lat' dir='ltr'><strong>l.</strong></span> <span class='ocrx_word' id='word_1_499' title='bbox 756 4485 901 4550; x_wconf 84' lang='lat' dir='ltr'><strong>ipsummet</strong></span> <span class='ocrx_word' id='word_1_500' title='bbox 919 4487 1004 4535; x_wconf 76' lang='lat' dir='ltr'><strong>aanor.</strong></span> <span class='ocrx_word' id='word_1_501' title='bbox 1021 4485 1091 4536; x_wconf 79' lang='lat' dir='ltr'><strong>CH.</strong></span> <span class='ocrx_word' id='word_1_502' title='bbox 1131 4484 1153 4518; x_wconf 78' lang='lat'><strong>²¹</strong></span> <span class='ocrx_word' id='word_1_503' title='bbox 1171 4487 1297 4537; x_wconf 89' lang='lat' dir='ltr'><strong>mercede</strong></span> <span class='ocrx_word' id='word_1_504' title='bbox 1309 4487 1397 4536; x_wconf 79' lang='lat' dir='ltr'><strong>adnot.</strong></span> 
     </span>
     <span class='ocr_line' id='line_1_47' title="bbox 101 4561 1398 4638; baseline 0.005 -23"><span class='ocrx_word' id='word_1_505' title='bbox 101 4565 180 4617; x_wconf 72' lang='lat' dir='ltr'><strong>CH.</strong></span> <span class='ocrx_word' id='word_1_506' title='bbox 219 4561 242 4594; x_wconf 69' lang='lat'><strong>⁹</strong></span> <span class='ocrx_word' id='word_1_507' title='bbox 260 4562 378 4614; x_wconf 81' lang='lat' dir='ltr'><strong>Senatus</strong></span> <span class='ocrx_word' id='word_1_508' title='bbox 397 4565 550 4616; x_wconf 84' lang='lat' dir='ltr'><strong>consultam</strong></span> <span class='ocrx_word' id='word_1_509' title='bbox 566 4565 607 4617; x_wconf 86' lang='lat' dir='ltr'><strong>Ne</strong></span> <span class='ocrx_word' id='word_1_510' title='bbox 621 4567 683 4632; x_wconf 88' lang='lat' dir='ltr'><strong>quid</strong></span> <span class='ocrx_word' id='word_1_511' title='bbox 701 4569 860 4620; x_wconf 88' lang='lat' dir='ltr'><strong>detrimenti</strong></span> <span class='ocrx_word' id='word_1_512' title='bbox 878 4571 973 4636; x_wconf 82' lang='lat' dir='ltr'><strong>captat</strong></span> <span class='ocrx_word' id='word_1_513' title='bbox 995 4587 1065 4637; x_wconf 86' lang='lat' dir='ltr'><strong>resp.</strong></span> <span class='ocrx_word' id='word_1_514' title='bbox 1084 4572 1260 4622; x_wconf 83' lang='lat' dir='ltr'><strong>dictatoriam</strong></span> <span class='ocrx_word' id='word_1_515' title='bbox 1277 4577 1398 4638; x_wconf 79' lang='lat' dir='ltr'><strong>potesla-</strong></span> 
     </span>
     <span class='ocr_line' id='line_1_48' title="bbox 98 4646 1399 4723; baseline 0.004 -22"><span class='ocrx_word' id='word_1_516' title='bbox 98 4659 163 4702; x_wconf 85' lang='lat' dir='ltr'><strong>tem</strong></span> <span class='ocrx_word' id='word_1_517' title='bbox 185 4646 262 4712; x_wconf 63' lang='lat' dir='ltr'><strong>:pud</strong></span> <span class='ocrx_word' id='word_1_518' title='bbox 277 4647 414 4719; x_wconf 81' lang='lat' dir='ltr'><strong>Romanoa</strong></span> <span class='ocrx_word' id='word_1_519' title='bbox 432 4651 589 4702; x_wconf 85' lang='lat' dir='ltr'><strong>consulibus</strong></span> <span class='ocrx_word' id='word_1_520' title='bbox 610 4652 703 4704; x_wconf 82' lang='lat' dir='ltr'><strong>dabat.</strong></span> <span class='ocrx_word' id='word_1_521' title='bbox 750 4653 772 4688; x_wconf 81' lang='lat'><strong>³²</strong></span> <span class='ocrx_word' id='word_1_522' title='bbox 790 4671 863 4723; x_wconf 87' lang='lat' dir='ltr'><strong>exsp.</strong></span> <span class='ocrx_word' id='word_1_523' title='bbox 878 4656 914 4710; x_wconf 73' lang='lat' dir='ltr'><strong>H,</strong></span> <span class='ocrx_word' id='word_1_524' title='bbox 961 4655 1294 4709; x_wconf 76' lang='lat' dir='ltr'><strong>¹³er.Psstm.x1nv.a.·</strong></span> <span class='ocrx_word' id='word_1_525' title='bbox 1311 4656 1399 4706; x_wconf 80' lang='lat' dir='ltr'><strong>femur</strong></span> 
     </span>
    </p>
   </div>
   <div class='ocr_carea' id='block_1_7' title="bbox 102 4727 1399 4808">
    <p class='ocr_par' dir='ltr' id='par_1_7' title="bbox 102 4727 1399 4808">
     <span class='ocr_line' id='line_1_49' title="bbox 102 4727 1399 4808; baseline 0.006 -24"><span class='ocrx_word' id='word_1_526' title='bbox 102 4735 184 4788; x_wconf 72' lang='lat' dir='ltr'><strong>ari.</strong></span> <span class='ocrx_word' id='word_1_527' title='bbox 240 4727 427 4785; x_wconf 65' lang='lat' dir='ltr'><strong>“cinctoria</strong></span> <span class='ocrx_word' id='word_1_528' title='bbox 480 4733 659 4788; x_wconf 68' lang='lat' dir='ltr'><strong>”offerriBs</strong></span> <span class='ocrx_word' id='word_1_529' title='bbox 706 4737 728 4772; x_wconf 79' lang='lat'><strong>³⁸</strong></span> <span class='ocrx_word' id='word_1_530' title='bbox 746 4757 827 4806; x_wconf 85' lang='lat' dir='ltr'><strong>praee.</strong></span> <span class='ocrx_word' id='word_1_531' title='bbox 842 4741 889 4793; x_wconf 73' lang='lat'><strong>132.</strong></span> <span class='ocrx_word' id='word_1_532' title='bbox 901 4741 978 4808; x_wconf 63' lang='lat' dir='ltr'><strong>pret.</strong></span> <span class='ocrx_word' id='word_1_533' title='bbox 992 4744 1028 4794; x_wconf 81' lang='lat' dir='ltr'><strong>H.</strong></span> <span class='ocrx_word' id='word_1_534' title='bbox 1074 4739 1399 4807; x_wconf 78' lang='lat' dir='ltr'><strong>¹⁰Psalm.Xl⁷II.35.sq.</strong></span> 
     </span>
    </p>
   </div>
   <div class='ocr_carea' id='block_1_8' title="bbox 0 0 1718 5534">
    <p class='ocr_par' dir='ltr' id='par_1_8' title="bbox 0 0 1718 5534">
     <span class='ocr_line' id='line_1_50' title="bbox 0 0 1718 5534; baseline 0 0"><span class='ocrx_word' id='word_1_535' title='bbox 0 0 1718 5534; x_wconf 95' lang='lat' dir='ltr'><strong> </strong></span> 
     </span>
    </p>
   </div>
  </div>
 </body>
</html>
