3382 5516
357 409 429 482 196
508 439 698 478 consummo
712 441 874 478 almaton
886 439 1041 477 rnorostn
1052 439 1088 476 ΔΙ
1100 439 1292 476 lucrontnrs
1305 441 1340 476 tta·
1350 441 1374 476 C·
1388 442 1414 478 Δ.
1422 435 1481 508 15³2.

354 599 431 661 terit,
465 607 631 673 expugnatas
661 599 797 662 munient.
830 607 858 656 et
884 599 956 672 apud
984 615 1030 656 eas
1051 606 1188 673 tamquam
1215 599 1242 656 in
1271 597 1429 659 antemurali
1458 599 1565 674 quiedam
1589 616 1611 654 ss

353 684 524 740 continentes
545 691 658 741 caeteras
675 681 806 740 -linitimas
829 683 979 759 lurcorum
1000 683 1141 756 regiones.
1164 684 1316 759 praesertim
1338 701 1398 742 eum
1419 679 1541 746 Tartxris.
1559 683 1611 757 sq-

353 769 407 824 this
429 777 457 824 et
479 766 615 830 Valachis,
639 757 738 842 quibus
760 769 787 824 in
810 768 853 825 his
875 767 988 825 urbibus
1010 767 1174 826 domicilium
1202 771 1386 832 consument,
1414 768 1558 826 discurrent
1575 768 1611 824 de

352 851 610 928 praedabunturque.
633 861 661 909 et
683 853 734 910 hoc
755 860 835 927 pacto
857 853 986 910 exercitui
1009 853 1168 910 sustinendo
1190 853 1330 928 pecuniam
1352 853 1538 928 impetrabunt.
1570 853 1611 907 tt-

351 939 526 1012 nitenturque
555 953 664 1000 omnes,
693 937 717 994 si
745 937 817 994 iorte
837 935 1038 995 Chalcidensem
1067 955 1115 994 seu
1143 938 1306 1014 Nigroponti
1334 946 1381 995 aut
1407 939 1434 995 in
1457 955 1488 995 ea
1508 937 1627 1012 proximat

279 1049 289 1064 .
351 1023 485 1080 maritima
501 1039 554 1102 ‘ora
577 1029 688 1096 portum
715 1022 869 1098 quempiam
896 1023 1036 1097 acquirere
1063 1023 1184 1098 possint.
1215 1024 1243 1080 in
1271 1040 1351 1098 quem
1376 1023 1499 1080 Africana
1524 1021 1610 1082 elassis

349 1127 411 1182 quae
438 1109 519 1165 tertio
541 1107 719 1182 expeditionis
741 1123 826 1170 anno.
850 1107 979 1182 perlectis
999 1107 1098 1164 Africae
1120 1107 1215 1170 rebus,
1238 1107 1271 1164 ad
1292 1125 1341 1165 eos
1361 1108 1519 1168 oonoendet,
1538 1105 1610 1162 delata

349 1194 499 1250 exercitum
519 1192 598 1250 lacile
620 1192 648 1248 in
670 1210 700 1248 ea
723 1191 782 1250 loca
804 1209 940 1266 exponere
961 1201 990 1250 et
1017 1185 1206 1250 terrestribus'
1216 1192 1430 1250 Christianorum
1456 1192 1539 1266 copiis
1562 1208 1610 1247 sese

344 1278 494 1350 ‘adiungere
516 1277 613 1352 possit.
1573 1253 1591 1298 θ’

432 1370 474 1424 33.
498 1362 589 1418 Tertio
612 1371 703 1420 autem
725 1375 809 1425 anno,
833 1362 880 1436 qui
902 1363 955 1420 erit
977 1362 1122 1435 vigesimus
1144 1371 1207 1436 post
1229 1363 1475 1437 quingentesimum
1497 1369 1524 1420 et
1537 1358 1633 1418 mille-tt

348 1448 457 1511 simum.
480 1446 679 1505 sacratissimus
701 1446 852 1522 Imperator
873 1455 901 1503 et
915 1445 1090 1520 Portugalliae
1106 1444 1173 1510 ilex.
1196 1446 1308 1506 liberata
1329 1447 1396 1510 iam.
1419 1455 1452 1504 ut
1466 1445 1607 1521 sperandum

347 1540 405 1598 est,
428 1533 517 1589 hlrica
539 1531 755 1606 expugnatisque
777 1531 889 1588 urbibus
911 1529 1026 1606 hleayro
1048 1540 1077 1588 et
1098 1530 1270 1594 Alexandria.
1300 1533 1415 1606 fusaque
1436 1541 1466 1588 et
1485 1531 1607 1605 dissipata.

347 1626 377 1673 ut
399 1618 426 1672 in
448 1617 537 1674 animo
559 1625 615 1679 est.
639 1615 908 1678 lurcorum-classe,
937 1616 1071 1674 exercitus
1093 1634 1173 1698 suqs.
1201 1633 1262 1673 cum
1290 1618 1444 1692 presertim
1466 1615 1606 1674 maritimam

346 1701 378 1756 ad
401 1719 458 1759 eam
481 1718 537 1758 rem
559 1699 748 1776 perficiendam
769 1699 882 1758 classem
905 1701 1084 1758 sufficientem
1105 1699 1259 1764 habebunt.
1282 1702 1309 1758 in
1331 1701 1460 1760 Caesiam
1482 1701 1606 1760 traiicieat

345 1785 565 1861 Francorumque
590 1805 622 1844 ac
642 1785 762 1843 Poloniae
784 1785 901 1859 Regibus
929 1786 1047 1844 adiumnti
1073 1787 1179 1844 aloinum
1208 1787 1357 1844 'lurcorum
1386 1786 1494 1861 tyranni
1521 1785 1630 1860 regiamtt

345 1871 440 1928 urbem
463 1871 725 1944 Constantinopolim
748 1869 925 1947 obsidebunt.
942 1887 1034 1944 veaque
1054 1878 1132 1947 capta
1155 1871 1182 1928 in
1204 1871 1334 1928 Minorem
1354 1873 1444 1928 Asiam
1467 1871 1521 1928 sire
1541 1869 1607 1926 dato

344 1953 407 2012 liam
429 1965 595 2030 caeterasque
618 1956 779 2012 remotiores
801 1955 950 2013 'lurcorum
979 1957 1119 2030 regiones,
1148 1956 1290 2014 adiuvante
1320 1962 1384 2012 tunc
1411 1955 1515 2030 absque
1539 1952 1608 2010 dubio

344 2039 428 2113 Sophi
450 2041 594 2108 Persarum
615 2041 701 2114 Rege.
724 2041 917 2114 aggredientur
938 2047 966 2096 et
987 2040 1084 2098 ditioni
1106 2059 1163 2096 suae
1185 2039 1342 2102 subiicient.
1371 2049 1399 2097 et
1425 2041 1453 2099 in
1473 2039 1544 2096 hunc
1562 2054 1608 2093 no·

342 2125 405 2181 duxn
428 2126 604 2182 sanctissimas
626 2125 690 2182 huie
715 2125 879 2200 expeditioni
907 2123 1017 2180 devictis
1043 2124 1238 2200 dissipatisque
1264 2123 1409 2182 Christiani
1436 2123 1550 2181 nominis
1568 2121 1608 2178 ho·

342 2208 444 2266 stibus.
466 2209 545 2268 sinens
568 2211 717 2284 imponent.
1470 2213 1474 2222 '
1602 2203 1631 2252 '²⁰

426 2301 468 2356 st.
490 2295 622 2351 Poterant
644 2302 733 2351 autent
757 2294 799 2350 hic
821 2293 938 2369 praemiis
954 2293 1098 2350 Christiani
1119 2295 1298 2368 expeditionis
1319 2295 1402 2352 duces
1417 2294 1556 2351 Persarum
1569 2291 1608 2348 lle·

241 2385 244 2393 '
341 2397 402 2452 gem
426 2379 510 2454 Sophi
532 2377 611 2437 facile
633 2379 754 2440 allicere.
777 2379 800 2434 si
822 2397 882 2435 cum
905 2397 938 2436 eo
960 2379 1149 2442 convenerint,
1179 2387 1209 2435 ut
1238 2380 1324 2454 captis
1352 2387 1380 2436 et
1410 2379 1437 2434 in
1460 2378 1607 2435 deditionem

341 2463 395 2522 illis
418 2465 565 2539 provinciis
588 2464 703 2522 redactis
726 2462 765 2519 illi
781 2461 893 2542 Natoiie
916 2463 1060 2526 medietas,
1084 2465 1263 2538 universaque
1277 2442 1432 2520 Gainounia
1455 2471 1484 2520 et
1498 2461 1607 2518 Armenia

338 2549 431 2612 cedat,
454 2557 551 2606 caetera
575 2541 639 2606 voro
662 2567 722 2622 quae
745 2557 772 2604 ct
795 2548 824 2604 in
845 2548 907 2604 Asia
928 2557 956 2605 et
979 2547 1005 2604 in
1027 2547 1116 2632 birico
1139 2553 1216 2611 sunt.
1239 2557 1267 2604 et
1288 2548 1443 2643 praeeqrtim
1465 2547 1607 2622 AEgyptum.
1639 2559 1643 2570 ’

340 2643 459 2690 sanctam
481 2633 663 2696 Hierusalem,
687 2632 732 2689 nbi
754 2631 928 2706 sepulchrum
951 2632 1050 2690 Christi
1071 2641 1128 2695 est.
1150 2632 1310 2690 Christianis
1331 2633 1459 2690 dimittat.
1532 2659 1550 2707 ,g
1607 2635 1632 2717 ,ὅ

424 2724 468 2779 35.
491 2719 537 2774 liis
565 2727 654 2778 autem
680 2717 850 2775 successibus
878 2716 1027 2774 Christiana
1056 2716 1207 2791 respublica
1237 2718 1263 2796 in
1292 2717 1403 2793 triplum
1431 2718 1489 2774 iere
1511 2712 1607 2773 adaucta

340 2821 467 2860 successu
491 2803 621 2877 temporis
640 2802 723 2860 etiam
746 2802 853 2860 Africus
874 2802 961 2876 Reges
989 2802 1022 2858 ad
1043 2801 1143 2860 Christi
1171 2801 1248 2860 hdem
1276 2802 1377 2860 sanctis
1399 2799 1608 2878 persuasionibus

340 2888 443 2961 poterit
464 2877 631 2945 convertere.

425 2977 467 3032 36.
489 2971 553 3038 Quae
576 2989 638 3029 vero
661 2989 758 3045 regna,
781 2971 940 3045 provincias,
962 2971 1079 3028 ditiones
1101 2989 1133 3028 ex
1156 2972 1208 3028 hiis
1230 2979 1330 3030 sancte
1345 2971 1426 3028 huius
1441 2967 1606 3046 expeditionis

338 3057 460 3115 victoriis
483 3065 558 3131 parta
582 3041 703 3117 luerint.v
719 3075 749 3112 ca
770 3057 843 3113 omni
865 3065 968 3114 semota
989 3057 1083 3113 fraude
1107 3056 1177 3113 inter
1197 3056 1365 3114 Christianos
1386 3057 1488 3130 heffa.
1517 3051 1631 3123 Princi5³⁰

338 3159 387 3216 pes
409 3149 437 3198 ot
460 3137 752 3215 potentatus'arbitrio
776 3141 907 3204 iudicum,
935 3142 981 3215 qui
1005 3141 1184 3216 undequaque
1205 3159 1237 3198 ex
1253 3140 1378 3198 omnibus
1393 3139 1553 3206 Christianis
1567 3153 1607 3208 po·

339 3225 489 3289 tenutibus
509 3225 729 3306 deputabuntur,'
750 3226 944 3300 superarbitris
966 3225 1137 3284 sanctissimo
1159 3227 1267 3292 domino
1289 3235 1438 3284 nostwet
1459 3242 1536 3284 sacro
1555 3221 1607 3278 Car

336 3310 464 3372 dinaliurn
486 3310 617 3384 collegio,
641 3329 717 3385 aequa
740 3311 866 3386 portione
887 3310 1047 3368 dividentur·
1556 3353 1563 3369 .

422 3401 464 3458 37.
486 3397 627 3452 Postremo
650 3405 751 3459 autem,
774 3404 805 3452 ut
828 3397 919 3452 omnia·
938 3396 1018 3453 eitius
1040 3395 1164 3452 concludi
1186 3413 1218 3454 ae
1239 3404 1343 3454 mature
1370 3395 1522 3460 executioni
1543 3407 1606 3449 man·

335 3480 393 3538 dari
415 3482 535 3556 possint,
559 3482 739 3539 necessarium
761 3480 880 3542 videtur,
909 3488 940 3538 ut
967 3481 1165 3556 quamprimum
1187 3480 1329 3538 Christiani
1351 3480 1454 3555 Reges.
1480 3477 1631 3552 Principesl'·

336 3575 364 3623 et
384 3565 560 3628 Potentatus,
584 3567 646 3641 qui,
669 3574 700 3623 ut
721 3565 904 3640 supradictum
927 3573 982 3628 est,
1011 3565 1039 3622 in
1067 3566 1192 3622 Africana
1220 3566 1391 3641 expeditione
1420 3583 1477 3622 eam
1505 3563 1606 3622 comita·
1674 3553 1675 3616 l

334 3649 450 3714 huntur,
474 3651 601 3708 Oratores
624 3669 688 3710 suos
711 3651 743 3708 ad
765 3668 869 3708 sacram
890 3649 1037 3707 Caesaream
1057 3650 1221 3708 blaicstutem
1244 3651 1366 3714 mittant.
1389 3649 1562 3726 singulaque,
1581 3651 1607 3702 ut
1674 3617 1675 3710 i

402 3915 514 3984 ¹mun.]
532 3920 702 3970 nunciantd.
738 3918 767 3968 ln
784 3922 864 3970 antro
882 3917 1019 3968 murelli.
1055 3919 1183 3970 seond.
1218 3915 1449 3982 'Scytbisouet¹
1492 3915 1606 3980 'depre
1674 3955 1675 3980 q

334 4000 471 4054 dabuntur
482 4003 542 4054 aire
554 4005 628 4054 2...s.
664 4002 739 4054 ⁴hoc
752 4003 911 4054 exercitat.
931 4003 1178 4068 prohocaxercitu
1192 4007 1218 4054 d.
1254 4002 1474 4066 proexareitud.
1508 3999 1604 4063 ‘impe
1674 3991 1675 4050 i

252 4099 255 4106 ⁴
333 4087 532 4140 trabuntt...3.
567 4087 804 4168 Admittenturque
816 4091 841 4138 2.
861 4087 1092 4152 admittentesque
1103 4091 1129 4138 3.
1148 4087 1358 4151 adintenturque
1371 4089 1399 4137 4.γ
1433 4083 1606 4136 'lammah

334 4169 594 4232 Calcidensernm.
630 4169 768 4237 sen]in4.
798 4167 960 4223 reasons.
990 4185 1117 4222 ‘besem
1133 4163 1194 4222 aa.
1232 4167 1251 4202 ¹¹
1264 4185 1335 4220 sacr.
1348 4185 1396 4220 oar.
1410 4172 1446 4221 4..
1471 4163 1604 4234 aper.]au·
1674 4161 1675 4240 l

333 4252 574 4315 predictumt...3.
623 4253 643 4290 ¹¹
660 4255 880 4322 Alchaierost.3.
898 4255 1092 4320 Alebayerod.
1133 4253 1153 4288 ¹⁴
1171 4271 1257 4306 navos
1276 4254 1448 4320 classemque
1460 4257 1486 4306 4.
1527 4250 1547 4284 ¹⁵
1563 4247 1605 4300 ad-
1674 4251 1675 4298 i

334 4337 475 4389 iunctior.
521 4339 543 4373 ¹⁸
561 4339 652 4406 Sophy
667 4343 692 4389 2.
712 4340 837 4405 sophye.
858 4347 884 4394 et
900 4342 938 4392 rie
952 4343 1038 4404 pantio
1053 4345 1114 4405 port
1131 4343 1187 4392 2.4.
1234 4339 1372 4390 subiicent
1387 4343 1415 4389 2.
1445 4333 1605 4388 adiicientl.

333 4423 406 4474 etin
424 4421 623 4482 h.mod.mn.4.
660 4423 680 4456 ¹⁹
698 4420 778 4490 huic]
795 4423 896 4476 hinet.
934 4419 1604 4496 [Cur,cunxtandsminitineresint,non1ndos

332 4506 415 4558 etiam
428 4505 611 4573 Sincnaaaque
630 4507 685 4558 sihi
701 4507 867 4576 subiciuntl]
931 4507 953 4542 ²¹
972 4508 1137 4560 Christianae
1155 4511 1230 4559 2...4.
1286 4507 1308 4542 ²⁸
1327 4524 1353 4574 q.
1370 4508 1398 4558 in
1416 4507 1462 4557 Aa.
1476 4503 1571 4556 athir.
1582 4505 1602 4552 l·
1674 4499 1675 4554 i

329 4588 384 4626 “¹¹⁵
400 4591 539 4660 Egyptians
557 4598 586 4644 ct
601 4593 812 4649 dbernaalemd.
864 4591 886 4624 ²⁵
904 4593 1040 4644 demittat.
1054 4597 1079 4645 2.
1124 4591 1147 4626 ¹⁸
1165 4598 1313 4658 conupot
1327 4596 1401 4645 2...t.
1446 4590 1468 4623 ἥ
1485 4593 1521 4642 iia
1539 4589 1603 4640 imi·
1674 4579 1675 4632 Ὗ

329 4673 352 4710 ⁸⁰
368 4679 447 4742 parte
461 4679 485 4729 d.
522 4692 612 4730 aanor.
626 4679 653 4729 A.
687 4675 710 4710 ⁸⁸
727 4680 858 4730 sanctor.
893 4675 916 4712 ³⁶
934 4674 1040 4744 expedl
1059 4677 1230 4748 proiectione
1247 4679 1306 4728 23.
1348 4673 1602 4728 commitebanturt.
1674 4665 1675 4704 l
