3434 5512
340 381 413 453 266
472 411 606 448 ΒΙῦΗΔΙὨΙ
621 412 794 448 aanrnoutttt
808 413 843 448 DE
856 413 1003 448 COllVEld'fV
1016 411 1188 447 avevsrnttat
1202 411 1378 448 nuscarrrto.
1392 412 1418 446 Δ,
1431 403 1490 452 1518.

339 580 367 629 et
389 571 541 647 principum
564 570 713 628 Germaniae
746 571 864 628 virorum
894 571 1116 644 gravissimorum
1145 579 1172 628 et
1194 570 1449 645 potentissimorum
1472 571 1621 630 benivolen-

339 658 403 714 tiam
426 655 522 712 melius
544 673 703 713 conservare
723 665 780 713 nou
804 656 932 731 potuerit.
970 655 1064 712 vellem
1088 664 1118 711 ut
1141 656 1199 712 bec
1221 655 1405 730 intelligerent
1428 666 1455 714 et
1477 658 1620 732 perpende·

338 751 400 798 rent
421 741 532 798 bomani
561 742 663 815 Reges:
692 750 794 815 quotus
824 741 895 798 eninr
926 743 1056 816 quisquc.
1086 749 1114 798 et
1136 740 1285 798 Germanus
1312 749 1341 798 et
1364 743 1390 798 in
1413 743 1568 804 Germania.
1595 751 1621 798 et

338 843 398 884 cnm
421 826 558 882 Germanis
587 826 754 900 principibus
776 825 907 882 Caesareis
935 842 1045 900 qnoque
1072 825 1167 882 aulicis
1194 825 1277 886 aliter
1303 827 1548 901 persuadentibus,
1578 825 1620 882 tali

339 913 366 970 in
387 911 569 968 conservanda
591 911 673 986 legati
683 911 829 984 ‚dignitate
853 919 1065 985 temperamento
1081 928 1147 968 usus
1162 910 1278 968 luisset?
1300 911 1337 968 ita
1354 912 1386 968 iis
1402 913 1449 986 qui
1464 913 1507 969 rix
1522 929 1642 986 parcens

338 997 507 1072 superiorem
527 1013 592 1052 vero
614 997 747 1053 neminem
769 995 869 1053 babere
892 996 1050 1062 voluerunt,
1074 997 1213 1060 secundae,
1236 997 1427 1060 meoiudicio,
1451 1006 1544 1072 partes
1557 997 1622 1052 datar

339 1089 416 1140 sunt:
446 1099 519 1156 saepe
541 1081 611 1138 enim
635 1081 724 1155 specie
746 1081 812 1137 recti
836 1081 994 1156 decipimur.
1038 1081 1186 1154 Ingressus
1208 1091 1249 1138 est
1270 1099 1338 1155 ergo
1362 1083 1520 1139 cardinalia
1538 1084 1624 1138 sured

341 1167 415 1223 Sr'rcti
426 1166 553 1229 Persice,
576 1168 733 1238 allegatum
749 1167 875 1238 decebat,
893 1185 1011 1240 pompa,
1034 1170 1135 1239 quippe
1151 1169 1254 1240 quiret
1268 1167 1384 1222 Romam
1398 1171 1501 1224 reuerti
1513 1169 1556 1223 ecl
1568 1168 1622 1223 cn-

280 1255 325 1307 l.⁸·
339 1267 405 1309 sore
421 1268 456 1308 ac
471 1253 578 1307 coetere's
589 1251 761 1324 principibus
778 1252 881 1308 obvium
896 1251 1019 1308 cuntibus
1035 1253 1148 1324 ingredi,
1157 1255 1305 1324 Arrpustam
1328 1254 1439 1310 nolebat.
1477 1253 1538 1308 llite
1560 1269 1622 1326 ergo

338 1336 463 1394 omnibus
484 1343 560 1394 entra
582 1337 707 1412 intraque
730 1335 859 1411 ternplum
882 1337 1013 1410 peractis,
1037 1337 1106 1396 lama
1129 1335 1221 1394 attulit
1236 1336 1418 1411 Hispanorum
1431 1338 1540 1411 copias,
1563 1353 1649 1410 quen

337 1415 449 1496 1¹35?ss
460 1415 579 1494 fflff'l’
594 1423 650 1493 lin
672 1421 815 1496 Apbricem
844 1431 939 1478 eontra
968 1421 1157 1478 Aenobarbum
1188 1423 1362 1484 traiecerant,
1391 1421 1496 1480 levibus
1525 1421 1622 1496 praeliis

338 1525 397 1564 cunr
421 1525 453 1564 eo
476 1507 628 1564 commissis
650 1508 687 1563 ita
709 1505 840 1582 paulatim
862 1505 936 1562 illius
964 1507 1035 1562 vires
1063 1506 1194 1580 fregisse,
1224 1515 1254 1564 ut
1282 1507 1369 1582 ipsum
1398 1519 1459 1564 cum
1490 1507 1575 1562 fratre
1596 1523 1623 1562 m

339 1591 463 1666 reliquiis
479 1591 617 1668 copiarum
634 1601 711 1666 terga
732 1601 838 1648 vertere
860 1591 1008 1665 coegerint.
1053 1591 1160 1649 lscuru
1183 1592 1255 1648 intra
1277 1591 1374 1648 moenia
1391 1591 1622 1650 Tremezeniorum

339 1695 368 1734 se
391 1677 552 1752 recepisset,
575 1675 622 1734 diu
644 1685 671 1733 et
693 1677 792 1734 acriter
814 1696 828 1732 a
852 1676 955 1734 nostris
977 1675 1110 1735 militibus
1133 1675 1262 1734 obsessus
1284 1685 1341 1742 est;
1364 1678 1495 1751 quicum
1518 1675 1622 1750 lougius

339 1759 507 1818 obsidionem
530 1763 602 1818 serre
624 1779 678 1818 non
701 1769 807 1835 posset,
830 1761 889 1836 ipse
911 1779 964 1818 une
987 1779 1047 1818 cunr
1071 1762 1156 1818 tratre
1178 1780 1208 1818 nc
1229 1761 1330 1818 robore
1346 1761 1478 1824 militum,
1501 1779 1572 1835 quos
1587 1761 1649 1816 in·n

339 1856 381 1903 tra
403 1863 491 1903 arcem
515 1855 670 1921 receperat,
694 1837 743 1922 per
765 1849 897 1920 posticam
921 1855 1026 1921 portam
1049 1846 1117 1904 olam
1133 1865 1260 1921 egressus
1276 1846 1390 1904 salutem
1407 1847 1459 1903 sibi
1475 1847 1540 1920 fuga
1555 1863 1624 1905 com·

339 1948 448 2006 parasse
470 1930 618 1988 arbitratus
641 1940 698 1995 est;
722 1931 832 2006 Hispani
856 1949 919 1988 vero
942 1932 1072 2006 evestigio
1095 1949 1184 1990 arcem
1206 1932 1331 2006 aggressi
1346 1933 1371 1989 vi
1385 1941 1534 2006 ceperunt.
1555 1948 1624 1988 com·
1651 1927 1656 1944 ¹

229 2032 242 2054 0
339 2017 501 2092 modumque
529 2017 562 2073 de
591 2017 649 2074 eins
678 2017 741 2090 luga
769 2017 901 2074 certiores
930 2017 994 2074 laeti
1023 2035 1085 2076 cum
1112 2015 1200 2074 valido
1228 2017 1353 2090 equitatu
1387 2017 1528 2092 prosecuti
1556 2023 1624 2072 sunt,

337 2111 464 2162 ceterum
488 2101 664 2158 Aenobarbus
688 2102 714 2158 in
738 2102 855 2158 transitu
877 2101 1010 2164 [luminis.
1042 2101 1145 2159 nostris
1166 2101 1434 2176 supervenientibus.
1464 2119 1527 2159 cum
1557 2101 1624 2156 baud

339 2195 399 2244 tnto
421 2187 542 2262 ellugere
564 2197 672 2263 posset.
696 2203 803 2266 manum
826 2185 978 2250 conseruit;
1001 2195 1151 2262 pugnatum
1173 2195 1215 2243 est
1230 2187 1358 2259 utrinque
1373 2187 1485 2248 aeriter,
1510 2185 1650 2246 tandemrt

338 2289 399 2332 eum
421 2270 509 2328 nostri
532 2273 689 2347 superiores
712 2273 812 2328 virtute
842 2271 964 2330 militum.
986 2273 1150 2335 evasissent,
1181 2271 1371 2330 Aenobarbum
1397 2289 1457 2329 cunr
1486 2270 1573 2327 tratre
1598 2287 1624 2326 ec

340 2365 399 2414 toto
422 2357 545 2432 equitatu
569 2357 780 2419 interfecerunt,
809 2355 942 2430 alstraque
964 2374 1058 2414 eorum
1080 2358 1169 2432 capita
1191 2355 1345 2414 lancearum
1370 2355 1545 2412 marcionibus
1567 2373 1624 2412 cum

280 2451 326 2503 ts.
341 2442 450 2499 victoria
479 2443 511 2498 ad
540 2441 634 2499 urbem
662 2443 851 2517 deportarunt.
895 2441 958 2499 blec
987 2443 1014 2498 iu
1036 2441 1162 2517 bpbrica.
1198 2442 1226 2498 ln
1250 2441 1391 2498 Germania
1419 2449 1510 2498 autem
1531 2441 1624 2500 Caesar.

337 2545 399 2584 curn
421 2544 496 2584 mora
519 2527 671 2602 principum
695 2544 768 2601 aegre
790 2526 972 2589 detineretur.
996 2526 1098 2587 relictis
1122 2527 1168 2602 qui
1190 2526 1262 2584 intra
1284 2525 1379 2584 urbem
1395 2526 1521 2588 ederant,
1543 2535 1576 2582 ut
1590 2525 1625 2580 in·

339 2612 417 2670 terim
440 2621 468 2668 ct
489 2612 521 2668 de
544 2611 660 2686 publicis
683 2621 710 2668 et
733 2611 846 2686 privatis
869 2611 950 2669 rebus
972 2611 1170 2687 disceptarent,
1194 2611 1270 2668 abiit.
1313 2609 1440 2668 Kalendis
1462 2619 1554 2668 autem
1577 2613 1650 2668 itu-n

329 2689 492 2769 ,lgsslffil‘d'ffillss
500 2691 594 2769 ml·
618 2691 625 2760 l
648 2699 722 2772 gusti
744 2696 887 2760 albertus,
912 2697 1139 2773 brebiepiscopus
1154 2695 1328 2770 Magnetibus
1349 2714 1380 2753 ae
1402 2695 1554 2755 Germaniae
1576 2695 1625 2770 pri·

339 2799 410 2844 mas,
440 2780 539 2855 pileum
569 2799 599 2838 ac
627 2799 776 2857 purpuram
805 2781 990 2862 Cardinrdatus
1018 2782 1137 2856 accepit,
1170 2781 1351 2856 presentibus
1380 2779 1486 2838 Caesare
1515 2780 1625 2854 aliisque

339 2865 521 2940 principibus,
545 2865 687 2934 Palatino,
717 2865 839 2926 Saroniae
867 2868 948 2930 duee,
983 2866 1182 2924 diarchionibus
1210 2865 1498 2940 Brundeburgeusibus
1534 2865 1625 2933 tribus,

340 2951 386 3026 qui
409 2950 555 3007 secundum
578 2951 649 3008 latus
672 2952 784 3012 Caesaris
807 2952 975 3017 assidebant:
1004 2970 1019 3008 e
1041 2952 1154 3026 regione
1181 2961 1271 3008 autem
1300 2949 1543 3008 reverendissimus
1566 2951 1625 3006 Gerr·

338 3034 428 3092 censis
452 3045 544 3092 orator
567 3035 716 3111 pontilicis:
739 3037 969 3112 Archiepiscopus
991 3037 1155 3096 bremensis.
1185 3035 1311 3110 Episcopi
1334 3035 1557 3109 bambergensis,
1578 3037 1651 3108 ily-tt

272 3119 498 3182 t.to.stettensis,
520 3121 716 3196 augustensis,
740 3121 933 3196 Tergestinus,
957 3122 1134 3179 Cortonensis
1161 3122 1190 3178 in
1209 3120 1357 3177 subselliis
1386 3130 1474 3178 erant.
1519 3121 1573 3178 llos
1592 3120 1624 3174 ita

340 3213 398 3262 acta
420 3214 475 3262 est:
498 3223 559 3262 cum
582 3206 697 3280 primum
721 3207 748 3264 iu
772 3205 872 3264 sacello
895 3206 1031 3283 pontilicis
1053 3207 1200 3282 diplomata
1223 3205 1292 3262 lecta
1315 3215 1392 3269 sunt,
1418 3206 1569 3282 datumque
1590 3205 1624 3260 iu·

339 3298 503 3353 ramentum,
526 3309 671 3366 syrmuque
693 3292 848 3349 cardineum
872 3292 1009 3355 indutum,
1033 3291 1163 3366 templum
1186 3291 1303 3366 ingressi
1325 3300 1402 3354 sunt:
1424 3301 1539 3366 peracto
1554 3307 1624 3348 sacro

339 3375 509 3433 adardinali
532 3377 620 3434 sancti
643 3377 710 3434 Sinti
735 3372 872 3451 (quoniam
895 3385 923 3434 et
945 3376 1044 3434 Caesari
1067 3394 1177 3452 quoque
1199 3376 1353 3433 donativum
1377 3377 1432 3433 sire
1456 3375 1625 3433 corollarium

338 3460 514 3536 pontificium
528 3461 645 3518 dandum
666 3461 735 3536 erat)
758 3462 986 3537 Arelriepiseopus
1001 3461 1175 3536 Meguntinus
1197 3461 1230 3520 ad
1252 3460 1336 3518 altare
1359 3461 1475 3518 accessit
1498 3471 1526 3518 et
1548 3467 1650 3534 genu-³5

338 3545 390 3602 bus
411 3545 487 3602 llexis
517 3547 619 3604 tamdiu
648 3547 740 3610 stetit,
771 3548 859 3622 quoad
887 3545 1010 3621 quedam
1039 3547 1193 3621 precamina
1215 3546 1390 3620 legerentur,
1420 3545 1521 3620 quibus
1550 3544 1625 3602 linitis

338 3630 455 3704 bagatus
477 3630 579 3706 pileum
601 3631 756 3689 cardineum
780 3632 839 3688 eius
861 3631 944 3706 capiti
967 3631 1113 3708 imposuit,
1142 3631 1342 3706 comitatusque
1371 3639 1415 3687 est
1437 3631 1470 3686 ad
1493 3627 1625 3688 subsellia.

339 3715 385 3772 ubi
408 3731 423 3772 a
445 3714 607 3774 cancellario
629 3717 786 3790 llaguntino
809 3717 905 3790 gratim
928 3715 1021 3774 relatae
1043 3726 1108 3774 sunt
1129 3715 1251 3791 pontifici
1274 3715 1405 3778 marimo,
1428 3714 1547 3790 collegio
1570 3714 1625 3770 Car·

337 3799 466 3856 dinalium
489 3809 517 3856 et
539 3799 639 3874 legato.
684 3801 747 3858 lnde
770 3802 858 3858 Cesar
881 3818 933 3859 una
955 3819 1015 3858 cum
1038 3801 1129 3876 legato
1150 3801 1182 3858 ad
1197 3801 1282 3858 altare
1297 3800 1447 3875 processit,
1469 3801 1625 3872 detectoque

338 3877 518 3958 blllll'cffilllh
541 3882 548 3951 l
570 3887 659 3961 capite
681 3894 761 3960 grato
785 3887 873 3943 animo
896 3903 988 3944 ensem
1011 3904 1042 3944 ac
1064 3886 1190 3948 insulam,
1214 3885 1380 3959 pontificium
1404 3901 1517 3949 munus,
1540 3893 1650 3942 susce-tt

339 3969 424 4044 cepit:
446 3969 564 4044 Legatos
588 3971 754 4034 orationem,
778 3971 825 4030 sed
848 3969 955 4028 brevem
978 3971 1168 4046 concisamque
1195 3969 1303 4032 habuit,
1335 3967 1518 4044 theologicam
1546 3970 1625 4041 magis

340 4063 420 4128 quarn
442 4055 505 4112 luco
527 4054 638 4119 illitam.
663 4055 709 4113 sed
733 4057 801 4114 satis
823 4055 972 4117 efficacem.
997 4073 1049 4130 qua
1071 4055 1147 4112 linita
1162 4056 1189 4113 in
1205 4055 1328 4114 manibus
1344 4055 1536 4130 Imperatoris,
1559 4051 1625 4128 qnod

339 4137 414 4195 ltelix
436 4148 463 4195 et
485 4140 606 4198 faustum
628 4157 707 4197 omen
730 4148 817 4204 esset,
847 4159 939 4198 ensem
968 4149 995 4198 et
1024 4139 1136 4198 inlularn
1160 4140 1298 4216 imposuit.
1341 4139 1464 4197 Peractis
1488 4141 1539 4197 rite
1561 4139 1624 4194 intra

406 4317 416 4352 ⁵
433 4333 530 4385 tutum.
542 4327 568 4373 2.
603 4321 614 4353 ²
633 4299 708 4389 ergo]
728 4322 879 4390 Augustam
896 4334 919 4377 t.
939 4323 982 4374 Ol.
996 4324 1075 4390 prael.
1088 4341 1114 4390 p.
1128 4319 1188 4374 248.
1229 4323 1240 4356 ⁰
1257 4322 1373 4374 Persice
1390 4338 1492 4388 pompe
1508 4321 1624 4387 legatam

338 4404 457 4456 decebct
469 4407 541 4470 eirea,
561 4408 609 4474 qui
619 4408 680 4473 ipse
693 4408 828 4458 ricarium
841 4423 902 4460 sere
915 4408 1029 4460 dicebat
1041 4409 1101 4459 eius
1115 4410 1161 4474 qui
1173 4408 1253 4458 caino
1265 4411 1362 4459 rectus
1374 4408 1515 4474 ingressus
1527 4403 1624 4456 terrore

338 4488 504 4543 Rhamma.
540 4491 624 4556 'nge
636 4495 662 4542 2.
715 4489 735 4526 ¹¹
753 4491 1003 4558 Apbricummd.
1034 4492 1414 4554 etnubentrornmert.
1433 4491 1551 4542 etOrct.
1563 4489 1624 4538 Ber·

337 4573 435 4628 thotini
452 4579 476 4639 §-
489 4574 531 4627 tte.
567 4573 683 4640 Aenob]
696 4577 790 4628 Home
803 4577 1010 4628 berberensem.
1047 4575 1178 4637 ”fratrer
1192 4575 1382 4629 Cheireddin.
1419 4571 1545 4639 '‘norm]
1560 4571 1624 4622 ΒΜ·

337 4659 447 4712 urae:
490 4659 511 4694 ¹⁸
528 4664 638 4716 entiam
657 4666 682 4712 2.
729 4661 1021 4712 ¹⁵Knlendas1.2.t.
1073 4661 1095 4694 ²⁹
1113 4660 1269 4714 Brnudenb.
1290 4661 1428 4727 datorque.
1480 4655 1534 4692 ’Μ’
1554 4655 1624 4706 ffl-

337 4747 416 4796 stadt.
450 4742 472 4778 ⁸¹
491 4746 652 4798 corolcrlum
670 4748 728 4798 edd.
