3410 5524
351 403 363 476 l
376 404 421 474 ¹2
441 434 563 470 HV'l'l'lllfl
576 433 612 468 AD
622 433 768 468 l'llllfcll’ss
782 433 909 468 ΘΕΒΗΤ
922 433 1033 468 nnhtvtt
1046 431 1146 466 roheis
1160 431 1299 468 llfflffl'f
1312 431 1537 468 nxttottrtrom.
1545 417 1623 482 (15η.)

347 589 394 650 his
415 589 465 667 qui
488 587 566 667 quod
588 587 643 666 ipsi
665 586 742 648 ultro
770 586 957 656 abiecerunt,
985 603 1093 664 magno
1121 587 1186 652 aliis
1214 589 1280 650 usui
1308 603 1373 648 esse
1400 587 1509 648 rident
1551 586 1622 648 Tum

347 690 418 752 illud
442 689 530 750 credo
553 689 674 760 furcis,
698 690 798 768 quales
821 689 922 768 quales
943 696 1027 760 sunt,
1056 707 1214 752 commune
1238 688 1390 751 nobiscum
1414 707 1479 750 esse
1501 695 1536 748 ut
1556 688 1624 749 sicin

348 793 571 880 propensiorem
593 791 623 852 in
644 797 802 852 strennuos
824 792 1072 862 misericordiam,
1094 793 1133 856 ita
1156 791 1316 852 districtius
1337 792 1368 850 in
1390 789 1622 854 timidosottun

279 893 436 954 §.tt-alant.
474 892 621 963 Quorsum
642 891 723 952 haec?
756 894 792 954 lit
819 901 1016 972 praeposteros
1037 893 1104 954 ilios
1126 891 1310 954 consultores
1337 909 1363 951 a·
1378 889 1458 951 vobis
1478 889 1622 968 ablegetis.

343 995 455 1068 nedum
484 1012 542 1059 non
565 993 688 1055 audiatis
710 1013 745 1058 ac
766 997 948 1074 sequamini:
971 994 1043 1056 nihil
1066 995 1273 1058 Germauitatis
1292 992 1457 1054 istiusmodi
1479 993 1648 1054 masoness

346 1098 479 1176 sapiunt,
501 1096 610 1158 idcirco
634 1113 701 1158 cum
723 1098 784 1156 suis
805 1096 981 1158 authoribus
1002 1103 1166 1160 extremum
1189 1095 1424 1156 contemnendae:
1454 1095 1524 1174 quid
1552 1096 1622 1154 enim

347 1199 430 1260 fertis
452 1215 502 1258 eos
524 1198 573 1276 qui
594 1196 723 1258 dedecus
745 1205 915 1276 proponunt
936 1205 965 1258 et
986 1198 1022 1258 ad
1045 1198 1193 1259 infamiam
1216 1196 1346 1258 ducunt?
1379 1199 1449 1276 quin
1477 1215 1559 1258 arma
1580 1214 1622 1256 so·

279 1303 426 1362 §.ocutos
447 1307 476 1362 et
498 1298 639 1378 populum
662 1299 858 1363 Christianum
880 1307 960 1362 metu
982 1319 1016 1360 ac
1031 1299 1164 1379 periculo
1179 1297 1307 1360 liberum
1321 1297 1456 1360 redditis!
1478 1297 1540 1358 lam
1561 1297 1621 1360 bric

346 1419 521 1464 succurrere
542 1401 664 1470 naorho,
686 1401 743 1462 hoc
767 1403 938 1478 extinguere
960 1402 1128 1464 incendium
1144 1400 1226 1462 licet:
1250 1403 1334 1462 sinite
1349 1399 1474 1462 ulterius
1487 1401 1619 1477 grassari.

346 1505 453 1567 frustra
466 1502 650 1564 medicinam
672 1501 881 1572 adhibueritis,
903 1505 1013 1567 frustra
1036 1485 1233 1564 valentiniato
1250 1503 1527 1583 vosopposueritis:
1549 1515 1647 1562 sum-tt

346 1625 426 1668 mum
449 1606 479 1666 iu
501 1589 583 1664 mora
598 1601 785 1684 periculum,
808 1605 960 1666 manifesta
983 1607 1013 1665 in
1037 1605 1222 1668 cunctatione
1244 1607 1400 1685 pernicies.
1444 1605 1540 1684 Atque
1565 1606 1620 1668 ista,

346 1706 461 1785 siquid
484 1704 654 1774 infeliciter,
678 1723 844 1786 quanquam
867 1705 977 1768 laetiora
1000 1709 1131 1776 nmiuor',
1155 1715 1252 1768 tauron
1275 1708 1299 1768 si
1322 1707 1392 1785 quid
1413 1704 1566 1768 infeliciter
1580 1723 1621 1766 ca·

346 1809 410 1876 dat,
432 1815 548 1886 ‘quanto
571 1806 657 1868 nohis
680 1825 766 1886 qoam
787 1807 850 1869 aliis
872 1809 974 1868 durior
996 1809 1124 1870 conditio
1146 1809 1207 1872 est?
1228 1809 1373 1893 siquidem
1388 1827 1404 1870 a
1421 1807 1620 1876 Gallisaurorn

345 1917 445 1989 sperat
465 1909 578 1979 Turca,
606 1917 707 1988 sperat
734 1927 751 1970 a
780 1908 934 1989 Dahnatis,
962 1910 1110 1986 Hongaris
1140 1917 1169 1970 et
1197 1910 1327 1990 hlyrico,
1357 1930 1373 1971 a
1396 1909 1549 1972 Gemmnis
1569 1926 1619 1968 noa
1667 1962 1673 1972 .

346 2019 458 2093 sperat:
483 2012 559 2072 idem
581 2027 703 2088 magnas
725 2010 813 2072 ltaliae
836 2030 907 2090 opes
929 2031 963 2072 ac
984 2011 1039 2074 soli
1060 2012 1238 2074 fertilitatem
1253 2013 1361 2082 inhiat,
1385 2011 1540 2072 horridum
1554 2013 1646 2073 Ger-¹³

279 2117 451 2176 §.comante
473 2113 578 2174 caelurn
600 2113 717 2190 refugit.
762 2113 856 2174 achivis
883 2115 980 2192 potior
1005 2113 1047 2174 illi
1076 2131 1162 2192 quam
1191 2115 1239 2176 hie
1268 2114 1402 2176 lucrandi
1430 2131 1514 2200 spes,
1542 2121 1620 2191 atqua

345 2218 432 2294 igitur
456 2216 559 2291 clarius
579 2215 699 2276 habehit
721 2235 772 2276 eos
795 2217 887 2276 victor
909 2214 957 2274 ille
979 2217 1082 2293 quise
1104 2217 1227 2276 minoris
1248 2216 1408 2278 rediment:
1431 2233 1500 2276 sane
1522 2215 1620 2296 praeda
1696 2247 1697 2306 p

305 2359 312 2372 -
345 2319 466 2380 ubertas
488 2317 605 2378 victoris
627 2318 701 2378 iram
724 2317 810 2387 lenit,
834 2319 883 2396 qui
905 2324 985 2377 tanto
1007 2319 1104 2378 miuus
1126 2319 1239 2380 occidet
1261 2326 1370 2398 quanto
1392 2317 1553 2394 spoliorum
1567 2333 1620 2378 am·

345 2419 422 2500 plius
445 2421 585 2498 consequi
606 2418 720 2487 licebit:
744 2417 890 2483 satiabant
911 2419 974 2480 hoec
997 2419 1130 2481 hostilem
1152 2421 1315 2491 avaritiam,
1340 2427 1369 2480 et
1390 2437 1517 2498 quorum
1540 2437 1620 2498 pecc·

344 2525 422 2585 niani
443 2520 610 2592 abstulerit,
634 2519 718 2584 facile
742 2519 828 2582 vitam
850 2522 934 2581 sinet.
980 2529 1113 2584 nostrum
1136 2522 1204 2600 quid
1228 2523 1306 2600 aliud
1329 2522 1400 2600 petit
1419 2539 1509 2600 quam
1531 2522 1645 2586 vitame

277 2634 435 2703 §.cuquam
456 2625 647 2700 sanguinem?
680 2624 761 2684 holda
790 2623 859 2692 hoc,
889 2623 966 2701 quod
995 2641 1055 2684 non
1082 2623 1122 2684 illi
1151 2626 1246 2686 minus
1273 2643 1361 2704 quam
1389 2629 1538 2686 terrarum
1563 2621 1621 2684 orbi

345 2741 519 2804 persuasum
543 2690 589 2784 esl
608 2723 859 2786 bellicosissimam
882 2743 947 2786 esse
970 2725 1046 2786 franc
1062 2728 1225 2797 nationem,
1249 2731 1368 2804 gentem
1381 2725 1562 2794 indomitam,
1583 2725 1620 2784 ic·

346 2825 525 2888 docibilem:
553 2826 626 2886 nolit
645 2828 734 2904 igitur
756 2844 911 2905 superesse
934 2845 1009 2904 tpuos
1032 2811 1144 2898 hmeat,
1172 2827 1244 2889 nolit
1271 2829 1367 2890 virere
1394 2846 1410 2887 a
1439 2825 1548 2906 quibus
1572 2825 1619 2885 sihi

346 2935 441 2990 metus
462 2928 516 2997 sit,
539 2926 610 2987 nolit
632 2927 791 3005 perniciem
814 2929 927 3007 imperii
950 2930 994 2990 sui
1016 2929 1192 2990 incolumem
1216 2931 1298 2992 essai
1319 2929 1397 2990 volet
1418 2928 1497 2990 bunc
1512 2937 1619 2990 erutum

346 3027 547 3110 periculorum
567 3047 688 3092 suorum
717 3030 841 3102 fontem,
871 3029 949 3092 solet
975 3031 1053 3092 hanc
1081 3034 1253 3111 extirpatum
1281 3031 1479 3092 calamitatum
1507 3039 1645 3104 suarurntt

345 3133 489 3200 radicom;
513 3138 541 3194 et
563 3130 613 3191 ubi
635 3130 725 3192 semel
748 3131 838 3212 (qnod
859 3132 933 3194 deus
954 3137 1074 3210 avertat)
1097 3134 1230 3195 occidere
1252 3136 1281 3194 iu
1305 3134 1390 3196 nobis
1412 3135 1547 3212 coeperit,
1569 3149 1620 3192 non
1695 3183 1696 3190 ,

347 3233 472 3296 cessabit
493 3235 587 3294 donec
610 3252 732 3312 usquam
753 3241 890 3313 suppetet
911 3235 984 3295 cadi
1006 3237 1143 3304 materia;
1166 3254 1225 3298 non
1241 3236 1367 3315 patietur
1389 3253 1544 3297 remanere
1566 3251 1618 3294 ma·
1695 3299 1696 3312 χ

347 3336 444 3399 lorum
465 3354 586 3400 suorum
608 3355 725 3414 semem
747 3335 862 3398 auferet
883 3355 970 3398 omne
993 3339 1104 3400 timoris
1127 3339 1172 3399 sui
1194 3339 1371 3406 fomentum:
1396 3340 1555 3402 extinctum
1577 3355 1619 3395 ro·

279 3439 389 3501 §.filet
410 3459 425 3500 a
448 3458 523 3519 quo,
546 3438 570 3498 si
592 3447 721 3509 maneat,
744 3445 856 3500 metum
877 3439 932 3510 sihi
955 3439 1085 3502 futurum
1108 3442 1204 3502 sentit.
1249 3438 1464 3514 Quamobrem,
1494 3447 1527 3501 ut
1546 3440 1619 3518 prius
1695 3481 1696 3508 ,

312 3553 315 3562 ’
346 3543 460 3612 ιιιοιιιιί,
490 3559 548 3600 ιιοιι
576 3540 619 3602 sic
646 3547 745 3619 putate
772 3540 853 3602 illum
882 3543 979 3604 venire
1008 3543 1045 3604 ad
1078 3561 1132 3602 nos
1154 3550 1187 3604 ut
1208 3543 1347 3621 imperat;
1376 3543 1645 3612 necinventus

345 3645 508 3725 principes,
531 3649 564 3702 ut
586 3642 712 3714 occidat,
736 3649 768 3704 ιιι
787 3643 911 3722 iugulet,
933 3651 967 3706 ιιι
987 3643 1156 3712 interficiat,
1180 3651 1212 3706 ut
1234 3645 1435 3716 excarnificat,
1461 3653 1496 3706 ut
1518 3661 1550 3704 ex
1571 3660 1618 3702 no-

346 3755 407 3807 stro
435 3747 554 3808 interitu
581 3744 757 3823 voluptatem
786 3747 895 3826 capiat,
930 3729 1166 3826 quandoquidem
1200 3765 1235 3808 ex
1263 3748 1382 3808 victoria
1411 3745 1538 3808 huctum
1565 3759 1617 3804 nou

346 3853 460 3927 sperat;
482 3847 574 3916 vertit,
602 3853 636 3908 ut
657 3865 711 3908 nos
732 3847 907 3926 pessundet,
936 3853 1053 3910 nostres
1075 3865 1182 3910 uxores
1202 3848 1331 3935 ludibrio
1359 3847 1481 3918 haheat,
1510 3853 1619 3910 nostros

346 3947 457 4012 liberos
478 3946 655 4026 strangulet;
678 3950 771 4021 venit,
792 3949 869 4029 proh
892 3949 1019 4022 Christe,
1043 3958 1076 4012 ut
1096 3957 1189 4012 totum
1211 3953 1328 4032 penitus
1348 3951 1553 4012 Germanicum
1573 3967 1618 4028 ge·

279 4057 405 4111 §.nanus
426 4052 574 4128 extinguat
596 4069 631 4112 ac
652 4049 756 4112 deleat.
798 4051 864 4122 ille,
893 4055 1059 4133 principes,
1086 4052 1136 4114 ille
1159 4055 1289 4132 quinon
1316 4053 1432 4132 pueris,
1462 4071 1518 4114 non
1546 4051 1644 4112 seni-²⁵

341 4151 417 4222 bus,
439 4170 499 4214 non
520 4151 692 4216 muheribus
714 4154 764 4230 qtri
785 4155 888 4231 parcit,

512 4259 616 4314 uatum'
634 4259 701 4316 ante
723 4272 775 4314 ora
796 4258 907 4333 patris,
928 4262 1044 4335 patrem
1065 4259 1116 4336 qui
1138 4256 1295 4320 obtruncat
1315 4258 1352 4319 ad
1373 4275 1457 4326 aras:

349 4355 399 4434 qui
419 4356 533 4435 sepium
558 4355 631 4434 palis
658 4355 803 4418 infantum
831 4377 955 4444 corpora
984 4357 1108 4438 suffigiit
1136 4360 1186 4437 qul
1212 4377 1229 4422 θ
1256 4361 1469 4439 praegnantium
1496 4365 1619 4420 mm*

414 4569 620 4642 ‘ablegatis'z
638 4578 828 4644 maimanis.
869 4578 1033 4630 tautonibus
1046 4583 1072 4631 f.
1118 4577 1139 4612 ¹²
1152 4579 1239 4631 iufoal.
1253 4582 1277 4631 1.
1290 4586 1315 4630 et
1330 4584 1369 4630 eie
1385 4581 1411 4630 in
1421 4595 1459 4646 aq.
1495 4576 1515 4611 ¹³
1529 4577 1615 4628 condi·

349 4661 393 4712 cio
405 4665 429 4714 f.
480 4659 533 4717 Ψ]
550 4662 721 4714 invicibilem
732 4668 759 4714 4.
797 4661 821 4696 ²⁴
837 4665 935 4730 ipnsui
951 4681 1006 4730 ego.
1046 4663 1068 4696 ὅ
1087 4664 1143 4731 ille]
1157 4666 1327 4730 uthrrlura.
1363 4663 1385 4698 ¹²
1401 4657 1615 4726 nutum-..mel

348 4747 429 4814 Verg.
442 4745 626 4802 AEumooa,
677 4747 698 4780 ³⁸
714 4749 907 4815 pregnantium
925 4753 948 4800 1.
956 4754 981 4801 2.
1118 4753 1122 4762 ’
