3434 5512
177 445 281 480 nom
295 445 321 480 Σ·
336 443 446 478 cotim
459 441 609 478 LVTREBV!
624 439 714 476 BVIM
727 438 790 474 nir.
802 433 900 474 'birth
914 437 939 472 Δ.
952 433 1008 471 1²2¹.
1022 439 1046 472 C·
1062 436 1185 472 litarent
1200 435 1291 470 biom.
1330 404 1402 476 329

102 602 252 660 sonaliter
272 596 430 674 ”capiant
450 607 478 658 et
494 601 597 672 coplas
610 595 654 656 ad
666 601 797 654 nostram
812 595 981 654 instantiam
996 595 1152 663 retineam,
1169 597 1198 652 et
1211 593 1255 660 ad
1267 609 1320 652 nos
1334 595 1404 652 mit-

25 745 27 750 .
103 707 180 773 tant,
202 701 406 776 ‘reportaturi'
420 704 559 774 protam
579 698 653 758 bono
674 711 771 772 opere,
793 713 813 758 a
834 695 924 768 nobis,
946 702 975 754 et
990 696 1060 756 sede
1081 697 1242 770 apostatica
1262 709 1403 754 remune-

103 806 269 872 rationem,
289 801 508 877 prcemiumpue
527 799 722 873 condipnum:
750 801 795 858 vel
815 798 919 856 saltem
936 813 999 869 eos,
1021 804 1050 858 et
1069 811 1171 856 emnia
1192 797 1347 871 picentibet
1367 797 1404 858 de

104 902 363 979 ⁴ttctropolitanis,
385 901 621 974 cathedralibus,
643 902 814 975 eottepiatis,
837 906 867 960 el
883 901 952 960 aliis
972 899 1111 973 ecelesiis,
1133 887 1273 966 domibus,
1296 913 1383 960 mona

82 1007 220 1073 inertis,
243 1003 444 1076 commatibus,
472 1002 653 1075 deitatibus,
681 1002 832 1076 dominiis,
861 1001 1113 1072 universitatibus,
1141 1003 1403 1074 communitatibus,

103 1109 230 1177 carris,
259 1107 363 1178 terris,
390 1121 428 1165 ao
447 1105 519 1164 locis
535 1104 710 1179 respective,
738 1110 799 1163 tam
826 1105 942 1190 clerici,
970 1110 999 1163 et
1024 1101 1194 1176 reputares,
1222 1119 1310 1176 qnam
1333 1106 1406 1166 laici

103 1223 207 1268 omnes
228 1215 257 1268 et
275 1207 387 1282 maeuii
399 1203 575 1280 supradicti,
595 1207 887 1280 omninvecpeltant,
933 1204 1069 1292 Civitates
1086 1219 1163 1277 vero,
1182 1203 1322 1278 dominia,
1338 1212 1403 1265 ter-

104 1327 168 1384 ras,
191 1315 306 1383 casea,
323 1310 418 1382 vittas,
440 1310 602 1380 comitatus,
622 1305 779 1379 sortiticia,
801 1306 924 1382 oppida,
947 1310 1062 1368 eliaca
1083 1323 1266 1394 meamque
1287 1309 1405 1376 ubilibm

103 1413 307 1486 consistentia,
328 1425 433 1471 earnm
455 1417 483 1470 et
501 1425 603 1470 eorum
621 1411 789 1484 respective,
809 1409 1063 1484 Metropolitanus,
1085 1408 1285 1492 Catbedrctes,
1308 1411 1403 1472 Colle-

73 1516 216 1587 npiatos,
239 1521 269 1572 et
289 1514 367 1572 alias
387 1513 535 1585 ecclesias,
558 1510 752 1583 bionasteria,
773 1511 941 1589 Prioratns,
965 1511 1076 1584 domus,
1098 1519 1265 1585 conuentus,
1288 1519 1316 1573 ct
1336 1515 1403 1572 loca

103 1615 266 1688 retipiosa,
295 1616 342 1674 vel
357 1616 428 1690 pia,
456 1615 656 1688 cuiuscunque
677 1613 791 1672 ordinis
812 1611 859 1691 (ut
877 1609 1061 1690 prefertur)
1084 1612 1128 1672 ad
1147 1629 1216 1688 qua
1232 1613 1401 1689 preafatam

105 1714 285 1788 uterinum,
308 1717 353 1774 vet
373 1716 501 1788 aliquem
522 1731 562 1774 ee
579 1715 744 1789 predictis¹
757 1715 911 1788 declinare
928 1716 1092 1792 enudabit,
1112 1715 1255 1790 quamdiu
1274 1717 1315 1788 ibi
1324 1719 1403 1792 pcr-

105 1819 261 1889 manserit,
283 1823 312 1876 et
328 1815 429 1876 triduo
444 1823 514 1892 post
535 1831 692 1891 recessum,
715 1819 913 1878 ecclesiastico
935 1817 1120 1876 ‘subiicimus
1140 1816 1305 1889 interdicto,
1324 1826 1353 1878 et
1371 1825 1404 1878 ut

99 1921 266 1994 proeniism
284 1917 417 1978 omnibus
445 1920 643 1990 innotescant,
671 1914 867 1978 ¹’mandamus
890 1921 1014 1993 insuper
1040 1921 1185 1978 univmis
1204 1919 1403 1996 Patriarcbis,

72 2039 95 2079 n
107 2019 356 2096 vtrcbiepiscopis,
380 2019 543 2095 Episcopis,
557 2020 818 2096 patriarchalium,
840 2023 1134 2096 metropolitanarum
1153 2029 1182 2080 et
1201 2023 1333 2082 aliarum
1345 2037 1403 2082 ca·-
1452 2015 1457 2026 '

105 2121 307 2190 tliedratium,
330 2137 368 2180 ac
389 2123 614 2195 cdlepiatarum
635 2125 829 2184 ecclesiarum
849 2122 994 2198 praelatis,
1015 2123 1162 2197 capitulis,
1184 2125 1310 2198 aliisque
1323 2141 1402 2199 per-

104 2223 187 2282 sonis
206 2224 429 2297 ecclesiasticis,
449 2224 644 2284 sacularibus
666 2231 695 2283 et
713 2227 881 2299 vuannvis
901 2224 1040 2284 ordinum
1054 2223 1294 2298 supradictorum
1307 2241 1403 2298 repu-
1487 2249 1490 2256 »

103 2324 238 2395 taribus,
256 2322 422 2408 fratribus,
444 2326 605 2397 relipiosis,
634 2325 802 2394 monacbis,
832 2327 976 2400 coemptis
996 2331 1026 2386 et
1042 2339 1101 2384 non
1122 2326 1267 2400 exemptis
1288 2343 1403 2402 snpra-

105 2426 195 2484 di'ctis
218 2425 351 2494 ubilibet,
368 2429 539 2501 masmim
561 2428 592 2486 in
617 2425 774 2488 Menenia
797 2429 969 2493 constitutis,
992 2432 1149 2500 qnatenus·
1160 2429 1219 2502 ipsi
1237 2429 1282 2486 vel
1300 2442 1403 2486 eornm

68 2527 231 2601 nqutibet
252 2527 306 2586 sub
327 2527 470 2586 similibus
494 2530 642 2600 censuris,
670 2535 700 2590 et
714 2531 814 2604 plenis
840 2543 876 2588 eo
903 2531 968 2604 ipso
993 2529 1201 2606 incurrendis,
1229 2529 1402 2598 Martinam,

104 2643 266 2702 omnesque
287 2635 316 2687 et
335 2630 467 2702 siapulvs
487 2630 690 2704 supradictos,
713 2633 766 2705 qui
784 2631 886 2706 elapso
907 2633 1045 2702 termino,
1062 2629 1234 2690 buinsmvdi
1252 2631 1404 2690 mandatis

103 2747 156 2790 seu
178 2731 297 2789 monitis
318 2733 426 2790 nostris
446 2745 505 2790 non
520 2733 694 2806 paruerint,
713 2734 745 2790 in
765 2746 869 2808 eorum
880 2733 1026 2806 ecclesiis,
1050 2733 1204 2792 dominicis
1221 2741 1250 2792 et
1269 2734 1336 2792 aliis
1348 2732 1420 2808 se-v

103 2833 186 2892 stivis
210 2832 327 2908 diebus,
355 2833 425 2891 dum
447 2833 521 2892 inibi
540 2835 636 2892 maior
649 2835 758 2909 papuli
775 2833 931 2893 multitudo
952 2833 996 2894 ad
1016 2835 1118 2894 divina
1139 2837 1323 2911 convenerit,
1345 2835 1402 2896 di-

71 3007 79 3020 ·
103 2937 240 2994 claratos
259 2933 414 2994 beriticus
431 2940 461 3018 et
480 2934 688 2994 condemnatos
704 2935 824 3011 publice
841 2939 990 3008 nuncient,
1008 2935 1196 3011 faciamque,
1213 2945 1243 2997 et
1261 2938 1405 2996 mandent

68 3037 144 3096 nab
167 3037 238 3094 aliis
257 3037 411 3108 animari,
433 3042 462 3096 et
482 3035 520 3094 ab
540 3035 671 3096 omnibus
691 3039 803 3098 arctius
820 3039 937 3098 evitaii.
980 3038 1101 3100 Necnon
1123 3039 1255 3100 manibus
1276 3039 1401 3100 Caristi-

100 3137 242 3210 fidelibus
270 3143 303 3196 ut
317 3153 366 3198 eos
388 3139 507 3208 evitem,
530 3140 725 3212 parimodo,
755 3139 809 3198 sub
832 3140 991 3214 predictis
1011 3143 1146 3200 censuris
1166 3147 1196 3200 et
1213 3143 1322 3215 poenis.
1364 3140 1403 3198 Et

97 3245 270 3315 presentes
289 3241 402 3314 literas,
424 3241 469 3300 vel
484 3255 589 3298 earum
610 3247 841 3316 transsumptum
858 3241 911 3300 sub
929 3240 1033 3314 forma
1052 3241 1255 3316 infrascripta
1273 3241 1401 3313 sactum,
1493 3307 1498 3316 ,

103 3344 134 3400 ia
154 3355 264 3401 emunt
285 3341 430 3416 ecdcsii's,
453 3343 653 3410 monasteriis,
682 3341 830 3412 domibus,
857 3343 1060 3416 conventibus,
1084 3349 1113 3404 ct
1136 3343 1309 3418 anisiacus,
1333 3345 1402 3416 lapi,

193 3589 297 3653 *Nunc
325 3594 443 3655 tandem
472 3595 646 3675 expediebat
672 3595 773 3675 plnres
808 3613 872 3657 esse
901 3595 1083 3665 Curtisanns,
1117 3597 1167 3675 qui
1203 3601 1315 3656 tantum
1349 3580 1402 3656 ho·

67 3698 222 3760 seminum
254 3700 402 3773 cogerent.
499 3697 672 3758 ‘Premium
711 3697 872 3776 pollicitum
908 3699 941 3758 iis
969 3698 1018 3778 qui
1049 3717 1102 3758 nos
1136 3697 1335 3775 prodiderint,
1375 3705 1403 3759 ct

103 3799 210 3876 precio
247 3799 404 3876 paciscitur
437 3801 674 3878 proscriptorum
711 3801 814 3878 capita.
866 3819 935 3861 vere
965 3799 1115 3860 Romanus
1144 3805 1196 3861 est.
1248 3797 1299 3860 Dic
1332 3799 1401 3860 mibi

102 3917 192 3968 vero,
223 3897 355 3968 Decime,
394 3899 463 3978 quid
487 3899 574 3960 iacies
602 3903 629 3961 in
657 3901 704 3961 die
731 3901 901 3973 visitationis
927 3908 956 3961 et
982 3899 1152 3961 calamitatis
1179 3902 1215 3962 de
1239 3900 1326 3979 longe
1355 3921 1401 3962 ve·
1437 3893 1450 3924 '

102 3999 233 4060 aientis?
267 3997 332 4060 Noa
360 4000 437 4078 iugis
465 4019 481 4062 a
506 4001 604 4063 iutvra
633 4003 679 4064 dci
709 4004 770 4064 ira?
851 4001 1020 4064 ‘interdicit
1046 4005 1146 4064 saeris.
1192 4001 1236 4063 En
1263 4003 1401 4081 pietatem

103 4103 172 4162 eins
195 4099 369 4171 pontificis,
394 4103 444 4181 qni
467 4123 499 4165 se
522 4103 677 4184 pacificum
700 4101 845 4183 appellari
867 4122 979 4182 nuper,
1010 4105 1093 4182 qnasi
1115 4123 1208 4165 novus
1230 4101 1295 4164 orbi
1318 4103 1402 4165 Solo·

68 4219 178 4268 seman
202 4200 361 4273 illuxisset,
386 4203 487 4264 voluit.
560 4201 656 4267 bNihil
679 4205 749 4266 iacit
771 4203 850 4265 alind
874 4199 960 4285 quim
984 4201 1133 4275 mandat,’
1149 4205 1242 4272 iubet,
1267 4208 1401 4285 imperat,

101 4304 256 4372 decernit,
279 4311 371 4372 vetat,
401 4303 528 4376 inhibet,
559 4313 668 4378 terret,
701 4307 838 4368 minatur.
876 4307 1016 4367 nimirum
1040 4307 1250 4384 imperatorem
1274 4307 1403 4368 ostendit

99 4425 145 4468 se.
170 4405 282 4465 Verum
306 4405 379 4466 heus
402 4413 450 4475 tu,
473 4407 555 4478 Leo,
579 4427 616 4471 ne
641 4407 778 4488 superbi!
802 4407 879 4469 Deus
902 4409 979 4468 enim
1003 4407 1141 4487 superbis
1163 4409 1282 4478 resistit,
1306 4409 1402 4470 humi·

171 4573 195 4608 ⁸⁰
213 4573 361 4640 pollicetur
372 4577 502 4652 tepentium
515 4584 563 4629 eit.
610 4575 632 4609 ⁸²
644 4577 709 4629 lsai.
723 4577 757 4628 X.
770 4576 794 4628 3.
843 4575 865 4608 ³⁴
878 4574 975 4644 panii]
990 4577 1111 4627 Oiatai.
1125 4581 1224 4629 conae
1235 4577 1348 4640 Tarni.
1359 4577 1401 4628 20.

20 4659 23 4668 '
101 4666 131 4711 et
149 4659 191 4710 ibi
211 4658 363 4710 citicensis
381 4661 556 4724 pretorianis
576 4661 610 4712 nd
627 4661 717 4712 Vallia
735 4661 834 4712 librum
853 4662 886 4712 do
906 4661 1081 4712 commelini
1100 4661 1259 4712 donatione.
1287 4658 1289 4662 ’
1316 4659 1338 4692 ⁸¹
1357 4661 1399 4711 Ia·

100 4746 167 4798 cabi
186 4761 230 4810 sp.
250 4743 297 4794 IV.
316 4741 342 4810 6,
360 4743 438 4814 Petri
456 4746 480 4795 1.
494 4762 537 4812 ap.
550 4747 582 4796 V.
595 4747 620 4797 5.
634 4747 670 4797 ei.
685 4747 816 4798 Proverb.
830 4747 881 4798 111.
894 4745 936 4796 34.
