3382 5516
102 485 107 494 1
170 430 191 466 1·
209 429 384 474 ‘tummim
396 429 550 465 ΙΑΗΙΙΙΙΠ
561 427 715 466 Amotttcr
727 429 863 467 Dssrss'ffl
876 430 985 478 ΕΟΜΙΔ
997 431 1122 468 'tvlisslm
1135 431 1247 468 eurio.
1284 403 1358 475 2¹3

278 587 488 646 Accumulantur
509 605 589 664 opes.
612 587 772 663 gladiosque
795 588 821 645 iu
843 597 904 646 eote
926 597 1055 646 cruentos

214 737 215 742 η
279 673 401 736 Exacuit,
424 681 535 736 cunetas
556 673 643 730 donee
663 673 737 730 serus
760 682 873 748 oeoupet
895 690 959 730 oras

278 758 367 816 littus
388 758 423 814 ad
443 757 617 832 Hesperium,
640 774 694 832 quo
716 757 792 815 velox
815 775 922 833 semper
942 757 1038 815 iberus

277 843 307 899 ln
329 859 402 899 mare
424 843 561 917 spumosis
582 843 713 916 tumidum
735 842 886 900 devolvitur
906 843 1000 906 undis·

196 943 234 984 res
277 927 332 996 Qua
354 927 396 983 vel
419 925 544 983 olivifero
567 927 707 984 redimitus
727 926 826 984 vellere
846 927 926 986 Baetis
1003 955 1007 967 ·
1035 967 1043 978 .

278 1011 540 1086 iungitur-oceano:
562 1013 675 1087 proprio
698 1013 760 1069 dum
783 1011 865 1069 llarte
886 1007 1029 1068 britannos

278 1095 384 1160 Vincat,
408 1103 436 1153 et
457 1096 585 1153 extremis
607 1096 720 1154 Thulem
742 1113 852 1172 quoque
874 1095 972 1154 finibus
994 1096 1077 1154 orbis.

222 1191 224 1194 ’
278 1181 334 1238 lloe
355 1181 469 1238 immane
491 1198 578 1255 genus
600 1182 682 1238 'lerra
704 1181 891 1256 Enceladoque
912 1189 1024 1256 parente
1091 1237 1095 1246 ,

276 1253 472 1340 Progenitum.'
488 1268 532 1323 oui
553 1265 627 1323 nulla
648 1267 721 1324 sitim
742 1267 804 1323 hate
823 1264 961 1340 opulentia
983 1265 1065 1330 tollit.

193 1365 234 1408 rae
275 1351 422 1425 Postquam
442 1360 578 1410 terras-mn
597 1352 659 1408 diro
681 1351 802 1426 potietur
823 1369 923 1414 amore,

277 1436 376 1493 Dehine
397 1444 566 1494 tentaturum
587 1435 621 1509 (si
644 1437 684 1493 las
706 1445 748 1493 est
769 1436 889 1509 eredere)
911 1435 1008 1492 eoelum

278 1520 414 1578 llontibns
436 1521 573 1596 impositis
594 1522 787 1584 conscendere.
811 1530 891 1594 teque
913 1520 1055 1595 supremis,

278 1607 333 1664 llex
354 1605 493 1672 hominum
515 1605 659 1680 divumque
679 1607 773 1667 Pater.
795 1605 931 1680 depellere
954 1604 1021 1662 velle
1084 1675 1086 1682 Ι

278 1689 406 1754 Sedibus,
430 1691 549 1748 etherea
570 1690 737 1764 Sanetosque
760 1691 786 1746 in
809 1699 885 1764 parte
900 1690 1006 1747 locatos

196 1792 234 1834 sse
276 1775 392 1832 lleiieere
414 1783 441 1832 et
462 1773 578 1850 pedibus
599 1776 735 1846 subiectas
757 1775 866 1832 trudere
889 1776 915 1832 in
938 1793 1008 1832 oras,

277 1859 342 1916 Nam
363 1859 446 1916 violat
468 1861 491 1917 si
514 1860 573 1916 iura
593 1859 880 1935 deumpopulumque
902 1859 1035 1934 iidemque

278 1945 456 2020 Persequitur
477 1962 561 2007 saevo,
584 1944 657 2002 velut
678 1954 755 2002 atrox
776 1944 880 2008 bellua,
904 1961 1006 2008 morsu.

192 2036 195 2048 '
277 2029 369 2086 Nonne
392 2039 472 2105 putes
493 2029 560 2088 dirae
582 2030 605 2086 si
627 2029 706 2104 plena
727 2022 850 2104 potentia
874 2029 956 2086 menti
1022 2030 1026 2040 '

278 2113 395 2179 All'oret.
417 2115 543 2174 mitiorem
564 2114 684 2176 ooelestia
706 2114 831 2188 protinus
851 2115 944 2170 areis·

197 2214 235 2254 rso
278 2199 387 2273 Sceptra
410 2198 459 2255 tibi
481 2200 616 2274 eriperet?
639 2217 699 2273 quae
720 2216 770 2255 nos
792 2197 843 2254 iam
866 2199 978 2256 maxima
999 2215 1064 2254 eura

278 2283 423 2346 Sollicitat.
445 2285 590 2359 variosque
611 2279 699 2341 mettis
721 2300 886 2359 magnosque
908 2282 1015 2340 labores

278 2368 393 2441 Ingerit.
415 2369 559 2426 instantem
580 2369 645 2426 dum
668 2369 755 2425 tristia
778 2369 833 2424 lata
853 2367 957 2434 ruinam

208 2501 213 2508 .
279 2452 429 2517 Obiieiunt.
453 2461 506 2510 tam
529 2454 631 2528 grande
653 2453 770 2527 nephas,
792 2451 944 2510 discrimina
967 2459 1038 2508 taeta

279 2539 363 2606 Quem
384 2557 439 2596 uon
460 2539 660 2596 comminuant?
683 2539 738 2594 'lua
761 2555 840 2612 quem
862 2537 989 2594 fidissima
1011 2529 1105 2611 plebes

197 2637 235 2678 ru
277 2621 407 2697 imploret
427 2624 513 2680 ventis
533 2622 686 2698 pelagoque
709 2639 821 2680 excussa
842 2623 943 2680 furenti

278 2707 430 2781 Naulragal
452 2708 563 2765 Letlmos
584 2707 718 2764 iratresne
741 2723 774 2769 an
795 2707 893 2764 Protea
915 2707 1016 2764 lormas

278 2792 436 2866 lingentem
457 2791 555 2856 varias.
581 2791 651 2850 lituo
673 2791 817 2849 Tritonare
837 2792 972 2850 cinctum?

279 2877 332 2933 Seu
354 2877 455 2934 lorsan.
468 2872 540 2951 nigri
561 2876 699 2934 domiuum
720 2876 835 2933 Plutona
857 2875 986 2941 barathri,

280 2963 333 3018 Aut
355 2960 488 3036 geminam
510 2959 615 3037 prolem
635 2962 761 3042 narona.
784 2970 831 3017 aut
852 2961 944 3018 llartis
967 2961 1060 3018 inanes
1122 2969 1124 2980 '

198 3059 235 3100 rso
277 3044 403 3120 belligeri
425 3047 547 3108 sonitus,
570 3046 721 3120 priscorum
744 3045 853 3104 numina
875 3047 957 3104 vana?
997 3079 1000 3084 ,
1048 3049 1054 3064 '
1141 3117 1145 3124 Ι

279 3129 343 3199 Qum
365 3131 492 3204 quoniam
514 3130 632 3204 graviter
652 3131 878 3206 contempsimus,
899 3131 1019 3205 undique
1040 3126 1136 3188 oertis‘

279 3215 409 3274 Hostibus
431 3215 590 3289 affligimur:
613 3215 692 3272 nobis
714 3231 802 3291 neque
820 3210 945 3277 'Sarmata
966 3234 1016 3273 neo
1038 3217 1140 3286 Thrax.¹

279 3299 338 3358 Non
360 3299 458 3358 llierus
479 3302 618 3362 intonsus,
641 3316 696 3356 non
719 3308 761 3356 est
782 3300 939 3376 Arimaspus
960 3301 1077 3364 anricus;

280 3385 344 3452 Quae
365 3385 466 3449 faveat,
490 3392 549 3442 totu
572 3384 645 3442 nulla
668 3393 711 3442 est
732 3402 800 3459 gens
822 3385 945 3460 improba
967 3386 1076 3442 mundo.

200 3485 237 3526 raa
279 3470 350 3534 lleu.
374 3471 446 3544 quod
467 3463 600 3534 (leterius,
624 3471 725 3527 mutuis
746 3470 895 3527 Christiana
918 3485 1040 3543 propago

281 3555 421 3612 Desertam
444 3555 514 3612 odiis
536 3556 608 3612 inter
629 3572 673 3619 se,
696 3553 829 3636 plurimus
851 3554 933 3610 armis

280 3639 385 3696 interiit
406 3639 538 3715 populus:
560 3647 697 3696 testantur
718 3639 849 3713 sangiune
873 3638 949 3698 tincti

279 3723 391 3781 llineius
413 3733 494 3799 atque
516 3724 637 3787 Athesis.
659 3724 779 3782 Benacus
801 3731 829 3780 et
851 3725 909 3798 ipse
930 3738 1028 3780 cruore

280 3809 404 3866 Creverat
426 3809 559 3872 humano,
582 3808 702 3883 pulohrae
724 3827 788 3884 pars
810 3807 924 3880 lenique
946 3820 1041 3882 nempe

201 3907 238 3948 reo
279 3892 412 3962 Quaelibet
433 3895 559 3952 Ausoniae
581 3893 687 3950 miseris
709 3894 813 3968 repleta
837 3893 956 3948 virorum

193 3973 202 3998 ⁶
280 3978 431 4034 Funeribus
453 3979 533 4053 nigro
555 3996 603 4035 sua
626 3978 716 4035 tristia
738 3977 836 4038 vellere
857 3976 942 4034 cinxit
1056 3989 1066 3998 ·

282 4063 430 4137 Tempora;
451 4081 523 4120 nuno
544 4063 626 4120 etiam
648 4079 785 4138 nunquam
807 4063 865 4120 iera
887 4060 979 4137 prelia
999 4061 1109 4118 desum.

283 4149 322 4205 l'u
343 4147 424 4206 Pater
445 4147 617 4223 omnipotens
640 4156 720 4222 atque
742 4147 847 4204 infinita
868 4153 999 4222 potestas.

150 4327 180 4362 ¹¹⁴
198 4327 330 4396 lpismosis
342 4332 366 4380 1.
404 4327 435 4362 ‘¹³
452 4329 549 4382 Bethis
562 4334 586 4382 1.
606 4329 794 4397 Qaauarqmesr.
813 4329 855 4379 Cf.
868 4327 1104 4380 Metuainum.
1149 4325 1181 4364 ¹¹⁸
1194 4327 1324 4380 Oeeeano
1338 4331 1362 4381 1.

89 4409 119 4444 ’π
135 4414 226 4464 Tnlem
239 4416 264 4464 1.
301 4409 333 4447 ¹¹⁸
341 4414 448 4474 Επεὶ]
461 4415 575 4466 Tartari
584 4415 712 4482 Gmaeqne
724 4414 796 4465 lilius
809 4413 888 4480 gigas
900 4413 1081 4464 centimanus.
1094 4413 1131 4464 el.
1143 4415 1226 4480 Verg.
1240 4413 1302 4466 AEn.
1312 4415 1358 4466 IV.

91 4495 141 4548 ltu
148 4513 203 4564 sqq.
240 4497 270 4532 ¹⁸¹
288 4495 396 4552 Dehine
410 4503 539 4565 mouosptt.
575 4497 608 4534 ¹⁸⁰
620 4502 679 4563 Qus
692 4503 715 4550 1.
751 4496 784 4530 ¹⁴²
796 4499 876 4550 ruine
889 4502 912 4548 1.
961 4497 993 4532 ¹⁵⁸
1005 4498 1130 4572 Laedqeos
1143 4502 1166 4548 l.
1179 4497 1320 4550 Castorem
1334 4503 1363 4548 et

88 4581 235 4636 Pollucem.
279 4583 399 4634 Prothoe
412 4586 436 4634 1.
461 4585 498 4634 of.
514 4584 598 4650 Verg.
612 4599 707 4650 georg.
719 4582 767 4632 lv.
779 4580 839 4633 405.
849 4598 907 4648 sqq.
960 4581 993 4616 ¹⁴⁹
1009 4582 1166 4648 Apollinem
1185 4589 1213 4634 et
1234 4583 1361 4634 Dianam.

90 4661 120 4695 ”⁸
135 4665 233 4718 llisrns
248 4685 283 4712 τε
298 4668 418 4720 Russus?
440 4673 471 4719 nt
487 4668 572 4721 Arina.
582 4687 619 4714 =
633 4668 795 4730 Moseovita
836 4666 868 4700 ¹⁵⁸
886 4667 923 4719 et'.
943 4668 1058 4718 liutteni
1075 4683 1117 4732 ep.
1131 4657 1223 4718 Italiae
1239 4664 1324 4717 fietis.
1338 4679 1361 4716 e.

89 4747 165 4802 Hssri
181 4767 253 4818 resp.
277 4751 331 4804 vol.
343 4751 367 4802 1.
383 4767 410 4803 n.
423 4752 547 4816 XXXVL
559 4749 671 4819 passim.
683 4752 783 4822 ·deie
801 4752 927 4805 similiter
944 4757 1100 4817 queruntur.
