3468 5512
323 430 397 502 508
444 460 563 496 ΔΒΒΕΒΤΙ
578 460 645 496 tlon.
658 459 694 496 ΑΒ
707 458 883 498 ΓΒΔΝΟΙΕΟΠΙ
897 463 916 496 1.
931 460 1061 496 RVTTENO
1075 460 1182 494 LEGATO
1196 421 1284 496 1·thst
1297 459 1452 496 rhotum
1466 461 1604 496 ΗΠἜΜ.

321 635 388 678 eum
404 619 535 693 predicti
556 616 645 691 Rapis
666 618 778 676 domini
796 634 834 677 ae
858 618 948 676 amici
968 619 1063 676 nostri
1081 615 1246 678 &mutate
1264 618 1378 678 stabilis
1395 620 1480 690 firmi
1498 635 1536 678 ae
1555 636 1607 678 so-

321 720 378 780 lidi
392 719 520 792 sacieris
540 725 569 778 et
588 737 689 779 eorum
704 737 761 794 que
777 735 872 795 supra
887 721 1110 778 memoravimus
1123 735 1217 779 eausa
1238 727 1305 780 rate
1326 737 1364 780 ae
1381 723 1509 794 firmiter
1529 738 1607 780 eon-

322 822 459 881 oenienrlr'
477 822 588 896 aperui
603 828 632 881 et
647 821 857 898 concludendi,
876 838 913 882 ae
929 821 1032 894 scedas
1049 824 1176 882 ameum
1193 829 1222 881 ei
1237 825 1404 882 societatem
1422 825 1541 893 mmm
1556 825 1607 880 ia-

321 932 365 982 ter
385 925 554 998 predictum
578 923 686 997 Bepem
713 923 862 983 domr'aum
892 931 921 983 et
947 926 1072 984 amicam
1100 929 1230 985 nostram
1251 925 1478 1001 Clarissimm
1509 935 1607 984 nasim

232 1051 236 1058 ¹
320 1027 435 1086 nomine
450 1027 608 1100 panpencli
628 1042 666 1086 ac
685 1025 910 1086 comatoranai.
952 1025 1002 1084 Ita
1023 1033 1057 1087 ut
1070 1034 1169 1086 nostro
1186 1028 1241 1087 tec
1254 1028 1371 1086 nomine
1384 1027 1487 1099 saciat
1499 1035 1530 1086 et
1546 1025 1626 1098 [ιν-ι

320 1145 388 1188 eere
411 1130 511 1203 possit.
557 1128 628 1186 Cum
650 1128 792 1202 quiaquia
810 1131 854 1188 sie
875 1134 973 1188 nostro
991 1130 1107 1187 nemim
1128 1129 1166 1188 at
1187 1130 1237 1188 illo
1258 1145 1424 1198 assensum,
1446 1135 1606 1204 receptum,

319 1232 502 1302 conclusam,
530 1239 559 1290 ei
578 1232 758 1305 promissum
777 1228 889 1302 suerii,
921 1231 1026 1290 uirtute
1051 1246 1089 1290 ae
1116 1231 1221 1291 robore
1242 1234 1422 1306 presentium
1451 1233 1608 1290 literarum

321 1334 407 1408 (auos
430 1331 571 1408 prefatus
599 1333 737 1392 Viriatus
763 1333 802 1390 de
826 1331 937 1392 Hatteu
966 1332 1021 1392 loc
1046 1348 1120 1392 casu
1147 1335 1230 1408 repie
1252 1333 1414 1394 Serenitati
1438 1331 1544 1408 offeret
1571 1350 1609 1392 ae

319 1435 459 1509 ostendet)
483 1440 595 1508 ratam,
621 1437 740 1508 firmam
767 1439 796 1492 et
815 1436 1019 1493 ineonmrssum
1046 1433 1204 1494 tenebimus
1228 1443 1257 1495 et
1281 1444 1381 1496 terrem
1396 1437 1607 1511 promittimus.

318 1535 488 1610 Damuspue
507 1537 567 1596 tac
586 1539 617 1596 ia
635 1553 669 1596 re
687 1537 777 1610 fidem
798 1544 929 1596 nostram
951 1538 1031 1596 omni
1043 1538 1164 1612 penitas
1179 1538 1246 1598 siolo
1262 1547 1372 1598 remoto
1390 1541 1471 1597 amai
1490 1537 1637 1598 callidam

318 1653 357 1697 ao
378 1644 495 1697 uersma
512 1619 684 1718 ereeptione
705 1639 824 1717 reiecta.
869 1636 954 1708 Quod
970 1640 997 1696 si
1012 1653 1072 1712 qua
1092 1639 1239 1714 sepedicto
1257 1646 1355 1699 nostro
1370 1639 1547 1699 Consiliario
1561 1639 1607 1696 nis

319 1744 350 1800 in
371 1743 493 1816 repotiis
515 1742 650 1801 ulteriori
671 1739 822 1814 saemtate
850 1755 888 1800 ac
912 1746 1054 1815 potestate
1077 1740 1279 1816 oportuerit,
1308 1744 1408 1816 pipare
1423 1743 1605 1816 presentiam

318 1851 348 1904 et
367 1845 463 1920 ursam
484 1844 679 1904 concedimus.
725 1841 762 1902 lu
781 1844 865 1902 ouius
886 1842 977 1902 robur
998 1859 1036 1902 ae
1053 1843 1157 1916 iidem,
1180 1845 1210 1902 iu
1233 1850 1315 1931 ierpo
1332 1845 1517 1920 presentium
1537 1845 1605 1901 tite-

317 1962 422 2006 rarum
442 1953 572 2005 nostrum
593 1948 722 2020 sipe'llum
744 1946 875 2020 imprimi
892 1946 1036 2007 iussimus.
1083 1944 1142 2016 One
1164 1947 1233 2005 elate
1253 1953 1322 2006 sant
1334 1949 1365 2005 iu
1383 1946 1495 2021 oppido
1509 1953 1605 2004 nostro

318 2047 476 2108 &onheim
496 2063 576 2107 anno
597 2047 635 2106 ab
653 2046 868 2106 Ineamatione
888 2045 1044 2106 Dominiea
1063 2047 1220 2107 Mitissimo
1241 2049 1472 2123 pompantesimo
1494 2047 1635 2106 mennon

317 2153 452 2228 septimo,
474 2151 650 2246 duodennio
667 2149 825 2208 Kalendas
847 2146 986 2208 Octobris.

853 2300 1061 2311 ——-

386 2406 542 2457 Pretioaum
559 2403 612 2454 hoc
629 2403 837 2456 instrumentum
856 2403 972 2454 Parisiis
992 2407 1085 2454 extare
1104 2401 1223 2470 epistula
1241 2401 1276 2452 nd
1294 2418 1336 2454 me
1354 2402 1461 2470 scripta
1478 2403 1601 2456 doctiaai·

319 2506 377 2542 mna
396 2490 525 2542 Staelinua
544 2505 578 2542 ex
597 2487 815 2556 ephemeridibus
833 2485 978 2538 litterariis
997 2487 1113 2539 Gallicis
1132 2486 1228 2550 (lleoue
1246 2489 1292 2538 ries
1310 2487 1379 2539 deuo
1396 2490 1508 2540 monaca.
1530 2487 1600 2540 1854.

318 2577 341 2627 1.
354 2593 380 2642 p.
393 2573 464 2640 tto.)
484 2575 601 2636 manaim
620 2578 676 2623 tum
695 2574 782 2623 virum
801 2572 834 2622 de
853 2589 896 2623 mo
914 2577 944 2622 ut
962 2571 994 2622 ‹lc
1014 2572 1107 2622 multia
1125 2587 1173 2637 per
1192 2571 1367 2624 Germaniam
1385 2572 1521 2625 litteratis
1537 2575 1600 2624 viria

292 2643 294 2648 ⁸
318 2662 422 2727 optime
435 2660 561 2710 meritum
575 2657 701 2712 Catulum
713 2655 895 2708 Benedictum
906 2656 1032 2719 linaium,
1046 2656 1230 2708 litteratorem
1242 2657 1481 2722 humanissimum,
1497 2659 1560 2722 adii,
1572 2665 1600 2709 nt

318 2746 385 2796 mihi
403 2745 552 2796 transcribi
570 2745 693 2804 curarem
713 2741 849 2808 extemplo
861 2739 998 2792 voluntati
1010 2757 1078 2792 meae
1091 2741 1284 2794 liberalissime
1297 2743 1367 2793 aetia
1379 2744 1423 2807 fit3
1443 2745 1602 2796 tranamitti·

318 2837 362 2882 tna
374 2831 579 2882 exactissimum
592 2829 779 2894 apographum
792 2825 957 2888 documenti,
977 2827 1048 2892 quod
1061 2827 1097 2876 ai
1108 2827 1259 2878 Huttennm
1272 2833 1381 2894 spectet
1399 2831 1475 2880 unici
1487 2832 1517 2879 in
1529 2830 1600 2880 ditia·

318 2914 544 2980 aimoPariaienai
557 2912 679 2965 archivio
692 2911 829 2978 imperiali
842 2911 990 2962 adhortati.
1009 2913 1037 2962 id
1050 2926 1198 2978 supranon
1210 2912 1313 2964 minore
1328 2914 1466 2980 religione
1479 2919 1597 2980 repeten-

319 3001 382 3050 dum
401 3001 564 3050 curavimus.
600 2998 747 3048 Rubrioam
765 2997 851 3047 habet
868 2997 953 3046 hanc:
980 2995 1053 3048 1517.
1072 2995 1125 3061 (20.
1139 2996 1223 3063 Sept.)
1242 2999 1354 3061 „Pleim
1369 3003 1492 3064 pouooirr
1509 3002 1599 3051 danais

318 3102 393 3150 „par
410 3083 502 3134 Albert
520 3083 682 3150 Areleoiqae
700 3085 733 3134 de
750 3082 877 3146 Mapence
895 3069 917 3132 ri¹
928 3097 973 3132 ron
995 3081 1134 3133 conseiller
1153 3083 1239 3134 Ulrich
1261 3085 1293 3133 cle
1312 3085 1409 3134 Hutten
1426 3101 1495 3149 pour
1511 3088 1598 3134 traiter

257 3189 260 3198 ¹
320 3187 405 3234 „aare
422 3169 547 3234 Franpoia
565 3169 602 3219 1⁶*
621 3168 658 3232 (J.
671 3171 721 3220 995
733 3167 768 3218 a⁰.
783 3165 851 3231 11)”
886 3167 1052 3233 Apographo
1070 3167 1136 3218 mihi
1155 3169 1316 3220 manamiaao
1337 3169 1525 3235 subscriptum
1547 3175 1597 3219 eat:

320 3293 335 3320 „
345 3253 385 3304 La
401 3256 521 3320 presente
539 3255 689 3320 repetition
706 3255 872 3304 collationato
890 3260 915 3302 et
932 3256 998 3304 nicee
1010 3251 1067 3318 ¹'par
1083 3256 1120 3304 les
1137 3255 1207 3304 dean
1227 3254 1302 3315 (hess
1320 3255 1352 3304 de
1365 3255 1469 3306 Section
1487 3257 1548 3306 dont
1563 3257 1597 3303 lea

317 3343 488 3405 „aipnaturca
504 3347 562 3391 roni
579 3343 712 3398 ci-contre‚
731 3345 756 3388 et
770 3355 823 3402 par
841 3355 892 3390 ean
909 3342 1011 3389 troanie
1028 3340 1157 3402 conforme
1176 3340 1331 3404 alaripinal
1342 3355 1373 3390 en
1384 3341 1531 3404 parmeno
1541 3354 1596 3390 aare

317 3462 335 3489 ‚‚
343 3432 429 3476 traam
442 3427 473 3475 ‹ie
490 3441 567 3476 sceau
583 3428 677 3491 plaqae'
695 3440 728 3473 en
744 3428 797 3474 cire
815 3431 885 3474 verte
903 3440 935 3473 aa
947 3425 994 3474 aloa
1006 3426 1038 3474 cte
1050 3427 1075 3474 la
1085 3425 1167 3489 piiee,
1187 3425 1229 3490 qai
1240 3429 1278 3474 eat
1290 3425 1401 3489 deporta
1414 3442 1468 3478 aaa
1480 3424 1597 3475 Arctlrea

317 3512 374 3573 „de
393 3510 528 3574 campore,
548 3509 623 3560 Seria
639 3511 658 3559 J
674 3515 764 3559 certon
783 3511 838 3558 eote
856 3511 906 3558 995
918 3509 954 3558 71⁰.
970 3511 1013 3565 11.
1039 3525 1055 3558 a
1072 3512 1112 3559 e‘te'
1134 3510 1243 3559 ditioree
1258 3525 1312 3574 par
1329 3526 1391 3559 noas
1410 3511 1594 3574 Directear-pi·

317 3598 416 3659 „nerui
432 3597 478 3645 ries
496 3597 561 3646 alites
579 3593 715 3652 Archiam,
737 3609 807 3658 pour
828 3595 911 3644 serair
933 3599 958 3643 et
980 3596 1061 3644 caloir
1083 3609 1112 3644 ce
1131 3597 1177 3659 qne
1195 3595 1227 3644 eie
1245 3595 1342 3645 raison.
1379 3594 1421 3644 En
1436 3596 1481 3658 fai
1495 3597 1528 3646 de
1544 3595 1597 3661 quoi

318 3695 404 3743 „noua
423 3697 499 3730 mona
516 3683 588 3747 ripae
605 3681 683 3730 iaauc
702 3681 851 3751 expedition
869 3685 894 3729 et
910 3697 928 3742 p
946 3693 1023 3730 arana
1038 3679 1089 3741 soit
1107 3693 1220 3744 appoaer
1237 3682 1260 3730 le
1277 3695 1354 3730 reeca
1371 3681 1418 3732 aaa
1429 3681 1552 3730 Arciloco
1567 3679 1595 3728 rie

256 3791 269 3818 ο
318 3765 475 3830 „illapirc

387 3851 464 3911 „Fait
483 3851 499 3901 ri
517 3849 635 3902 Pericle
653 3852 722 3915 olnpt
738 3849 791 3900 tait
803 3849 909 3912 janoicr
927 3852 992 3900 teat

838 3936 903 3998 „Ire
920 3936 1173 4000 Direeteur-piniral
1189 3937 1235 3985 dea
1253 3935 1376 3986 Archiam
1395 3935 1427 3986 rie
1444 3933 1567 4001 t'Enpirc

993 4061 996 4068 .
1066 4019 1104 4070 0·
1140 4009 1178 4072 ele¹
1190 4020 1343 4070 Laborde''.
1416 4026 1420 4032 '

384 4104 426 4155 Ad
445 4105 595 4171 marginem
613 4105 828 4172 primiceriorum
847 4103 1056 4157 testimonialia
1074 4104 1127 4156 fide
1146 4104 1298 4171 apographi
1315 4104 1454 4172 leguntur.

1225 4251 1247 4279 Ι
