<?xml version="1.0" encoding="UTF-8"?>
<!DOCTYPE html PUBLIC "-//W3C//DTD XHTML 1.0 Transitional//EN"
    "http://www.w3.org/TR/xhtml1/DTD/xhtml1-transitional.dtd">
<html xmlns="http://www.w3.org/1999/xhtml" xml:lang="en" lang="en">
 <head>
  <title>
</title>
<meta http-equiv="Content-Type" content="text/html;charset=utf-8" />
  <meta name='ocr-system' content='tesseract 3.04.00' />
  <meta name='ocr-capabilities' content='ocr_page ocr_carea ocr_par ocr_line ocrx_word'/>
</head>
<body>
  <div class='ocr_page' id='page_1' title='image "./ulrichihuttenie12huttgoog_0290.png"; bbox 0 0 3434 5512; ppageno 0'>
   <div class='ocr_carea' id='block_1_1' title="bbox 211 399 1365 472">
    <p class='ocr_par' dir='ltr' id='par_1_1' title="bbox 211 399 1365 472">
     <span class='ocr_line' id='line_1_1' title="bbox 211 399 1365 472; baseline -0.003 -5"><span class='ocrx_word' id='word_1_1' title='bbox 211 431 345 468; x_wconf 67' lang='lat' dir='ltr'><strong>utentum</strong></span> <span class='ocrx_word' id='word_1_2' title='bbox 359 430 535 466; x_wconf 69' lang='lat' dir='ltr'>MHHOUH</span> <span class='ocrx_word' id='word_1_3' title='bbox 545 431 581 466; x_wconf 77' lang='lat' dir='ltr'><strong>D!</strong></span> <span class='ocrx_word' id='word_1_4' title='bbox 596 429 743 468; x_wconf 69' lang='lat' dir='ltr'><strong>cottum</strong></span> <span class='ocrx_word' id='word_1_5' title='bbox 754 429 930 467; x_wconf 71' lang='lat' dir='ltr'><strong>avevanma</strong></span> <span class='ocrx_word' id='word_1_6' title='bbox 943 427 1121 466; x_wconf 65' lang='lat' dir='ltr'><strong>nuculeum.</strong></span> <span class='ocrx_word' id='word_1_7' title='bbox 1134 429 1159 466; x_wconf 71' lang='grc' dir='ltr'><strong>Δ.</strong></span> <span class='ocrx_word' id='word_1_8' title='bbox 1173 423 1232 466; x_wconf 73' lang='lat'><strong>1518.</strong></span> <span class='ocrx_word' id='word_1_9' title='bbox 1292 399 1365 472; x_wconf 69' lang='grc'><strong>269</strong></span> 
     </span>
    </p>
   </div>
   <div class='ocr_carea' id='block_1_2' title="bbox 52 585 1490 4228">
    <p class='ocr_par' dir='ltr' id='par_1_2' title="bbox 52 585 1490 4228">
     <span class='ocr_line' id='line_1_2' title="bbox 88 585 1367 664; baseline 0 -18"><span class='ocrx_word' id='word_1_10' title='bbox 88 607 181 663; x_wconf 76' lang='lat' dir='ltr'><strong>genus,</strong></span> <span class='ocrx_word' id='word_1_11' title='bbox 208 599 240 646; x_wconf 94' lang='lat' dir='ltr'><strong>ut</strong></span> <span class='ocrx_word' id='word_1_12' title='bbox 261 589 319 646; x_wconf 87' lang='lat' dir='ltr'><strong>sinc</strong></span> <span class='ocrx_word' id='word_1_13' title='bbox 342 589 447 646; x_wconf 84' lang='lat' dir='ltr'><strong>Caesare</strong></span> <span class='ocrx_word' id='word_1_14' title='bbox 468 587 601 646; x_wconf 73' lang='lat' dir='ltr'><strong>electores</strong></span> <span class='ocrx_word' id='word_1_15' title='bbox 630 585 701 664; x_wconf 89' lang='lat' dir='ltr'><strong>(nam</strong></span> <span class='ocrx_word' id='word_1_16' title='bbox 728 603 789 645; x_wconf 90' lang='lat' dir='ltr'><strong>cnm</strong></span> <span class='ocrx_word' id='word_1_17' title='bbox 818 587 851 644; x_wconf 91' lang='lat' dir='ltr'><strong>iis</strong></span> <span class='ocrx_word' id='word_1_18' title='bbox 878 585 952 643; x_wconf 90' lang='lat' dir='ltr'><strong>nulla</strong></span> <span class='ocrx_word' id='word_1_19' title='bbox 973 595 1016 644; x_wconf 85' lang='lat' dir='ltr'><strong>est</strong></span> <span class='ocrx_word' id='word_1_20' title='bbox 1038 587 1148 660; x_wconf 64' lang='lat' dir='ltr'><strong>seniendi</strong></span> <span class='ocrx_word' id='word_1_21' title='bbox 1170 587 1367 661; x_wconf 82' lang='lat' dir='ltr'><strong>controversia)</strong></span> 
     </span>
     <span class='ocr_line' id='line_1_3' title="bbox 88 671 1366 749; baseline 0 -19"><span class='ocrx_word' id='word_1_22' title='bbox 88 677 112 730; x_wconf 91' lang='lat' dir='ltr'><strong>in</strong></span> <span class='ocrx_word' id='word_1_23' title='bbox 132 683 228 732; x_wconf 84' lang='lat' dir='ltr'><strong>senatu</strong></span> <span class='ocrx_word' id='word_1_24' title='bbox 248 692 309 731; x_wconf 92' lang='lat' dir='ltr'><strong>cum</strong></span> <span class='ocrx_word' id='word_1_25' title='bbox 330 672 439 731; x_wconf 76' lang='lat' dir='ltr'><strong>ceteris</strong></span> <span class='ocrx_word' id='word_1_26' title='bbox 459 673 627 749; x_wconf 86' lang='lat' dir='ltr'><strong>principibus</strong></span> <span class='ocrx_word' id='word_1_27' title='bbox 648 673 837 734; x_wconf 79' lang='lat' dir='ltr'><strong>convenirent,</strong></span> <span class='ocrx_word' id='word_1_28' title='bbox 866 673 912 729; x_wconf 91' lang='lat' dir='ltr'><strong>ubi</strong></span> <span class='ocrx_word' id='word_1_29' title='bbox 934 681 999 746; x_wconf 89' lang='lat' dir='ltr'><strong>post</strong></span> <span class='ocrx_word' id='word_1_30' title='bbox 1020 671 1169 730; x_wconf 89' lang='lat' dir='ltr'><strong>electorum</strong></span> <span class='ocrx_word' id='word_1_31' title='bbox 1191 672 1279 730; x_wconf 90' lang='lat' dir='ltr'><strong>locum</strong></span> <span class='ocrx_word' id='word_1_32' title='bbox 1301 689 1366 730; x_wconf 90' lang='lat' dir='ltr'><strong>con·</strong></span> 
     </span>
     <span class='ocr_line' id='line_1_4' title="bbox 87 757 1432 832; baseline -0.004 -18"><span class='ocrx_word' id='word_1_33' title='bbox 87 760 170 816; x_wconf 83' lang='lat' dir='ltr'><strong>lentim</strong></span> <span class='ocrx_word' id='word_1_34' title='bbox 193 759 286 816; x_wconf 73' lang='lat' dir='ltr'><strong>ceteri</strong></span> <span class='ocrx_word' id='word_1_35' title='bbox 308 759 443 816; x_wconf 88' lang='lat' dir='ltr'><strong>sederent.</strong></span> <span class='ocrx_word' id='word_1_36' title='bbox 487 759 532 815; x_wconf 84' lang='lat' dir='ltr'><strong>llie</strong></span> <span class='ocrx_word' id='word_1_37' title='bbox 554 775 624 814; x_wconf 87' lang='lat' dir='ltr'><strong>nona</strong></span> <span class='ocrx_word' id='word_1_38' title='bbox 647 758 764 832; x_wconf 76' lang='lat' dir='ltr'><strong>Augusti</strong></span> <span class='ocrx_word' id='word_1_39' title='bbox 783 757 927 814; x_wconf 87' lang='lat' dir='ltr'><strong>loacbinus</strong></span> <span class='ocrx_word' id='word_1_40' title='bbox 949 757 1057 832; x_wconf 86' lang='lat' dir='ltr'><strong>imperii</strong></span> <span class='ocrx_word' id='word_1_41' title='bbox 1078 757 1194 821; x_wconf 85' lang='lat' dir='ltr'><strong>elector,</strong></span> <span class='ocrx_word' id='word_1_42' title='bbox 1217 757 1432 814; x_wconf 72' lang='lat' dir='ltr'><strong>cardinensem</strong></span> 
     </span>
     <span class='ocr_line' id='line_1_5' title="bbox 87 841 1363 918; baseline 0 -19"><span class='ocrx_word' id='word_1_43' title='bbox 87 844 229 918; x_wconf 78' lang='lat' dir='ltr'><strong>llagtmtini</strong></span> <span class='ocrx_word' id='word_1_44' title='bbox 250 845 349 912; x_wconf 84' lang='lat' dir='ltr'><strong>irater,</strong></span> <span class='ocrx_word' id='word_1_45' title='bbox 371 843 467 900; x_wconf 89' lang='lat' dir='ltr'><strong>urbem</strong></span> <span class='ocrx_word' id='word_1_46' title='bbox 489 845 629 918; x_wconf 82' lang='lat' dir='ltr'><strong>ingressus</strong></span> <span class='ocrx_word' id='word_1_47' title='bbox 651 852 702 900; x_wconf 89' lang='lat' dir='ltr'><strong>est.</strong></span> <span class='ocrx_word' id='word_1_48' title='bbox 740 842 868 916; x_wconf 78' lang='lat' dir='ltr'>Sequenti</span> <span class='ocrx_word' id='word_1_49' title='bbox 889 841 933 898; x_wconf 90' lang='lat' dir='ltr'><strong>die</strong></span> <span class='ocrx_word' id='word_1_50' title='bbox 954 841 1092 917; x_wconf 82' lang='lat' dir='ltr'><strong>principes</strong></span> <span class='ocrx_word' id='word_1_51' title='bbox 1112 843 1139 898; x_wconf 91' lang='lat' dir='ltr'><strong>in</strong></span> <span class='ocrx_word' id='word_1_52' title='bbox 1154 851 1250 900; x_wconf 87' lang='lat' dir='ltr'><strong>senatu</strong></span> <span class='ocrx_word' id='word_1_53' title='bbox 1264 844 1363 905; x_wconf 88' lang='lat' dir='ltr'><strong>coiere.</strong></span> 
     </span>
     <span class='ocr_line' id='line_1_6' title="bbox 65 926 1366 1002; baseline -0.001 -18"><span class='ocrx_word' id='word_1_54' title='bbox 65 929 225 986; x_wconf 75' lang='lat' dir='ltr'><strong>animensis</strong></span> <span class='ocrx_word' id='word_1_55' title='bbox 247 937 336 988; x_wconf 88' lang='lat' dir='ltr'><strong>autem</strong></span> <span class='ocrx_word' id='word_1_56' title='bbox 357 928 431 986; x_wconf 88' lang='lat' dir='ltr'><strong>domi</strong></span> <span class='ocrx_word' id='word_1_57' title='bbox 453 935 481 984; x_wconf 90' lang='lat' dir='ltr'><strong>et</strong></span> <span class='ocrx_word' id='word_1_58' title='bbox 502 937 564 984; x_wconf 87' lang='lat' dir='ltr'><strong>ante</strong></span> <span class='ocrx_word' id='word_1_59' title='bbox 586 927 728 1002; x_wconf 84' lang='lat' dir='ltr'><strong>prandium</strong></span> <span class='ocrx_word' id='word_1_60' title='bbox 755 937 783 984; x_wconf 93' lang='lat' dir='ltr'><strong>et</strong></span> <span class='ocrx_word' id='word_1_61' title='bbox 804 935 950 1001; x_wconf 84' lang='lat' dir='ltr'><strong>postcom</strong></span> <span class='ocrx_word' id='word_1_62' title='bbox 971 926 1126 1002; x_wconf 89' lang='lat' dir='ltr'><strong>principum</strong></span> <span class='ocrx_word' id='word_1_63' title='bbox 1146 926 1310 986; x_wconf 83' lang='lat' dir='ltr'><strong>consiliariis</strong></span> <span class='ocrx_word' id='word_1_64' title='bbox 1332 928 1366 983; x_wconf 89' lang='lat' dir='ltr'><strong>de</strong></span> 
     </span>
     <span class='ocr_line' id='line_1_7' title="bbox 85 1010 1490 1088; baseline -0.003 -18"><span class='ocrx_word' id='word_1_65' title='bbox 85 1013 161 1070; x_wconf 89' lang='lat' dir='ltr'><strong>rebus</strong></span> <span class='ocrx_word' id='word_1_66' title='bbox 188 1014 296 1088; x_wconf 73' lang='lat' dir='ltr'><strong>maguis</strong></span> <span class='ocrx_word' id='word_1_67' title='bbox 316 1014 384 1087; x_wconf 80' lang='lat' dir='ltr'><strong>egit.</strong></span> <span class='ocrx_word' id='word_1_68' title='bbox 424 1013 492 1068; x_wconf 89' lang='lat' dir='ltr'><strong>llnm</strong></span> <span class='ocrx_word' id='word_1_69' title='bbox 511 1013 569 1071; x_wconf 75' lang='lat' dir='ltr'><strong>bec</strong></span> <span class='ocrx_word' id='word_1_70' title='bbox 590 1013 618 1068; x_wconf 91' lang='lat' dir='ltr'><strong>in</strong></span> <span class='ocrx_word' id='word_1_71' title='bbox 641 1012 783 1070; x_wconf 81' lang='lat' dir='ltr'>Germania</span> <span class='ocrx_word' id='word_1_72' title='bbox 804 1011 951 1073; x_wconf 81' lang='lat' dir='ltr'><strong>habentur,</strong></span> <span class='ocrx_word' id='word_1_73' title='bbox 974 1010 1061 1067; x_wconf 86' lang='lat' dir='ltr'><strong>literae</strong></span> <span class='ocrx_word' id='word_1_74' title='bbox 1084 1010 1172 1069; x_wconf 78' lang='lat' dir='ltr'><strong>allatis</strong></span> <span class='ocrx_word' id='word_1_75' title='bbox 1187 1020 1250 1068; x_wconf 90' lang='lat' dir='ltr'><strong>sunt</strong></span> <span class='ocrx_word' id='word_1_76' title='bbox 1265 1011 1432 1085; x_wconf 73' lang='lat' dir='ltr'><strong>quibust-tt.</strong></span> <span class='ocrx_word' id='word_1_77' title='bbox 1489 1029 1490 1032; x_wconf 44' lang='lat'>¹</span> 
     </span>
     <span class='ocr_line' id='line_1_8' title="bbox 86 1089 1366 1178; baseline -0.002 -25"><span class='ocrx_word' id='word_1_78' title='bbox 86 1095 282 1172; x_wconf 76' lang='lat' dir='ltr'><strong>significabatur</strong></span> <span class='ocrx_word' id='word_1_79' title='bbox 305 1098 470 1154; x_wconf 85' lang='lat' dir='ltr'><strong>Thurcarum</strong></span> <span class='ocrx_word' id='word_1_80' title='bbox 492 1097 684 1172; x_wconf 77' lang='lat' dir='ltr'>Imperatorem</span> <span class='ocrx_word' id='word_1_81' title='bbox 700 1089 962 1170; x_wconf 76' lang='lat' dir='ltr'><strong>Constantinopolim</strong></span> <span class='ocrx_word' id='word_1_82' title='bbox 984 1101 1048 1172; x_wconf 74' lang='lat' dir='ltr'><strong>ret</strong></span> <span class='ocrx_word' id='word_1_83' title='bbox 1070 1090 1366 1178; x_wconf 50' lang='lat' dir='ltr'><strong>ssgpffiffljlgffd&#39;ffi</strong></span> 
     </span>
     <span class='ocr_line' id='line_1_9' title="bbox 85 1177 1366 1257; baseline 0 -19"><span class='ocrx_word' id='word_1_84' title='bbox 85 1183 170 1238; x_wconf 90' lang='lat' dir='ltr'><strong>diisse.</strong></span> <span class='ocrx_word' id='word_1_85' title='bbox 208 1183 277 1240; x_wconf 79' lang='lat' dir='ltr'><strong>lema</strong></span> <span class='ocrx_word' id='word_1_86' title='bbox 299 1182 332 1239; x_wconf 90' lang='lat' dir='ltr'><strong>de</strong></span> <span class='ocrx_word' id='word_1_87' title='bbox 355 1183 444 1239; x_wconf 89' lang='lat' dir='ltr'><strong>reditu</strong></span> <span class='ocrx_word' id='word_1_88' title='bbox 466 1183 519 1239; x_wconf 84' lang='lat' dir='ltr'><strong>luit</strong></span> <span class='ocrx_word' id='word_1_89' title='bbox 540 1177 652 1257; x_wconf 84' lang='lat' dir='ltr'><strong>duplex,</strong></span> <span class='ocrx_word' id='word_1_90' title='bbox 681 1181 726 1238; x_wconf 90' lang='lat' dir='ltr'><strong>alii</strong></span> <span class='ocrx_word' id='word_1_91' title='bbox 753 1181 880 1240; x_wconf 75' lang='lat' dir='ltr'>dicebant</span> <span class='ocrx_word' id='word_1_92' title='bbox 906 1180 1000 1238; x_wconf 88' lang='lat' dir='ltr'><strong>initam</strong></span> <span class='ocrx_word' id='word_1_93' title='bbox 1028 1199 1120 1256; x_wconf 89' lang='lat' dir='ltr'><strong>pacem</strong></span> <span class='ocrx_word' id='word_1_94' title='bbox 1141 1199 1202 1240; x_wconf 93' lang='lat' dir='ltr'><strong>cum</strong></span> <span class='ocrx_word' id='word_1_95' title='bbox 1223 1183 1366 1238; x_wconf 77' lang='lat' dir='ltr'>Persarum</span> 
     </span>
     <span class='ocr_line' id='line_1_10' title="bbox 85 1265 1365 1342; baseline -0.002 -18"><span class='ocrx_word' id='word_1_96' title='bbox 85 1267 168 1342; x_wconf 76' lang='lat' dir='ltr'><strong>aege,</strong></span> <span class='ocrx_word' id='word_1_97' title='bbox 190 1268 293 1324; x_wconf 89' lang='lat' dir='ltr'><strong>idcirco</strong></span> <span class='ocrx_word' id='word_1_98' title='bbox 314 1267 443 1330; x_wconf 88' lang='lat' dir='ltr'><strong>rediisse;</strong></span> <span class='ocrx_word' id='word_1_99' title='bbox 471 1267 516 1324; x_wconf 91' lang='lat' dir='ltr'><strong>alii</strong></span> <span class='ocrx_word' id='word_1_100' title='bbox 544 1276 662 1340; x_wconf 79' lang='lat' dir='ltr'><strong>stragem</strong></span> <span class='ocrx_word' id='word_1_101' title='bbox 691 1282 851 1341; x_wconf 88' lang='lat' dir='ltr'><strong>perpessum</strong></span> <span class='ocrx_word' id='word_1_102' title='bbox 878 1265 943 1340; x_wconf 78' lang='lat' dir='ltr'><strong>luga</strong></span> <span class='ocrx_word' id='word_1_103' title='bbox 970 1266 1023 1323; x_wconf 91' lang='lat' dir='ltr'><strong>sibi</strong></span> <span class='ocrx_word' id='word_1_104' title='bbox 1050 1265 1164 1323; x_wconf 89' lang='lat' dir='ltr'><strong>salutem</strong></span> <span class='ocrx_word' id='word_1_105' title='bbox 1185 1283 1365 1341; x_wconf 71' lang='lat' dir='ltr'><strong>comparasse.</strong></span> 
     </span>
     <span class='ocr_line' id='line_1_11' title="bbox 62 1350 1365 1426; baseline 0 -18"><span class='ocrx_word' id='word_1_106' title='bbox 62 1353 130 1408; x_wconf 81' lang='lat' dir='ltr'><strong>need</strong></span> <span class='ocrx_word' id='word_1_107' title='bbox 150 1361 280 1410; x_wconf 72' lang='lat' dir='ltr'><strong>neumam</strong></span> <span class='ocrx_word' id='word_1_108' title='bbox 300 1351 449 1426; x_wconf 78' lang='lat' dir='ltr'><strong>contigisse</strong></span> <span class='ocrx_word' id='word_1_109' title='bbox 470 1359 566 1426; x_wconf 86' lang='lat' dir='ltr'><strong>postea</strong></span> <span class='ocrx_word' id='word_1_110' title='bbox 587 1361 754 1426; x_wconf 87' lang='lat' dir='ltr'><strong>compertum</strong></span> <span class='ocrx_word' id='word_1_111' title='bbox 775 1361 831 1408; x_wconf 87' lang='lat' dir='ltr'><strong>est:</strong></span> <span class='ocrx_word' id='word_1_112' title='bbox 853 1367 915 1408; x_wconf 86' lang='lat' dir='ltr'><strong>uam</strong></span> <span class='ocrx_word' id='word_1_113' title='bbox 928 1367 990 1408; x_wconf 88' lang='lat' dir='ltr'><strong>cum</strong></span> <span class='ocrx_word' id='word_1_114' title='bbox 1006 1351 1128 1408; x_wconf 88' lang='lat' dir='ltr'><strong>&#39;lburcus</strong></span> <span class='ocrx_word' id='word_1_115' title='bbox 1143 1350 1215 1408; x_wconf 84' lang='lat' dir='ltr'><strong>ultra</strong></span> <span class='ocrx_word' id='word_1_116' title='bbox 1229 1351 1365 1410; x_wconf 82' lang='lat' dir='ltr'><strong>Eufraten</strong></span> 
     </span>
     <span class='ocr_line' id='line_1_12' title="bbox 87 1435 1363 1510; baseline 0.002 -20"><span class='ocrx_word' id='word_1_117' title='bbox 87 1438 246 1501; x_wconf 84' lang='lat' dir='ltr'><strong>traiecisset,</strong></span> <span class='ocrx_word' id='word_1_118' title='bbox 267 1437 423 1510; x_wconf 84' lang='lat' dir='ltr'><strong>certiorque</strong></span> <span class='ocrx_word' id='word_1_119' title='bbox 444 1435 533 1494; x_wconf 87' lang='lat' dir='ltr'><strong>lactus</strong></span> <span class='ocrx_word' id='word_1_120' title='bbox 545 1437 689 1494; x_wconf 79' lang='lat' dir='ltr'><strong>Persarum</strong></span> <span class='ocrx_word' id='word_1_121' title='bbox 703 1437 804 1510; x_wconf 80' lang='lat' dir='ltr'><strong>liegem</strong></span> <span class='ocrx_word' id='word_1_122' title='bbox 826 1437 915 1494; x_wconf 89' lang='lat' dir='ltr'><strong>omnia</strong></span> <span class='ocrx_word' id='word_1_123' title='bbox 930 1436 1053 1494; x_wconf 88' lang='lat' dir='ltr'><strong>incendio</strong></span> <span class='ocrx_word' id='word_1_124' title='bbox 1068 1436 1235 1500; x_wconf 87' lang='lat' dir='ltr'><strong>devastasse,</strong></span> <span class='ocrx_word' id='word_1_125' title='bbox 1257 1438 1363 1498; x_wconf 86' lang='lat' dir='ltr'><strong>timens,</strong></span> 
     </span>
     <span class='ocr_line' id='line_1_13' title="bbox 85 1520 1447 1596; baseline -0.001 -18"><span class='ocrx_word' id='word_1_126' title='bbox 85 1539 114 1578; x_wconf 89' lang='lat' dir='ltr'><strong>nc</strong></span> <span class='ocrx_word' id='word_1_127' title='bbox 133 1539 226 1578; x_wconf 88' lang='lat' dir='ltr'><strong>rerum</strong></span> <span class='ocrx_word' id='word_1_128' title='bbox 248 1521 341 1595; x_wconf 85' lang='lat' dir='ltr'><strong>inopia</strong></span> <span class='ocrx_word' id='word_1_129' title='bbox 362 1520 514 1584; x_wconf 88' lang='lat' dir='ltr'><strong>laboraret,</strong></span> <span class='ocrx_word' id='word_1_130' title='bbox 542 1529 617 1578; x_wconf 88' lang='lat' dir='ltr'><strong>retro</strong></span> <span class='ocrx_word' id='word_1_131' title='bbox 639 1522 737 1583; x_wconf 86' lang='lat' dir='ltr'><strong>cessit.</strong></span> <span class='ocrx_word' id='word_1_132' title='bbox 767 1521 951 1596; x_wconf 87' lang='lat' dir='ltr'><strong>impositoque</strong></span> <span class='ocrx_word' id='word_1_133' title='bbox 974 1521 1059 1596; x_wconf 75' lang='lat' dir='ltr'><strong>Syrie</strong></span> <span class='ocrx_word' id='word_1_134' title='bbox 1079 1520 1247 1578; x_wconf 58' lang='lat' dir='ltr'><strong>‘validissimo</strong></span> <span class='ocrx_word' id='word_1_135' title='bbox 1269 1521 1364 1595; x_wconf 67' lang='lat' dir='ltr'><strong>praesi-</strong></span> <span class='ocrx_word' id='word_1_136' title='bbox 1442 1553 1447 1563; x_wconf 91' lang='lat'><em>·</em></span> 
     </span>
     <span class='ocr_line' id='line_1_14' title="bbox 84 1604 1432 1682; baseline -0.004 -20"><span class='ocrx_word' id='word_1_137' title='bbox 84 1607 125 1664; x_wconf 88' lang='lat' dir='ltr'><strong>dio</strong></span> <span class='ocrx_word' id='word_1_138' title='bbox 151 1606 183 1663; x_wconf 92' lang='lat' dir='ltr'><strong>ad</strong></span> <span class='ocrx_word' id='word_1_139' title='bbox 214 1615 336 1664; x_wconf 83' lang='lat' dir='ltr'><strong>nostram</strong></span> <span class='ocrx_word' id='word_1_140' title='bbox 365 1604 512 1680; x_wconf 91' lang='lat' dir='ltr'><strong>perniciem</strong></span> <span class='ocrx_word' id='word_1_141' title='bbox 538 1607 694 1682; x_wconf 77' lang='lat' dir='ltr'><strong>Byzantium</strong></span> <span class='ocrx_word' id='word_1_142' title='bbox 723 1623 848 1664; x_wconf 87' lang='lat' dir='ltr'><strong>reversus</strong></span> <span class='ocrx_word' id='word_1_143' title='bbox 874 1615 924 1663; x_wconf 89' lang='lat' dir='ltr'><strong>est.</strong></span> <span class='ocrx_word' id='word_1_144' title='bbox 968 1607 1118 1664; x_wconf 87' lang='lat' dir='ltr'><strong>loaclrimus</strong></span> <span class='ocrx_word' id='word_1_145' title='bbox 1148 1613 1238 1662; x_wconf 87' lang='lat' dir='ltr'><strong>antem</strong></span> <span class='ocrx_word' id='word_1_146' title='bbox 1261 1605 1364 1663; x_wconf 87' lang='lat' dir='ltr'><strong>elector</strong></span> <span class='ocrx_word' id='word_1_147' title='bbox 1373 1605 1432 1658; x_wconf 74' lang='lat' dir='ltr'><strong>itt.</strong></span> 
     </span>
     <span class='ocr_line' id='line_1_15' title="bbox 85 1690 1363 1766; baseline 0 -20"><span class='ocrx_word' id='word_1_148' title='bbox 85 1691 213 1765; x_wconf 81' lang='lat' dir='ltr'><strong>postridie</strong></span> <span class='ocrx_word' id='word_1_149' title='bbox 235 1708 317 1765; x_wconf 88' lang='lat' dir='ltr'><strong>quam</strong></span> <span class='ocrx_word' id='word_1_150' title='bbox 338 1694 488 1764; x_wconf 76' lang='lat' dir='ltr'><strong>Augustam</strong></span> <span class='ocrx_word' id='word_1_151' title='bbox 509 1691 651 1764; x_wconf 77' lang='lat' dir='ltr'><strong>ingressus</strong></span> <span class='ocrx_word' id='word_1_152' title='bbox 672 1699 744 1754; x_wconf 87' lang='lat' dir='ltr'><strong>crat,</strong></span> <span class='ocrx_word' id='word_1_153' title='bbox 773 1691 890 1766; x_wconf 77' lang='lat' dir='ltr'><strong>Legatos</strong></span> <span class='ocrx_word' id='word_1_154' title='bbox 911 1691 1043 1754; x_wconf 84' lang='lat' dir='ltr'><strong>visitavit,</strong></span> <span class='ocrx_word' id='word_1_155' title='bbox 1072 1691 1119 1748; x_wconf 89' lang='lat' dir='ltr'><strong>sed</strong></span> <span class='ocrx_word' id='word_1_156' title='bbox 1147 1691 1217 1766; x_wconf 89' lang='lat' dir='ltr'><strong>apud</strong></span> <span class='ocrx_word' id='word_1_157' title='bbox 1239 1690 1363 1753; x_wconf 88' lang='lat' dir='ltr'><strong>alterurn.</strong></span> 
     </span>
     <span class='ocr_line' id='line_1_16' title="bbox 59 1775 1362 1857; baseline 0.003 -30"><span class='ocrx_word' id='word_1_158' title='bbox 59 1787 177 1833; x_wconf 73' lang='lat' dir='ltr'><strong>innostro</strong></span> <span class='ocrx_word' id='word_1_159' title='bbox 199 1776 273 1833; x_wconf 89' lang='lat' dir='ltr'><strong>enim</strong></span> <span class='ocrx_word' id='word_1_160' title='bbox 294 1775 465 1857; x_wconf 69' lang='lat' dir='ltr'><strong>familiariter</strong></span> <span class='ocrx_word' id='word_1_161' title='bbox 485 1776 625 1839; x_wconf 85' lang='lat' dir='ltr'><strong>utebatur,</strong></span> <span class='ocrx_word' id='word_1_162' title='bbox 654 1777 759 1834; x_wconf 88' lang='lat' dir='ltr'><strong>erudita</strong></span> <span class='ocrx_word' id='word_1_163' title='bbox 787 1775 876 1836; x_wconf 83' lang='lat' dir='ltr'><strong>habita</strong></span> <span class='ocrx_word' id='word_1_164' title='bbox 900 1777 1038 1840; x_wconf 79' lang='lat' dir='ltr'><strong>oratione,</strong></span> <span class='ocrx_word' id='word_1_165' title='bbox 1062 1785 1199 1851; x_wconf 89' lang='lat' dir='ltr'><strong>utrunque</strong></span> <span class='ocrx_word' id='word_1_166' title='bbox 1221 1776 1254 1832; x_wconf 89' lang='lat' dir='ltr'><strong>ad</strong></span> <span class='ocrx_word' id='word_1_167' title='bbox 1281 1792 1362 1850; x_wconf 89' lang='lat' dir='ltr'><strong>pran-</strong></span> 
     </span>
     <span class='ocr_line' id='line_1_17' title="bbox 84 1859 1365 1935; baseline 0 -19"><span class='ocrx_word' id='word_1_168' title='bbox 84 1861 152 1918; x_wconf 89' lang='lat' dir='ltr'><strong>dium</strong></span> <span class='ocrx_word' id='word_1_169' title='bbox 174 1860 306 1918; x_wconf 86' lang='lat' dir='ltr'><strong>invitarit.</strong></span> <span class='ocrx_word' id='word_1_170' title='bbox 343 1859 495 1917; x_wconf 80' lang='lat' dir='ltr'><strong>Conuiuium</strong></span> <span class='ocrx_word' id='word_1_171' title='bbox 524 1861 575 1917; x_wconf 86' lang='lat' dir='ltr'><strong>luit</strong></span> <span class='ocrx_word' id='word_1_172' title='bbox 603 1860 700 1918; x_wconf 88' lang='lat' dir='ltr'><strong>saliare</strong></span> <span class='ocrx_word' id='word_1_173' title='bbox 727 1870 755 1918; x_wconf 87' lang='lat' dir='ltr'><strong>et</strong></span> <span class='ocrx_word' id='word_1_174' title='bbox 782 1877 943 1934; x_wconf 80' lang='lat' dir='ltr'><strong>magnorum</strong></span> <span class='ocrx_word' id='word_1_175' title='bbox 970 1861 1091 1918; x_wconf 85' lang='lat' dir='ltr'><strong>virorum</strong></span> <span class='ocrx_word' id='word_1_176' title='bbox 1113 1861 1257 1935; x_wconf 81' lang='lat' dir='ltr'><strong>praesentia</strong></span> <span class='ocrx_word' id='word_1_177' title='bbox 1279 1861 1365 1918; x_wconf 86' lang='lat' dir='ltr'><strong>reler-</strong></span> 
     </span>
     <span class='ocr_line' id='line_1_18' title="bbox 84 1944 1361 2020; baseline 0.001 -20"><span class='ocrx_word' id='word_1_178' title='bbox 84 1954 151 2002; x_wconf 82' lang='lat' dir='ltr'><strong>tnnr:</strong></span> <span class='ocrx_word' id='word_1_179' title='bbox 173 1963 237 2002; x_wconf 83' lang='lat' dir='ltr'><strong>narn</strong></span> <span class='ocrx_word' id='word_1_180' title='bbox 260 1953 360 2020; x_wconf 76' lang='lat' dir='ltr'><strong>preter</strong></span> <span class='ocrx_word' id='word_1_181' title='bbox 381 1944 486 2020; x_wconf 82' lang='lat' dir='ltr'><strong>legatos</strong></span> <span class='ocrx_word' id='word_1_182' title='bbox 507 1947 583 2002; x_wconf 81' lang='lat' dir='ltr'><strong>allinit</strong></span> <span class='ocrx_word' id='word_1_183' title='bbox 605 1947 684 2002; x_wconf 87' lang='lat' dir='ltr'><strong>etiam</strong></span> <span class='ocrx_word' id='word_1_184' title='bbox 708 1947 788 2020; x_wconf 81' lang='lat' dir='ltr'><strong>Regis</strong></span> <span class='ocrx_word' id='word_1_185' title='bbox 810 1945 927 2003; x_wconf 71' lang='lat' dir='ltr'><strong>Francis</strong></span> <span class='ocrx_word' id='word_1_186' title='bbox 949 1953 1044 2002; x_wconf 90' lang='lat' dir='ltr'><strong>orator</strong></span> <span class='ocrx_word' id='word_1_187' title='bbox 1065 1955 1092 2002; x_wconf 91' lang='lat' dir='ltr'><strong>et</strong></span> <span class='ocrx_word' id='word_1_188' title='bbox 1113 1945 1237 2020; x_wconf 87' lang='lat' dir='ltr'><strong>plerique</strong></span> <span class='ocrx_word' id='word_1_189' title='bbox 1252 1945 1298 2002; x_wconf 88' lang='lat' dir='ltr'><strong>alii</strong></span> <span class='ocrx_word' id='word_1_190' title='bbox 1312 1947 1361 2002; x_wconf 87' lang='lat' dir='ltr'><strong>viri</strong></span> 
     </span>
     <span class='ocr_line' id='line_1_19' title="bbox 84 2028 1432 2104; baseline -0.003 -19"><span class='ocrx_word' id='word_1_191' title='bbox 84 2029 210 2088; x_wconf 87' lang='lat' dir='ltr'><strong>illustres.</strong></span> <span class='ocrx_word' id='word_1_192' title='bbox 254 2030 315 2086; x_wconf 90' lang='lat' dir='ltr'><strong>Nou</strong></span> <span class='ocrx_word' id='word_1_193' title='bbox 335 2028 422 2086; x_wconf 89' lang='lat' dir='ltr'><strong>multo</strong></span> <span class='ocrx_word' id='word_1_194' title='bbox 445 2037 508 2104; x_wconf 88' lang='lat' dir='ltr'><strong>post</strong></span> <span class='ocrx_word' id='word_1_195' title='bbox 530 2031 558 2086; x_wconf 91' lang='lat' dir='ltr'><strong>in</strong></span> <span class='ocrx_word' id='word_1_196' title='bbox 579 2030 639 2088; x_wconf 85' lang='lat' dir='ltr'><strong>aula</strong></span> <span class='ocrx_word' id='word_1_197' title='bbox 656 2031 767 2090; x_wconf 72' lang='lat' dir='ltr'><strong>senseris</strong></span> <span class='ocrx_word' id='word_1_198' title='bbox 788 2031 941 2087; x_wconf 82' lang='lat' dir='ltr'><strong>suturarum</strong></span> <span class='ocrx_word' id='word_1_199' title='bbox 963 2029 1296 2104; x_wconf 87' lang='lat' dir='ltr'><strong>nuptiarumconsultatio</strong></span> <span class='ocrx_word' id='word_1_200' title='bbox 1318 2029 1432 2087; x_wconf 67' lang='lat' dir='ltr'><strong>tra-tm.</strong></span> 
     </span>
     <span class='ocr_line' id='line_1_20' title="bbox 84 2113 1362 2189; baseline 0 -19"><span class='ocrx_word' id='word_1_201' title='bbox 84 2115 148 2171; x_wconf 78' lang='lat' dir='ltr'><strong>bita:</strong></span> <span class='ocrx_word' id='word_1_202' title='bbox 170 2133 236 2172; x_wconf 86' lang='lat' dir='ltr'><strong>nam</strong></span> <span class='ocrx_word' id='word_1_203' title='bbox 251 2115 388 2189; x_wconf 80' lang='lat' dir='ltr'><strong>Casymiro</strong></span> <span class='ocrx_word' id='word_1_204' title='bbox 401 2113 550 2173; x_wconf 85' lang='lat' dir='ltr'><strong>biarchioni</strong></span> <span class='ocrx_word' id='word_1_205' title='bbox 565 2116 664 2172; x_wconf 85' lang='lat' dir='ltr'><strong>bucam</strong></span> <span class='ocrx_word' id='word_1_206' title='bbox 679 2115 793 2174; x_wconf 81' lang='lat' dir='ltr'><strong>flavarioe</strong></span> <span class='ocrx_word' id='word_1_207' title='bbox 815 2131 896 2172; x_wconf 87' lang='lat' dir='ltr'><strong>soror</strong></span> <span class='ocrx_word' id='word_1_208' title='bbox 908 2116 1071 2189; x_wconf 86' lang='lat' dir='ltr'><strong>desponsata</strong></span> <span class='ocrx_word' id='word_1_209' title='bbox 1087 2115 1184 2172; x_wconf 85' lang='lat' dir='ltr'><strong>iuerat.</strong></span> <span class='ocrx_word' id='word_1_210' title='bbox 1207 2116 1252 2171; x_wconf 84' lang='lat' dir='ltr'><strong>bie</strong></span> <span class='ocrx_word' id='word_1_211' title='bbox 1269 2115 1362 2170; x_wconf 79' lang='lat' dir='ltr'><strong>,livill</strong></span> 
     </span>
     <span class='ocr_line' id='line_1_21' title="bbox 55 2199 1363 2275; baseline 0.003 -23"><span class='ocrx_word' id='word_1_212' title='bbox 55 2201 196 2273; x_wconf 73' lang='lat' dir='ltr'><strong>ningusti</strong></span> <span class='ocrx_word' id='word_1_213' title='bbox 219 2199 424 2274; x_wconf 79' lang='lat' dir='ltr'><strong>Arcbicpiscopi</strong></span> <span class='ocrx_word' id='word_1_214' title='bbox 446 2199 615 2256; x_wconf 81' lang='lat' dir='ltr'><strong>Coloniensis</strong></span> <span class='ocrx_word' id='word_1_215' title='bbox 637 2200 768 2257; x_wconf 87' lang='lat' dir='ltr'><strong>adventus</strong></span> <span class='ocrx_word' id='word_1_216' title='bbox 795 2201 860 2261; x_wconf 86' lang='lat' dir='ltr'><strong>luit.</strong></span> <span class='ocrx_word' id='word_1_217' title='bbox 888 2199 934 2273; x_wconf 89' lang='lat' dir='ltr'><strong>qui</strong></span> <span class='ocrx_word' id='word_1_218' title='bbox 961 2214 1087 2275; x_wconf 83' lang='lat' dir='ltr'><strong>pompam</strong></span> <span class='ocrx_word' id='word_1_219' title='bbox 1110 2208 1145 2256; x_wconf 88' lang='lat' dir='ltr'><strong>nt</strong></span> <span class='ocrx_word' id='word_1_220' title='bbox 1171 2200 1264 2256; x_wconf 81' lang='lat' dir='ltr'><strong>caeteri</strong></span> <span class='ocrx_word' id='word_1_221' title='bbox 1292 2199 1363 2256; x_wconf 84' lang='lat' dir='ltr'><strong>haud</strong></span> 
     </span>
     <span class='ocr_line' id='line_1_22' title="bbox 82 2281 1430 2358; baseline 0.001 -18"><span class='ocrx_word' id='word_1_222' title='bbox 82 2285 262 2342; x_wconf 73' lang='lat' dir='ltr'><strong>multifaciens</strong></span> <span class='ocrx_word' id='word_1_223' title='bbox 283 2284 326 2340; x_wconf 80' lang='lat' dir='ltr'><strong>rix</strong></span> <span class='ocrx_word' id='word_1_224' title='bbox 346 2281 521 2342; x_wconf 86' lang='lat' dir='ltr'><strong>illucescente</strong></span> <span class='ocrx_word' id='word_1_225' title='bbox 542 2285 586 2341; x_wconf 91' lang='lat' dir='ltr'><strong>die</strong></span> <span class='ocrx_word' id='word_1_226' title='bbox 607 2286 742 2342; x_wconf 88' lang='lat' dir='ltr'><strong>civitatem</strong></span> <span class='ocrx_word' id='word_1_227' title='bbox 763 2284 903 2358; x_wconf 80' lang='lat' dir='ltr'><strong>ingressus</strong></span> <span class='ocrx_word' id='word_1_228' title='bbox 929 2291 980 2340; x_wconf 86' lang='lat' dir='ltr'><strong>est.</strong></span> <span class='ocrx_word' id='word_1_229' title='bbox 1024 2282 1057 2338; x_wconf 82' lang='lat' dir='ltr'><strong>n</strong></span> <span class='ocrx_word' id='word_1_230' title='bbox 1079 2284 1205 2358; x_wconf 89' lang='lat' dir='ltr'><strong>quoniam</strong></span> <span class='ocrx_word' id='word_1_231' title='bbox 1227 2283 1312 2341; x_wconf 88' lang='lat' dir='ltr'><strong>altera</strong></span> <span class='ocrx_word' id='word_1_232' title='bbox 1333 2289 1430 2342; x_wconf 66' lang='lat' dir='ltr'><strong>ettoa.</strong></span> 
     </span>
     <span class='ocr_line' id='line_1_23' title="bbox 81 2361 1363 2450; baseline 0.003 -26"><span class='ocrx_word' id='word_1_233' title='bbox 81 2371 111 2426; x_wconf 91' lang='lat' dir='ltr'><strong>de</strong></span> <span class='ocrx_word' id='word_1_234' title='bbox 132 2371 202 2427; x_wconf 90' lang='lat' dir='ltr'><strong>votis</strong></span> <span class='ocrx_word' id='word_1_235' title='bbox 228 2369 257 2426; x_wconf 92' lang='lat' dir='ltr'><strong>iu</strong></span> <span class='ocrx_word' id='word_1_236' title='bbox 278 2375 374 2426; x_wconf 89' lang='lat' dir='ltr'><strong>senatu</strong></span> <span class='ocrx_word' id='word_1_237' title='bbox 396 2370 569 2443; x_wconf 79' lang='lat' dir='ltr'><strong>exquirendis</strong></span> <span class='ocrx_word' id='word_1_238' title='bbox 584 2379 646 2426; x_wconf 88' lang='lat' dir='ltr'><strong>ante</strong></span> <span class='ocrx_word' id='word_1_239' title='bbox 661 2369 829 2426; x_wconf 76' lang='lat' dir='ltr'><strong>Coloniensi·</strong></span> <span class='ocrx_word' id='word_1_240' title='bbox 844 2369 986 2425; x_wconf 82' lang='lat' dir='ltr'><strong>adventant</strong></span> <span class='ocrx_word' id='word_1_241' title='bbox 1007 2361 1068 2428; x_wconf 91' lang='lat' dir='ltr'><strong>al-l</strong></span> <span class='ocrx_word' id='word_1_242' title='bbox 1091 2362 1363 2450; x_wconf 56' lang='lat' dir='ltr'><strong>fissffffflffifflgliilj</strong></span> 
     </span>
     <span class='ocr_line' id='line_1_24' title="bbox 84 2452 1364 2528; baseline 0 -18"><span class='ocrx_word' id='word_1_243' title='bbox 84 2455 193 2511; x_wconf 61' lang='lat' dir='ltr'><strong>ten-„atio</strong></span> <span class='ocrx_word' id='word_1_244' title='bbox 217 2455 291 2511; x_wconf 90' lang='lat' dir='ltr'><strong>inter</strong></span> <span class='ocrx_word' id='word_1_245' title='bbox 311 2452 477 2512; x_wconf 77' lang='lat' dir='ltr'><strong>Caudinalem</strong></span> <span class='ocrx_word' id='word_1_246' title='bbox 500 2454 686 2528; x_wconf 76' lang='lat' dir='ltr'><strong>llagnntinum</strong></span> <span class='ocrx_word' id='word_1_247' title='bbox 707 2461 735 2511; x_wconf 91' lang='lat' dir='ltr'><strong>et</strong></span> <span class='ocrx_word' id='word_1_248' title='bbox 756 2453 852 2510; x_wconf 84' lang='lat' dir='ltr'><strong>llucem</strong></span> <span class='ocrx_word' id='word_1_249' title='bbox 875 2453 997 2510; x_wconf 80' lang='lat' dir='ltr'><strong>Saxonise</strong></span> <span class='ocrx_word' id='word_1_250' title='bbox 1019 2462 1079 2509; x_wconf 91' lang='lat' dir='ltr'><strong>orta</strong></span> <span class='ocrx_word' id='word_1_251' title='bbox 1107 2461 1181 2518; x_wconf 83' lang='lat' dir='ltr'><strong>erat,</strong></span> <span class='ocrx_word' id='word_1_252' title='bbox 1209 2453 1311 2528; x_wconf 79' lang='lat' dir='ltr'><strong>placuit</strong></span> <span class='ocrx_word' id='word_1_253' title='bbox 1332 2463 1364 2510; x_wconf 92' lang='lat' dir='ltr'><strong>ut</strong></span> 
     </span>
     <span class='ocr_line' id='line_1_25' title="bbox 82 2537 1364 2614; baseline 0 -20"><span class='ocrx_word' id='word_1_254' title='bbox 82 2539 186 2596; x_wconf 89' lang='lat' dir='ltr'><strong>interim</strong></span> <span class='ocrx_word' id='word_1_255' title='bbox 210 2538 366 2614; x_wconf 88' lang='lat' dir='ltr'><strong>principum</strong></span> <span class='ocrx_word' id='word_1_256' title='bbox 387 2538 536 2596; x_wconf 88' lang='lat' dir='ltr'><strong>consiliarii</strong></span> <span class='ocrx_word' id='word_1_257' title='bbox 559 2540 591 2596; x_wconf 89' lang='lat' dir='ltr'><strong>ad</strong></span> <span class='ocrx_word' id='word_1_258' title='bbox 613 2557 658 2596; x_wconf 89' lang='lat' dir='ltr'><strong>res</strong></span> <span class='ocrx_word' id='word_1_259' title='bbox 680 2540 831 2596; x_wconf 88' lang='lat' dir='ltr'><strong>tractandas</strong></span> <span class='ocrx_word' id='word_1_260' title='bbox 852 2539 1041 2602; x_wconf 87' lang='lat' dir='ltr'><strong>convenirent,</strong></span> <span class='ocrx_word' id='word_1_261' title='bbox 1064 2538 1110 2596; x_wconf 90' lang='lat' dir='ltr'><strong>ubi</strong></span> <span class='ocrx_word' id='word_1_262' title='bbox 1133 2546 1197 2595; x_wconf 91' lang='lat' dir='ltr'><strong>tunc</strong></span> <span class='ocrx_word' id='word_1_263' title='bbox 1218 2537 1270 2595; x_wconf 89' lang='lat' dir='ltr'><strong>soli</strong></span> <span class='ocrx_word' id='word_1_264' title='bbox 1286 2539 1364 2596; x_wconf 88' lang='lat' dir='ltr'><strong>llucis</strong></span> 
     </span>
     <span class='ocr_line' id='line_1_26' title="bbox 55 2622 1363 2698; baseline 0.001 -19"><span class='ocrx_word' id='word_1_265' title='bbox 55 2623 203 2682; x_wconf 77' lang='lat' dir='ltr'><strong>uSaxonire</strong></span> <span class='ocrx_word' id='word_1_266' title='bbox 227 2622 386 2682; x_wconf 85' lang='lat' dir='ltr'><strong>consiliario</strong></span> <span class='ocrx_word' id='word_1_267' title='bbox 406 2633 522 2681; x_wconf 75' lang='lat' dir='ltr'><strong>ceteros</strong></span> <span class='ocrx_word' id='word_1_268' title='bbox 543 2623 684 2698; x_wconf 89' lang='lat' dir='ltr'><strong>postulare</strong></span> <span class='ocrx_word' id='word_1_269' title='bbox 705 2633 767 2682; x_wconf 86' lang='lat' dir='ltr'><strong>vota</strong></span> <span class='ocrx_word' id='word_1_270' title='bbox 788 2623 896 2687; x_wconf 91' lang='lat' dir='ltr'><strong>liceret;</strong></span> <span class='ocrx_word' id='word_1_271' title='bbox 920 2624 943 2678; x_wconf 91' lang='lat' dir='ltr'><strong>si</strong></span> <span class='ocrx_word' id='word_1_272' title='bbox 965 2629 1054 2680; x_wconf 88' lang='lat' dir='ltr'><strong>autern</strong></span> <span class='ocrx_word' id='word_1_273' title='bbox 1076 2625 1223 2680; x_wconf 84' lang='lat' dir='ltr'><strong>necessitas</strong></span> <span class='ocrx_word' id='word_1_274' title='bbox 1244 2631 1363 2698; x_wconf 82' lang='lat' dir='ltr'><strong>cogeret,</strong></span> 
     </span>
     <span class='ocr_line' id='line_1_27' title="bbox 84 2708 1364 2784; baseline 0.002 -20"><span class='ocrx_word' id='word_1_275' title='bbox 84 2715 110 2764; x_wconf 92' lang='lat' dir='ltr'><strong>ut</strong></span> <span class='ocrx_word' id='word_1_276' title='bbox 130 2710 273 2783; x_wconf 87' lang='lat' dir='ltr'><strong>principes</strong></span> <span class='ocrx_word' id='word_1_277' title='bbox 295 2709 427 2765; x_wconf 87' lang='lat' dir='ltr'><strong>interesse</strong></span> <span class='ocrx_word' id='word_1_278' title='bbox 449 2717 604 2784; x_wconf 87' lang='lat' dir='ltr'><strong>oporteret.</strong></span> <span class='ocrx_word' id='word_1_279' title='bbox 627 2708 773 2766; x_wconf 84' lang='lat' dir='ltr'><strong>Cardinalis</strong></span> <span class='ocrx_word' id='word_1_280' title='bbox 788 2709 961 2782; x_wconf 76' lang='lat' dir='ltr'><strong>llaguntinns</strong></span> <span class='ocrx_word' id='word_1_281' title='bbox 984 2717 1043 2764; x_wconf 86' lang='lat' dir='ltr'><strong>vota</strong></span> <span class='ocrx_word' id='word_1_282' title='bbox 1066 2710 1218 2784; x_wconf 90' lang='lat' dir='ltr'><strong>principum</strong></span> <span class='ocrx_word' id='word_1_283' title='bbox 1241 2708 1364 2784; x_wconf 79' lang='lat' dir='ltr'><strong>exquire·</strong></span> 
     </span>
     <span class='ocr_line' id='line_1_28' title="bbox 82 2793 1363 2868; baseline 0.003 -22"><span class='ocrx_word' id='word_1_284' title='bbox 82 2802 134 2855; x_wconf 86' lang='lat' dir='ltr'><strong>ret,</strong></span> <span class='ocrx_word' id='word_1_285' title='bbox 157 2793 287 2868; x_wconf 90' lang='lat' dir='ltr'><strong>illudque</strong></span> <span class='ocrx_word' id='word_1_286' title='bbox 310 2793 442 2868; x_wconf 87' lang='lat' dir='ltr'><strong>tantisper</strong></span> <span class='ocrx_word' id='word_1_287' title='bbox 464 2793 669 2860; x_wconf 84' lang='lat' dir='ltr'><strong>observaretur,</strong></span> <span class='ocrx_word' id='word_1_288' title='bbox 691 2795 778 2850; x_wconf 89' lang='lat' dir='ltr'><strong>donec</strong></span> <span class='ocrx_word' id='word_1_289' title='bbox 791 2793 960 2850; x_wconf 73' lang='lat' dir='ltr'><strong>boloniensis</strong></span> <span class='ocrx_word' id='word_1_290' title='bbox 983 2793 1150 2856; x_wconf 78' lang='lat' dir='ltr'><strong>adventaret,</strong></span> <span class='ocrx_word' id='word_1_291' title='bbox 1174 2794 1220 2868; x_wconf 90' lang='lat' dir='ltr'><strong>qui</strong></span> <span class='ocrx_word' id='word_1_292' title='bbox 1235 2811 1287 2850; x_wconf 88' lang='lat' dir='ltr'><strong>nna</strong></span> <span class='ocrx_word' id='word_1_293' title='bbox 1302 2811 1363 2850; x_wconf 88' lang='lat' dir='ltr'><strong>curn</strong></span> 
     </span>
     <span class='ocr_line' id='line_1_29' title="bbox 81 2871 1432 2954; baseline -0.001 -18"><span class='ocrx_word' id='word_1_294' title='bbox 81 2880 184 2936; x_wconf 75' lang='lat' dir='ltr'><strong>ceteris</strong></span> <span class='ocrx_word' id='word_1_295' title='bbox 200 2877 373 2954; x_wconf 87' lang='lat' dir='ltr'><strong>principibus</strong></span> <span class='ocrx_word' id='word_1_296' title='bbox 388 2877 532 2941; x_wconf 89' lang='lat' dir='ltr'><strong>iudicaret,</strong></span> <span class='ocrx_word' id='word_1_297' title='bbox 548 2880 603 2935; x_wconf 90' lang='lat' dir='ltr'><strong>utri</strong></span> <span class='ocrx_word' id='word_1_298' title='bbox 618 2871 775 2953; x_wconf 78' lang='lat' dir='ltr'><strong>exquirendi</strong></span> <span class='ocrx_word' id='word_1_299' title='bbox 791 2887 851 2935; x_wconf 85' lang='lat' dir='ltr'><strong>vota</strong></span> <span class='ocrx_word' id='word_1_300' title='bbox 867 2879 1005 2952; x_wconf 86' lang='lat' dir='ltr'><strong>provincia</strong></span> <span class='ocrx_word' id='word_1_301' title='bbox 1019 2876 1167 2952; x_wconf 78' lang='lat' dir='ltr'><strong>deleganda</strong></span> <span class='ocrx_word' id='word_1_302' title='bbox 1182 2887 1262 2936; x_wconf 88' lang='lat' dir='ltr'><strong>esset.</strong></span> <span class='ocrx_word' id='word_1_303' title='bbox 1296 2879 1432 2938; x_wconf 61' lang='lat' dir='ltr'><strong>Damion.</strong></span> 
     </span>
     <span class='ocr_line' id='line_1_30' title="bbox 81 2961 1365 3038; baseline 0.005 -22"><span class='ocrx_word' id='word_1_304' title='bbox 81 2961 134 3020; x_wconf 81' lang='lat' dir='ltr'><strong>tec</strong></span> <span class='ocrx_word' id='word_1_305' title='bbox 155 2964 299 3038; x_wconf 88' lang='lat' dir='ltr'><strong>principes</strong></span> <span class='ocrx_word' id='word_1_306' title='bbox 320 2963 408 3018; x_wconf 89' lang='lat' dir='ltr'><strong>nostri</strong></span> <span class='ocrx_word' id='word_1_307' title='bbox 432 2971 560 3026; x_wconf 85' lang='lat' dir='ltr'><strong>tractant,</strong></span> <span class='ocrx_word' id='word_1_308' title='bbox 584 2963 656 3020; x_wconf 87' lang='lat' dir='ltr'><strong>venit</strong></span> <span class='ocrx_word' id='word_1_309' title='bbox 677 2965 710 3020; x_wconf 94' lang='lat' dir='ltr'><strong>ad</strong></span> <span class='ocrx_word' id='word_1_310' title='bbox 732 2980 774 3020; x_wconf 89' lang='lat' dir='ltr'><strong>me</strong></span> <span class='ocrx_word' id='word_1_311' title='bbox 796 2963 907 3026; x_wconf 84' lang='lat' dir='ltr'><strong>Echius,</strong></span> <span class='ocrx_word' id='word_1_312' title='bbox 930 2963 971 3018; x_wconf 87' lang='lat' dir='ltr'><strong>vir</strong></span> <span class='ocrx_word' id='word_1_313' title='bbox 992 2980 1058 3020; x_wconf 89' lang='lat' dir='ltr'><strong>sane</strong></span> <span class='ocrx_word' id='word_1_314' title='bbox 1073 2964 1184 3022; x_wconf 86' lang='lat' dir='ltr'><strong>doctus:</strong></span> <span class='ocrx_word' id='word_1_315' title='bbox 1208 2973 1271 3038; x_wconf 90' lang='lat' dir='ltr'><strong>post</strong></span> <span class='ocrx_word' id='word_1_316' title='bbox 1286 2964 1365 3022; x_wconf 86' lang='lat' dir='ltr'><strong>verba</strong></span> 
     </span>
     <span class='ocr_line' id='line_1_31' title="bbox 54 3046 1366 3123; baseline 0.005 -24"><span class='ocrx_word' id='word_1_317' title='bbox 54 3048 209 3123; x_wconf 76' lang='lat' dir='ltr'><strong>unumque</strong></span> <span class='ocrx_word' id='word_1_318' title='bbox 233 3047 325 3104; x_wconf 77' lang='lat' dir='ltr'><strong>habita</strong></span> <span class='ocrx_word' id='word_1_319' title='bbox 345 3046 467 3104; x_wconf 85' lang='lat' dir='ltr'><strong>libellum</strong></span> <span class='ocrx_word' id='word_1_320' title='bbox 490 3048 622 3118; x_wconf 75' lang='lat' dir='ltr'><strong>ostendit,</strong></span> <span class='ocrx_word' id='word_1_321' title='bbox 645 3047 673 3104; x_wconf 90' lang='lat' dir='ltr'><strong>in</strong></span> <span class='ocrx_word' id='word_1_322' title='bbox 695 3065 750 3123; x_wconf 93' lang='lat' dir='ltr'><strong>quo</strong></span> <span class='ocrx_word' id='word_1_323' title='bbox 772 3047 878 3105; x_wconf 87' lang='lat' dir='ltr'><strong>obiecta</strong></span> <span class='ocrx_word' id='word_1_324' title='bbox 899 3049 1021 3122; x_wconf 77' lang='lat' dir='ltr'><strong>quedam</strong></span> <span class='ocrx_word' id='word_1_325' title='bbox 1043 3049 1095 3108; x_wconf 90' lang='lat' dir='ltr'><strong>sibi</strong></span> <span class='ocrx_word' id='word_1_326' title='bbox 1117 3049 1184 3106; x_wconf 88' lang='lat' dir='ltr'><strong>satis</strong></span> <span class='ocrx_word' id='word_1_327' title='bbox 1204 3047 1310 3106; x_wconf 88' lang='lat' dir='ltr'><strong>erudite</strong></span> <span class='ocrx_word' id='word_1_328' title='bbox 1324 3049 1366 3105; x_wconf 85' lang='lat' dir='ltr'><strong>di·-</strong></span> 
     </span>
     <span class='ocr_line' id='line_1_32' title="bbox 83 3131 1365 3207; baseline 0.003 -21"><span class='ocrx_word' id='word_1_329' title='bbox 83 3131 185 3196; x_wconf 87' lang='lat' dir='ltr'><strong>luebat.</strong></span> <span class='ocrx_word' id='word_1_330' title='bbox 216 3141 248 3190; x_wconf 93' lang='lat' dir='ltr'><strong>et</strong></span> <span class='ocrx_word' id='word_1_331' title='bbox 275 3141 405 3206; x_wconf 90' lang='lat' dir='ltr'><strong>quantum</strong></span> <span class='ocrx_word' id='word_1_332' title='bbox 430 3133 509 3207; x_wconf 90' lang='lat' dir='ltr'><strong>potui</strong></span> <span class='ocrx_word' id='word_1_333' title='bbox 537 3133 694 3191; x_wconf 84' lang='lat' dir='ltr'><strong>coniectura</strong></span> <span class='ocrx_word' id='word_1_334' title='bbox 715 3133 840 3207; x_wconf 91' lang='lat' dir='ltr'><strong>assequi,</strong></span> <span class='ocrx_word' id='word_1_335' title='bbox 868 3133 1006 3190; x_wconf 90' lang='lat' dir='ltr'><strong>cuiusdam</strong></span> <span class='ocrx_word' id='word_1_336' title='bbox 1029 3134 1122 3190; x_wconf 88' lang='lat' dir='ltr'><strong>iratris</strong></span> <span class='ocrx_word' id='word_1_337' title='bbox 1144 3135 1257 3190; x_wconf 80' lang='lat' dir='ltr'><strong>lutther</strong></span> <span class='ocrx_word' id='word_1_338' title='bbox 1278 3141 1365 3191; x_wconf 87' lang='lat' dir='ltr'><strong>secta·</strong></span> 
     </span>
     <span class='ocr_line' id='line_1_33' title="bbox 82 3215 1364 3293; baseline 0.005 -23"><span class='ocrx_word' id='word_1_339' title='bbox 82 3225 166 3280; x_wconf 86' lang='lat' dir='ltr'><strong>tores,</strong></span> <span class='ocrx_word' id='word_1_340' title='bbox 191 3217 256 3292; x_wconf 85' lang='lat' dir='ltr'><strong>qui.</strong></span> <span class='ocrx_word' id='word_1_341' title='bbox 285 3234 347 3274; x_wconf 90' lang='lat' dir='ltr'><strong>cum</strong></span> <span class='ocrx_word' id='word_1_342' title='bbox 368 3217 466 3274; x_wconf 85' lang='lat' dir='ltr'><strong>Echius</strong></span> <span class='ocrx_word' id='word_1_343' title='bbox 488 3217 695 3276; x_wconf 86' lang='lat' dir='ltr'><strong>ecclesiasticam</strong></span> <span class='ocrx_word' id='word_1_344' title='bbox 717 3215 877 3292; x_wconf 73' lang='lat' dir='ltr'><strong>(lignitatem</strong></span> <span class='ocrx_word' id='word_1_345' title='bbox 904 3235 935 3274; x_wconf 91' lang='lat' dir='ltr'><strong>ac</strong></span> <span class='ocrx_word' id='word_1_346' title='bbox 962 3220 1101 3275; x_wconf 88' lang='lat' dir='ltr'><strong>veritatem</strong></span> <span class='ocrx_word' id='word_1_347' title='bbox 1130 3217 1248 3276; x_wconf 79' lang='lat' dir='ltr'><strong>fortasse</strong></span> <span class='ocrx_word' id='word_1_348' title='bbox 1277 3219 1364 3293; x_wconf 87' lang='lat' dir='ltr'><strong>ipsam</strong></span> 
     </span>
     <span class='ocr_line' id='line_1_34' title="bbox 80 3301 1431 3379; baseline 0.002 -23"><span class='ocrx_word' id='word_1_349' title='bbox 80 3302 254 3370; x_wconf 73' lang='lat' dir='ltr'><strong>defenderet,</strong></span> <span class='ocrx_word' id='word_1_350' title='bbox 282 3303 310 3358; x_wconf 90' lang='lat' dir='ltr'><strong>in</strong></span> <span class='ocrx_word' id='word_1_351' title='bbox 331 3317 391 3358; x_wconf 91' lang='lat' dir='ltr'><strong>enm</strong></span> <span class='ocrx_word' id='word_1_352' title='bbox 414 3301 522 3375; x_wconf 77' lang='lat' dir='ltr'><strong>gravius</strong></span> <span class='ocrx_word' id='word_1_353' title='bbox 545 3319 625 3379; x_wconf 81' lang='lat' dir='ltr'><strong>quam</strong></span> <span class='ocrx_word' id='word_1_354' title='bbox 646 3311 677 3360; x_wconf 87' lang='lat' dir='ltr'><strong>ut</strong></span> <span class='ocrx_word' id='word_1_355' title='bbox 700 3301 854 3376; x_wconf 78' lang='lat' dir='ltr'><strong>Theolnqos</strong></span> <span class='ocrx_word' id='word_1_356' title='bbox 875 3302 997 3365; x_wconf 89' lang='lat' dir='ltr'><strong>deceret.</strong></span> <span class='ocrx_word' id='word_1_357' title='bbox 1027 3303 1123 3359; x_wconf 85' lang='lat' dir='ltr'><strong>invecti</strong></span> <span class='ocrx_word' id='word_1_358' title='bbox 1147 3305 1262 3360; x_wconf 86' lang='lat' dir='ltr'><strong>lucrant.</strong></span> <span class='ocrx_word' id='word_1_359' title='bbox 1306 3303 1431 3378; x_wconf 74' lang='lat' dir='ltr'><strong>ligeto.</strong></span> 
     </span>
     <span class='ocr_line' id='line_1_35' title="bbox 80 3381 1363 3469; baseline -0.002 -25"><span class='ocrx_word' id='word_1_360' title='bbox 80 3403 137 3444; x_wconf 89' lang='lat' dir='ltr'><strong>cum</strong></span> <span class='ocrx_word' id='word_1_361' title='bbox 159 3387 219 3447; x_wconf 79' lang='lat' dir='ltr'><strong>baec</strong></span> <span class='ocrx_word' id='word_1_362' title='bbox 243 3394 272 3444; x_wconf 90' lang='lat' dir='ltr'><strong>et</strong></span> <span class='ocrx_word' id='word_1_363' title='bbox 292 3386 390 3444; x_wconf 85' lang='lat' dir='ltr'><strong>similia</strong></span> <span class='ocrx_word' id='word_1_364' title='bbox 405 3386 462 3444; x_wconf 88' lang='lat' dir='ltr'><strong>lere</strong></span> <span class='ocrx_word' id='word_1_365' title='bbox 475 3388 565 3444; x_wconf 88' lang='lat' dir='ltr'><strong>animo</strong></span> <span class='ocrx_word' id='word_1_366' title='bbox 581 3382 691 3462; x_wconf 77' lang='lat' dir='ltr'><strong>repeto,</strong></span> <span class='ocrx_word' id='word_1_367' title='bbox 714 3386 815 3444; x_wconf 87' lang='lat' dir='ltr'><strong>stultos</strong></span> <span class='ocrx_word' id='word_1_368' title='bbox 831 3387 907 3449; x_wconf 89' lang='lat' dir='ltr'><strong>illos.</strong></span> <span class='ocrx_word' id='word_1_369' title='bbox 930 3388 1012 3444; x_wconf 88' lang='lat' dir='ltr'><strong>immo</strong></span> <span class='ocrx_word' id='word_1_370' title='bbox 1029 3381 1234 3469; x_wconf 56' lang='lat' dir='ltr'><strong>qffif&#39;qllffi?</strong></span> <span class='ocrx_word' id='word_1_371' title='bbox 1241 3383 1363 3460; x_wconf 58' lang='lat' dir='ltr'><strong>ffiffl&#39;g</strong></span> 
     </span>
     <span class='ocr_line' id='line_1_36' title="bbox 52 3471 1365 3547; baseline 0.002 -23"><span class='ocrx_word' id='word_1_372' title='bbox 52 3471 264 3530; x_wconf 82' lang='lat' dir='ltr'><strong>ustultissimos</strong></span> <span class='ocrx_word' id='word_1_373' title='bbox 287 3488 347 3528; x_wconf 87' lang='lat' dir='ltr'><strong>esse</strong></span> <span class='ocrx_word' id='word_1_374' title='bbox 369 3471 472 3534; x_wconf 89' lang='lat' dir='ltr'><strong>iudico.</strong></span> <span class='ocrx_word' id='word_1_375' title='bbox 501 3489 618 3546; x_wconf 86' lang='lat' dir='ltr'><strong>qnorum</strong></span> <span class='ocrx_word' id='word_1_376' title='bbox 640 3490 723 3547; x_wconf 85' lang='lat' dir='ltr'><strong>opera</strong></span> <span class='ocrx_word' id='word_1_377' title='bbox 744 3490 775 3529; x_wconf 92' lang='lat' dir='ltr'><strong>ac</strong></span> <span class='ocrx_word' id='word_1_378' title='bbox 797 3472 915 3528; x_wconf 88' lang='lat' dir='ltr'><strong>studium</strong></span> <span class='ocrx_word' id='word_1_379' title='bbox 943 3471 1032 3527; x_wconf 92' lang='lat' dir='ltr'><strong>solum</strong></span> <span class='ocrx_word' id='word_1_380' title='bbox 1059 3473 1087 3528; x_wconf 88' lang='lat' dir='ltr'><strong>in</strong></span> <span class='ocrx_word' id='word_1_381' title='bbox 1115 3473 1148 3528; x_wconf 90' lang='lat' dir='ltr'><strong>iis</strong></span> <span class='ocrx_word' id='word_1_382' title='bbox 1170 3489 1230 3545; x_wconf 86' lang='lat' dir='ltr'><strong>quae</strong></span> <span class='ocrx_word' id='word_1_383' title='bbox 1252 3472 1304 3528; x_wconf 86' lang='lat' dir='ltr'><strong>sibi</strong></span> <span class='ocrx_word' id='word_1_384' title='bbox 1326 3472 1365 3528; x_wconf 91' lang='lat' dir='ltr'><strong>nil</strong></span> 
     </span>
     <span class='ocr_line' id='line_1_37' title="bbox 81 3557 1366 3632; baseline 0.001 -20"><span class='ocrx_word' id='word_1_385' title='bbox 81 3565 180 3629; x_wconf 78' lang='lat' dir='ltr'><strong>preter</strong></span> <span class='ocrx_word' id='word_1_386' title='bbox 201 3557 397 3616; x_wconf 86' lang='lat' dir='ltr'><strong>detrimentum</strong></span> <span class='ocrx_word' id='word_1_387' title='bbox 420 3574 451 3614; x_wconf 90' lang='lat' dir='ltr'><strong>ac</strong></span> <span class='ocrx_word' id='word_1_388' title='bbox 472 3557 601 3614; x_wconf 85' lang='lat' dir='ltr'><strong>iacturam</strong></span> <span class='ocrx_word' id='word_1_389' title='bbox 622 3574 718 3632; x_wconf 83' lang='lat' dir='ltr'><strong>parere</strong></span> <span class='ocrx_word' id='word_1_390' title='bbox 740 3559 848 3631; x_wconf 86' lang='lat' dir='ltr'><strong>possint</strong></span> <span class='ocrx_word' id='word_1_391' title='bbox 869 3563 1025 3618; x_wconf 86' lang='lat' dir='ltr'><strong>versantur,</strong></span> <span class='ocrx_word' id='word_1_392' title='bbox 1048 3573 1063 3612; x_wconf 89' lang='lat' dir='ltr'><strong>a</strong></span> <span class='ocrx_word' id='word_1_393' title='bbox 1085 3557 1183 3630; x_wconf 90' lang='lat' dir='ltr'><strong>quibus</strong></span> <span class='ocrx_word' id='word_1_394' title='bbox 1206 3563 1281 3614; x_wconf 84' lang='lat' dir='ltr'><strong>tanto</strong></span> <span class='ocrx_word' id='word_1_395' title='bbox 1303 3573 1366 3614; x_wconf 89' lang='lat' dir='ltr'><strong>cau·</strong></span> 
     </span>
     <span class='ocr_line' id='line_1_38' title="bbox 82 3639 1365 3716; baseline -0.002 -18"><span class='ocrx_word' id='word_1_396' title='bbox 82 3641 132 3698; x_wconf 87' lang='lat' dir='ltr'><strong>tius</strong></span> <span class='ocrx_word' id='word_1_397' title='bbox 153 3643 297 3700; x_wconf 84' lang='lat' dir='ltr'><strong>abstinere</strong></span> <span class='ocrx_word' id='word_1_398' title='bbox 319 3641 463 3704; x_wconf 81' lang='lat' dir='ltr'><strong>debemus,</strong></span> <span class='ocrx_word' id='word_1_399' title='bbox 494 3651 596 3716; x_wconf 82' lang='lat' dir='ltr'><strong>quanto</strong></span> <span class='ocrx_word' id='word_1_400' title='bbox 617 3642 853 3716; x_wconf 75' lang='lat' dir='ltr'><strong>frequentioribus</strong></span> <span class='ocrx_word' id='word_1_401' title='bbox 874 3639 1004 3715; x_wconf 85' lang='lat' dir='ltr'><strong>exemplis</strong></span> <span class='ocrx_word' id='word_1_402' title='bbox 1026 3641 1123 3698; x_wconf 88' lang='lat' dir='ltr'><strong>instrui</strong></span> <span class='ocrx_word' id='word_1_403' title='bbox 1146 3656 1307 3715; x_wconf 82' lang='lat' dir='ltr'><strong>possumus,</strong></span> <span class='ocrx_word' id='word_1_404' title='bbox 1331 3655 1365 3696; x_wconf 88' lang='lat' dir='ltr'><strong>ne</strong></span> 
     </span>
     <span class='ocr_line' id='line_1_39' title="bbox 80 3725 1364 3802; baseline 0.002 -22"><span class='ocrx_word' id='word_1_405' title='bbox 80 3737 175 3784; x_wconf 83' lang='lat' dir='ltr'><strong>contra</strong></span> <span class='ocrx_word' id='word_1_406' title='bbox 196 3727 332 3802; x_wconf 85' lang='lat' dir='ltr'><strong>parietem</strong></span> <span class='ocrx_word' id='word_1_407' title='bbox 353 3733 436 3802; x_wconf 83' lang='lat' dir='ltr'><strong>caput</strong></span> <span class='ocrx_word' id='word_1_408' title='bbox 457 3725 605 3789; x_wconf 85' lang='lat' dir='ltr'><strong>illidamus.</strong></span> <span class='ocrx_word' id='word_1_409' title='bbox 629 3744 690 3786; x_wconf 90' lang='lat' dir='ltr'><strong>cnm</strong></span> <span class='ocrx_word' id='word_1_410' title='bbox 712 3728 765 3784; x_wconf 89' lang='lat' dir='ltr'><strong>hiis</strong></span> <span class='ocrx_word' id='word_1_411' title='bbox 787 3726 956 3801; x_wconf 86' lang='lat' dir='ltr'><strong>temporibus</strong></span> <span class='ocrx_word' id='word_1_412' title='bbox 970 3725 1033 3800; x_wconf 90' lang='lat' dir='ltr'><strong>plus</strong></span> <span class='ocrx_word' id='word_1_413' title='bbox 1048 3726 1102 3782; x_wconf 89' lang='lat' dir='ltr'><strong>odii</strong></span> <span class='ocrx_word' id='word_1_414' title='bbox 1119 3743 1149 3783; x_wconf 90' lang='lat' dir='ltr'><strong>ac</strong></span> <span class='ocrx_word' id='word_1_415' title='bbox 1164 3726 1269 3782; x_wconf 77' lang='lat' dir='ltr'><strong>invidie</strong></span> <span class='ocrx_word' id='word_1_416' title='bbox 1285 3743 1364 3800; x_wconf 86' lang='lat' dir='ltr'><strong>quam</strong></span> 
     </span>
     <span class='ocr_line' id='line_1_40' title="bbox 80 3807 1365 3886; baseline 0 -18"><span class='ocrx_word' id='word_1_417' title='bbox 80 3809 277 3870; x_wconf 51' lang='lat' dir='ltr'><strong>&amp;nescientiae</strong></span> <span class='ocrx_word' id='word_1_418' title='bbox 299 3829 329 3868; x_wconf 82' lang='lat' dir='ltr'><strong>uc</strong></span> <span class='ocrx_word' id='word_1_419' title='bbox 349 3811 454 3886; x_wconf 84' lang='lat' dir='ltr'><strong>praemii</strong></span> <span class='ocrx_word' id='word_1_420' title='bbox 475 3810 577 3869; x_wconf 85' lang='lat' dir='ltr'><strong>literati</strong></span> <span class='ocrx_word' id='word_1_421' title='bbox 598 3807 807 3886; x_wconf 86' lang='lat' dir='ltr'><strong>consequantur.</strong></span> <span class='ocrx_word' id='word_1_422' title='bbox 850 3809 994 3869; x_wconf 85' lang='lat' dir='ltr'><strong>cavendum</strong></span> <span class='ocrx_word' id='word_1_423' title='bbox 1016 3827 1031 3867; x_wconf 88' lang='lat' dir='ltr'><strong>a</strong></span> <span class='ocrx_word' id='word_1_424' title='bbox 1052 3827 1117 3868; x_wconf 88' lang='lat' dir='ltr'><strong>vero</strong></span> <span class='ocrx_word' id='word_1_425' title='bbox 1138 3820 1194 3874; x_wconf 90' lang='lat' dir='ltr'><strong>est,</strong></span> <span class='ocrx_word' id='word_1_426' title='bbox 1217 3827 1251 3868; x_wconf 92' lang='lat' dir='ltr'><strong>ne</strong></span> <span class='ocrx_word' id='word_1_427' title='bbox 1272 3827 1365 3868; x_wconf 85' lang='lat' dir='ltr'><strong>verum</strong></span> 
     </span>
     <span class='ocr_line' id='line_1_41' title="bbox 53 3892 1366 3972; baseline 0.005 -26"><span class='ocrx_word' id='word_1_428' title='bbox 53 3897 169 3970; x_wconf 78' lang='lat' dir='ltr'><strong>reipsum</strong></span> <span class='ocrx_word' id='word_1_429' title='bbox 193 3913 249 3971; x_wconf 88' lang='lat' dir='ltr'><strong>pro</strong></span> <span class='ocrx_word' id='word_1_430' title='bbox 278 3892 345 3953; x_wconf 85' lang='lat' dir='ltr'><strong>laiso</strong></span> <span class='ocrx_word' id='word_1_431' title='bbox 372 3897 531 3972; x_wconf 87' lang='lat' dir='ltr'><strong>recipiatur:</strong></span> <span class='ocrx_word' id='word_1_432' title='bbox 559 3913 655 3972; x_wconf 87' lang='lat' dir='ltr'><strong>sapere</strong></span> <span class='ocrx_word' id='word_1_433' title='bbox 676 3898 747 3954; x_wconf 90' lang='lat' dir='ltr'><strong>enim</strong></span> <span class='ocrx_word' id='word_1_434' title='bbox 769 3915 829 3954; x_wconf 90' lang='lat' dir='ltr'><strong>cnm</strong></span> <span class='ocrx_word' id='word_1_435' title='bbox 852 3897 913 3953; x_wconf 87' lang='lat' dir='ltr'><strong>vitae</strong></span> <span class='ocrx_word' id='word_1_436' title='bbox 942 3896 1054 3952; x_wconf 88' lang='lat' dir='ltr'><strong>interitu</strong></span> <span class='ocrx_word' id='word_1_437' title='bbox 1081 3896 1146 3952; x_wconf 88' lang='lat' dir='ltr'><strong>milri</strong></span> <span class='ocrx_word' id='word_1_438' title='bbox 1175 3895 1366 3954; x_wconf 89' lang='lat' dir='ltr'><strong>stultissimum</strong></span> 
     </span>
     <span class='ocr_line' id='line_1_42' title="bbox 81 3980 1367 4055; baseline 0.005 -25"><span class='ocrx_word' id='word_1_439' title='bbox 81 3980 194 4038; x_wconf 89' lang='lat' dir='ltr'><strong>videtur.</strong></span> <span class='ocrx_word' id='word_1_440' title='bbox 235 3981 258 4036; x_wconf 91' lang='lat' dir='ltr'><strong>si</strong></span> <span class='ocrx_word' id='word_1_441' title='bbox 280 3980 332 4037; x_wconf 90' lang='lat' dir='ltr'><strong>deo</strong></span> <span class='ocrx_word' id='word_1_442' title='bbox 353 3989 448 4055; x_wconf 81' lang='lat' dir='ltr'><strong>gratm</strong></span> <span class='ocrx_word' id='word_1_443' title='bbox 470 3997 530 4038; x_wconf 87' lang='lat' dir='ltr'><strong>esse</strong></span> <span class='ocrx_word' id='word_1_444' title='bbox 551 3983 605 4046; x_wconf 87' lang='lat' dir='ltr'><strong>vis,</strong></span> <span class='ocrx_word' id='word_1_445' title='bbox 628 3982 686 4039; x_wconf 87' lang='lat' dir='ltr'><strong>sine</strong></span> <span class='ocrx_word' id='word_1_446' title='bbox 708 3983 836 4040; x_wconf 89' lang='lat' dir='ltr'><strong>mundum</strong></span> <span class='ocrx_word' id='word_1_447' title='bbox 857 3999 906 4040; x_wconf 84' lang='lat' dir='ltr'><strong>sun</strong></span> <span class='ocrx_word' id='word_1_448' title='bbox 927 3981 985 4054; x_wconf 74' lang='lat' dir='ltr'><strong>regi</strong></span> <span class='ocrx_word' id='word_1_449' title='bbox 1008 3981 1160 4055; x_wconf 88' lang='lat' dir='ltr'><strong>prudentia.</strong></span> <span class='ocrx_word' id='word_1_450' title='bbox 1196 3982 1278 4055; x_wconf 78' lang='lat' dir='ltr'><strong>Atqui</strong></span> <span class='ocrx_word' id='word_1_451' title='bbox 1293 3981 1367 4040; x_wconf 89' lang='lat' dir='ltr'><strong>dices</strong></span> 
     </span>
     <span class='ocr_line' id='line_1_43' title="bbox 81 4063 1366 4142; baseline 0.002 -22"><span class='ocrx_word' id='word_1_452' title='bbox 81 4063 198 4124; x_wconf 76' lang='lat' dir='ltr'><strong>luctasse</strong></span> <span class='ocrx_word' id='word_1_453' title='bbox 224 4073 262 4122; x_wconf 87' lang='lat' dir='ltr'><strong>‘et</strong></span> <span class='ocrx_word' id='word_1_454' title='bbox 283 4082 332 4122; x_wconf 89' lang='lat' dir='ltr'><strong>nos</strong></span> <span class='ocrx_word' id='word_1_455' title='bbox 354 4083 461 4123; x_wconf 83' lang='lat' dir='ltr'><strong>marium</strong></span> <span class='ocrx_word' id='word_1_456' title='bbox 482 4065 577 4126; x_wconf 82' lang='lat' dir='ltr'><strong>lerulce</strong></span> <span class='ocrx_word' id='word_1_457' title='bbox 598 4067 791 4125; x_wconf 86' lang='lat' dir='ltr'><strong>subduximus&#39;.</strong></span> <span class='ocrx_word' id='word_1_458' title='bbox 827 4076 855 4124; x_wconf 82' lang='lat' dir='ltr'><strong>at</strong></span> <span class='ocrx_word' id='word_1_459' title='bbox 875 4075 1022 4142; x_wconf 89' lang='lat' dir='ltr'><strong>propterea</strong></span> <span class='ocrx_word' id='word_1_460' title='bbox 1043 4067 1113 4124; x_wconf 89' lang='lat' dir='ltr'><strong>scire</strong></span> <span class='ocrx_word' id='word_1_461' title='bbox 1136 4074 1212 4124; x_wconf 91' lang='lat' dir='ltr'><strong>tuum</strong></span> <span class='ocrx_word' id='word_1_462' title='bbox 1232 4064 1300 4122; x_wconf 86' lang='lat' dir='ltr'><strong>nilril</strong></span> <span class='ocrx_word' id='word_1_463' title='bbox 1315 4074 1366 4129; x_wconf 84' lang='lat' dir='ltr'><strong>est.</strong></span> 
     </span>
     <span class='ocr_line' id='line_1_44' title="bbox 82 4147 1366 4228; baseline 0.003 -24"><span class='ocrx_word' id='word_1_464' title='bbox 82 4151 130 4207; x_wconf 88' lang='lat' dir='ltr'><strong>uisi</strong></span> <span class='ocrx_word' id='word_1_465' title='bbox 161 4159 190 4208; x_wconf 89' lang='lat' dir='ltr'><strong>te</strong></span> <span class='ocrx_word' id='word_1_466' title='bbox 213 4151 286 4206; x_wconf 88' lang='lat' dir='ltr'><strong>scire</strong></span> <span class='ocrx_word' id='word_1_467' title='bbox 307 4150 360 4208; x_wconf 90' lang='lat' dir='ltr'><strong>lmc</strong></span> <span class='ocrx_word' id='word_1_468' title='bbox 381 4151 449 4210; x_wconf 85' lang='lat' dir='ltr'><strong>sciat</strong></span> <span class='ocrx_word' id='word_1_469' title='bbox 470 4150 556 4208; x_wconf 69' lang='lat' dir='ltr'><strong>alter!</strong></span> <span class='ocrx_word' id='word_1_470' title='bbox 584 4153 738 4210; x_wconf 87' lang='lat' dir='ltr'><strong>memineris</strong></span> <span class='ocrx_word' id='word_1_471' title='bbox 760 4152 920 4228; x_wconf 77' lang='lat' dir='ltr'><strong>sapientium</strong></span> <span class='ocrx_word' id='word_1_472' title='bbox 940 4151 1021 4208; x_wconf 87' lang='lat' dir='ltr'><strong>huius</strong></span> <span class='ocrx_word' id='word_1_473' title='bbox 1036 4151 1128 4210; x_wconf 80' lang='lat' dir='ltr'><strong>seculi</strong></span> <span class='ocrx_word' id='word_1_474' title='bbox 1143 4147 1290 4208; x_wconf 88' lang='lat' dir='ltr'><strong>stulticiam</strong></span> <span class='ocrx_word' id='word_1_475' title='bbox 1306 4167 1366 4209; x_wconf 90' lang='lat' dir='ltr'><strong>esse</strong></span> 
     </span>
    </p>
   </div>
   <div class='ocr_carea' id='block_1_3' title="bbox 79 4415 1369 4827">
    <p class='ocr_par' dir='ltr' id='par_1_3' title="bbox 79 4415 1369 4827">
     <span class='ocr_line' id='line_1_45' title="bbox 146 4415 1367 4487; baseline 0.002 -17"><span class='ocrx_word' id='word_1_476' title='bbox 146 4415 158 4449; x_wconf 79' lang='lat'><strong>¹</strong></span> <span class='ocrx_word' id='word_1_477' title='bbox 176 4415 338 4470; x_wconf 77' lang='lat' dir='ltr'><strong>Ioscbimus</strong></span> <span class='ocrx_word' id='word_1_478' title='bbox 350 4420 377 4470; x_wconf 76' lang='grc'><strong>3.</strong></span> <span class='ocrx_word' id='word_1_479' title='bbox 412 4415 433 4452; x_wconf 74' lang='lat'><strong>¹⁸</strong></span> <span class='ocrx_word' id='word_1_480' title='bbox 450 4418 553 4487; x_wconf 69' lang='lat' dir='ltr'><strong>nonno]</strong></span> <span class='ocrx_word' id='word_1_481' title='bbox 572 4422 702 4473; x_wconf 75' lang='lat' dir='ltr'><strong>Omcenst.</strong></span> <span class='ocrx_word' id='word_1_482' title='bbox 741 4418 763 4454; x_wconf 80' lang='lat'><strong>¹⁸</strong></span> <span class='ocrx_word' id='word_1_483' title='bbox 779 4417 892 4486; x_wconf 71' lang='lat' dir='ltr'><strong>saliere]</strong></span> <span class='ocrx_word' id='word_1_484' title='bbox 912 4421 948 4470; x_wconf 83' lang='lat' dir='ltr'><strong>cr&#39;.</strong></span> <span class='ocrx_word' id='word_1_485' title='bbox 961 4419 1028 4472; x_wconf 89' lang='lat' dir='ltr'><strong>Hor.</strong></span> <span class='ocrx_word' id='word_1_486' title='bbox 1042 4419 1085 4471; x_wconf 87' lang='lat' dir='ltr'><strong>nd.</strong></span> <span class='ocrx_word' id='word_1_487' title='bbox 1098 4421 1122 4473; x_wconf 93' lang='lat'><strong>1.</strong></span> <span class='ocrx_word' id='word_1_488' title='bbox 1132 4419 1201 4484; x_wconf 67' lang='lat' dir='ltr'><strong>dm.</strong></span> <span class='ocrx_word' id='word_1_489' title='bbox 1214 4435 1274 4487; x_wconf 89' lang='lat' dir='ltr'><strong>sqq.</strong></span> <span class='ocrx_word' id='word_1_490' title='bbox 1287 4435 1312 4473; x_wconf 89' lang='lat' dir='ltr'><strong>c.</strong></span> <span class='ocrx_word' id='word_1_491' title='bbox 1325 4421 1367 4472; x_wconf 86' lang='lat' dir='ltr'><strong>in·</strong></span> 
     </span>
     <span class='ocr_line' id='line_1_46' title="bbox 81 4501 1368 4572; baseline 0.001 -16"><span class='ocrx_word' id='word_1_492' title='bbox 81 4508 169 4569; x_wconf 75' lang='lat' dir='ltr'><strong>beapp-</strong></span> <span class='ocrx_word' id='word_1_493' title='bbox 213 4501 237 4535; x_wconf 71' lang='lat'><strong>¹¹</strong></span> <span class='ocrx_word' id='word_1_494' title='bbox 252 4505 349 4566; x_wconf 67' lang='lat' dir='ltr'><strong>battus</strong></span> <span class='ocrx_word' id='word_1_495' title='bbox 360 4505 386 4553; x_wconf 83' lang='grc'><strong>2.</strong></span> <span class='ocrx_word' id='word_1_496' title='bbox 431 4503 455 4540; x_wconf 74' lang='lat'><strong>²⁰</strong></span> <span class='ocrx_word' id='word_1_497' title='bbox 472 4505 633 4556; x_wconf 76' lang='lat' dir='ltr'><strong>Hernicum</strong></span> <span class='ocrx_word' id='word_1_498' title='bbox 650 4507 801 4558; x_wconf 77' lang='lat' dir='ltr'><strong>Wiedenrir.</strong></span> <span class='ocrx_word' id='word_1_499' title='bbox 815 4509 850 4558; x_wconf 81' lang='lat' dir='ltr'><strong>nt</strong></span> <span class='ocrx_word' id='word_1_500' title='bbox 868 4501 939 4570; x_wconf 65' lang='lat' dir='ltr'><strong>cat]</strong></span> <span class='ocrx_word' id='word_1_501' title='bbox 959 4506 1034 4556; x_wconf 82' lang='lat' dir='ltr'><strong>aliter·</strong></span> <span class='ocrx_word' id='word_1_502' title='bbox 1051 4513 1126 4572; x_wconf 82' lang='lat' dir='ltr'><strong>atquc</strong></span> <span class='ocrx_word' id='word_1_503' title='bbox 1143 4509 1231 4557; x_wconf 82' lang='lat' dir='ltr'><strong>ceteri.</strong></span> <span class='ocrx_word' id='word_1_504' title='bbox 1254 4503 1288 4562; x_wconf 73' lang='lat'><strong>,¹¹</strong></span> <span class='ocrx_word' id='word_1_505' title='bbox 1306 4506 1368 4558; x_wconf 83' lang='lat' dir='ltr'><strong>illn-</strong></span> 
     </span>
     <span class='ocr_line' id='line_1_47' title="bbox 81 4583 1369 4656; baseline 0.005 -20"><span class='ocrx_word' id='word_1_506' title='bbox 81 4593 179 4638; x_wconf 83' lang='lat' dir='ltr'><strong>scente</strong></span> <span class='ocrx_word' id='word_1_507' title='bbox 196 4588 259 4640; x_wconf 80' lang='lat' dir='ltr'><strong>edd.</strong></span> <span class='ocrx_word' id='word_1_508' title='bbox 298 4583 320 4620; x_wconf 77' lang='lat'><strong>¹⁸</strong></span> <span class='ocrx_word' id='word_1_509' title='bbox 332 4586 435 4650; x_wconf 68' lang='lat' dir='ltr'><strong>nuum,</strong></span> <span class='ocrx_word' id='word_1_510' title='bbox 453 4591 520 4639; x_wconf 84' lang='lat' dir='ltr'><strong>inter</strong></span> <span class='ocrx_word' id='word_1_511' title='bbox 531 4589 640 4642; x_wconf 69' lang='lat' dir='ltr'><strong>emnem</strong></span> <span class='ocrx_word' id='word_1_512' title='bbox 654 4591 739 4642; x_wconf 78' lang='lat' dir='ltr'><strong>docter</strong></span> <span class='ocrx_word' id='word_1_513' title='bbox 752 4591 939 4653; x_wconf 75' lang='lat' dir='ltr'><strong>smnosbsisrus.</strong></span> <span class='ocrx_word' id='word_1_514' title='bbox 956 4606 1008 4640; x_wconf 79' lang='lat' dir='ltr'><strong>nou</strong></span> <span class='ocrx_word' id='word_1_515' title='bbox 1022 4589 1179 4642; x_wconf 56' lang='grc' dir='ltr'><strong>Μένιππε</strong></span> <span class='ocrx_word' id='word_1_516' title='bbox 1189 4592 1230 4641; x_wconf 75' lang='lat' dir='ltr'><strong>ide</strong></span> <span class='ocrx_word' id='word_1_517' title='bbox 1243 4591 1369 4656; x_wconf 72' lang='lat' dir='ltr'><strong>archiepi-</strong></span> 
     </span>
     <span class='ocr_line' id='line_1_48' title="bbox 79 4669 1369 4741; baseline 0.002 -19"><span class='ocrx_word' id='word_1_518' title='bbox 79 4675 153 4736; x_wconf 74' lang='lat' dir='ltr'><strong>scopi</strong></span> <span class='ocrx_word' id='word_1_519' title='bbox 168 4671 267 4724; x_wconf 74' lang='grc' dir='ltr'><strong>ιαϋα.</strong></span> <span class='ocrx_word' id='word_1_520' title='bbox 302 4669 376 4731; x_wconf 70' lang='lat' dir='ltr'><strong>§.at</strong></span> <span class='ocrx_word' id='word_1_521' title='bbox 394 4673 478 4724; x_wconf 69' lang='lat' dir='ltr'><strong>noum</strong></span> <span class='ocrx_word' id='word_1_522' title='bbox 494 4677 620 4726; x_wconf 79' lang='lat' dir='ltr'><strong>teneattt?</strong></span> <span class='ocrx_word' id='word_1_523' title='bbox 664 4674 686 4708; x_wconf 77' lang='lat'><strong>³⁸</strong></span> <span class='ocrx_word' id='word_1_524' title='bbox 703 4676 834 4740; x_wconf 69' lang='lat' dir='ltr'><strong>cutientem</strong></span> <span class='ocrx_word' id='word_1_525' title='bbox 852 4679 877 4726; x_wconf 81' lang='lat'><strong>2.</strong></span> <span class='ocrx_word' id='word_1_526' title='bbox 917 4674 961 4725; x_wconf 80' lang='lat' dir='ltr'><strong>tus</strong></span> <span class='ocrx_word' id='word_1_527' title='bbox 980 4677 1007 4726; x_wconf 81' lang='grc'><strong>3.</strong></span> <span class='ocrx_word' id='word_1_528' title='bbox 1046 4673 1068 4706; x_wconf 77' lang='lat'><strong>⁸⁹</strong></span> <span class='ocrx_word' id='word_1_529' title='bbox 1085 4675 1251 4741; x_wconf 63' lang='lat' dir='ltr'><strong>promitti.</strong></span> <span class='ocrx_word' id='word_1_530' title='bbox 1299 4671 1323 4708; x_wconf 77' lang='lat'><strong>⁴⁸</strong></span> <span class='ocrx_word' id='word_1_531' title='bbox 1340 4679 1369 4726; x_wconf 82' lang='lat' dir='ltr'><strong>et</strong></span> 
     </span>
     <span class='ocr_line' id='line_1_49' title="bbox 81 4751 1368 4827; baseline 0.005 -21"><span class='ocrx_word' id='word_1_532' title='bbox 81 4751 411 4822; x_wconf 60' lang='lat' dir='ltr'><strong>connumeratum.</strong></span> <span class='ocrx_word' id='word_1_533' title='bbox 445 4755 469 4790; x_wconf 81' lang='lat'><strong>⁴⁸</strong></span> <span class='ocrx_word' id='word_1_534' title='bbox 479 4762 550 4824; x_wconf 77' lang='lat' dir='ltr'><strong>esp]</strong></span> <span class='ocrx_word' id='word_1_535' title='bbox 563 4758 644 4810; x_wconf 84' lang='lat' dir='ltr'><strong>Psuli</strong></span> <span class='ocrx_word' id='word_1_536' title='bbox 654 4759 676 4810; x_wconf 93' lang='lat' dir='ltr'><strong>I.</strong></span> <span class='ocrx_word' id='word_1_537' title='bbox 690 4775 733 4826; x_wconf 86' lang='lat' dir='ltr'><strong>ep.</strong></span> <span class='ocrx_word' id='word_1_538' title='bbox 747 4759 855 4812; x_wconf 74' lang='lat' dir='ltr'><strong>ston</strong></span> <span class='ocrx_word' id='word_1_539' title='bbox 869 4760 921 4812; x_wconf 87' lang='lat'><strong>111.</strong></span> <span class='ocrx_word' id='word_1_540' title='bbox 931 4757 970 4810; x_wconf 78' lang='lat' dir='ltr'><strong>lb.</strong></span> <span class='ocrx_word' id='word_1_541' title='bbox 1010 4759 1142 4827; x_wconf 75' lang='lat' dir='ltr'><strong>[tuttitisut</strong></span> <span class='ocrx_word' id='word_1_542' title='bbox 1155 4764 1179 4808; x_wconf 87' lang='lat'><strong>2.</strong></span> <span class='ocrx_word' id='word_1_543' title='bbox 1199 4758 1322 4812; x_wconf 67' lang='lat' dir='ltr'><strong>stultiam</strong></span> <span class='ocrx_word' id='word_1_544' title='bbox 1341 4765 1368 4812; x_wconf 81' lang='grc'><strong>3.</strong></span> 
     </span>
    </p>
   </div>
   <div class='ocr_carea' id='block_1_4' title="bbox 0 0 1724 5512">
    <p class='ocr_par' dir='ltr' id='par_1_4' title="bbox 0 0 1724 5512">
     <span class='ocr_line' id='line_1_50' title="bbox 0 0 1724 5512; baseline 0 0"><span class='ocrx_word' id='word_1_545' title='bbox 0 0 1724 5512; x_wconf 95' lang='lat' dir='ltr'><strong> </strong></span> 
     </span>
    </p>
   </div>
  </div>
 </body>
</html>
