3382 5516
342 387 415 459 234
451 417 673 456 Gonnum!
684 417 720 453 D}
733 417 846 494 ΠΒΕΙΟΙ
859 412 971 456 imm
984 417 1208 470 llOss'fl'l'V‘l'lllll¹
1220 419 1257 456 AD
1269 418 1476 456 ssxlffllssw
1487 421 1505 456 t.

340 588 384 640 cst
404 595 438 636 cx
458 575 587 640 Romania
609 584 637 632 et
658 575 692 634 ab
714 576 821 651 origine
843 567 1074 642 Clmistiauorum;
1097 577 1161 652 quia
1183 577 1267 639 semel
1283 579 1310 636 in
1327 579 1443 636 triennio
1458 577 1487 636 tit
1499 579 1601 636 delectus

340 682 391 742 per
413 669 497 750 totam
519 661 690 724 liomaniam,
713 671 741 719 ct
762 661 932 736 colliguntur
953 661 1001 720 ulii
1023 661 1208 725 subditorum.
1238 681 1343 738 eosque
1364 663 1473 726 mittunt
1493 665 1518 720 in
1536 664 1602 720 ilatu-

340 739 521 828 {lqlfflffl
535 741 543 812 Ι
558 745 635 810 liam,
658 753 689 804 ut
711 747 749 804 ibi
771 746 928 804 imbuantur
954 747 1048 822 lingua
1078 756 1106 806 et
1127 747 1233 808 ritibus
1261 748 1422 812 ramnum:
1449 749 1601 822 cumquest

273 891 276 900 .
340 851 427 894 annos
448 831 601 908 pubertatis
623 833 809 906 pervenerint,
833 833 973 890 exercitati
995 833 1023 891 in
1045 832 1142 898 armis,
1171 833 1218 908 qui
1241 834 1327 908 magis
1350 833 1453 892 strenui
1474 841 1542 895 sunt.
1566 851 1602 908 ps

339 922 410 978 dites
432 916 587 975 efficiuntur
609 924 636 974 et
658 917 690 974 ad
712 918 864 974 custodiam
887 918 1062 992 Imperatoris
1091 919 1273 992 deputantur:
1302 929 1330 976 et
1359 919 1386 976 in
1419 920 1475 993 ipsa
1500 919 1619 976 custodias

340 1013 405 1066 sunt
427 1019 535 1076 semper
556 1017 651 1058 novem
673 1000 715 1058 vel
737 1002 949 1082 decemmillia,
973 1021 1090 1078 quorum
1112 1004 1271 1078 capitaneus
1286 1006 1362 1078 dgga
1384 1011 1554 1078 nuncupatur,
1573 1004 1604 1058 sir

340 1107 444 1165 maguae
466 1087 636 1150 autoritatis:
666 1087 712 1161 qui
733 1096 822 1144 autem
844 1088 934 1146 miuus
956 1089 1013 1163 apti
1035 1088 1160 1146 videntur
1187 1088 1309 1152 militias,
1337 1089 1493 1162 deliguntur
1517 1089 1545 1144 ad
1568 1105 1604 1144 cu·

342 1173 498 1234 studiendas
520 1171 684 1230 munitiones
706 1181 734 1230 ct
755 1189 846 1236 arces,
868 1182 897 1230 ct
918 1181 983 1230 sunt
1004 1174 1114 1231 circiter
1135 1189 1249 1232 numero
1272 1174 1338 1230 m
1359 1173 1459 1238 millia,
1487 1173 1530 1247 qni
1553 1173 1604 1230 ube

341 1261 420 1319 diunt
441 1258 499 1315 suis
521 1257 635 1320 baadar,
659 1258 685 1314 id
707 1267 750 1314 est
770 1257 944 1321 Castellanis,
968 1260 1087 1316 viventes
1108 1276 1141 1316 ex
1163 1259 1310 1334 stipendio.
1354 1259 1424 1316 Sunt
1448 1267 1532 1316 autem
1550 1257 1604 1314 lani·

342 1346 400 1406 sari
413 1343 550 1401 munimen
566 1348 594 1398 et
609 1342 694 1399 robur
708 1342 897 1417 Imperatoris,
912 1344 993 1417 eique
1008 1351 1073 1400 sunt
1088 1343 1343 1418 obsequentissimi,
1360 1352 1521 1418 tuenturque
1533 1342 1603 1416 ipsun
1612 1363 1628 1400 u

274 1427 413 1496 ldis-apt
444 1437 451 1508 Ι
473 1437 570 1485 contra
592 1443 685 1504 omnes
702 1427 835 1488 tumultus
857 1445 888 1485 ac
902 1427 1060 1486 seditiones.
1096 1429 1194 1504 Assapi
1210 1437 1276 1488 sunt
1290 1417 1390 1486 milites
1405 1429 1520 1504 gregarii
1533 1428 1604 1484 minus

341 1513 482 1575 exercitati
497 1529 529 1570 ac
543 1511 636 1587 precio
651 1513 791 1576 conducti,
814 1529 931 1592 quornm
947 1512 1031 1588 aliqui
1047 1522 1112 1570 sunt
1130 1514 1253 1590 pedites.
1277 1513 1361 1588 aliqui
1376 1531 1440 1570 vero
1456 1514 1561 1589 equites.
1583 1511 1604 1568 bi

342 1603 423 1662 etiarn
445 1596 559 1654 classem
581 1597 742 1656 maritimam
765 1597 880 1660 intrant.
903 1597 1034 1656 babentes
1057 1616 1108 1673 pro
1131 1599 1268 1673 stipendio
1291 1600 1390 1658 viritim
1412 1616 1491 1674 aspra
1505 1598 1604 1672 quinque

341 1705 392 1765 per
413 1684 492 1742 diem.
536 1683 572 1739 lle
595 1681 641 1738 tali
664 1699 764 1756 genere
786 1681 902 1740 militum
930 1683 989 1758 ipse
1015 1684 1167 1758 imperator
1195 1683 1349 1742 conducere
1376 1691 1470 1759 potest
1496 1691 1604 1758 quantun

342 1771 414 1835 rult,
440 1785 510 1834 cum,
531 1767 586 1824 sint
614 1765 738 1840 vulgares
759 1775 787 1824 ct
809 1768 841 1824 ad
869 1769 1043 1842 pugnandum
1065 1769 1212 1844 inexperti,
1242 1777 1297 1826 tam
1326 1769 1355 1826 in
1381 1787 1473 1844 pugna
1501 1765 1628 1828 ursatio

343 1874 423 1935 quum
445 1851 541 1909 navali.
584 1859 613 1908 ct
634 1860 750 1926 possunt
771 1869 831 1910 esse
847 1853 942 1928 Assapi
966 1861 1020 1910 tam
1042 1853 1187 1912 Christiani
1210 1871 1292 1928 quam
1315 1855 1410 1912 l'urcae
1440 1863 1469 1912 et
1493 1851 1547 1911 alic
1571 1867 1607 1906 na·

274 1939 452 2012 §.tumul
473 1937 572 1996 tiones.
615 1937 734 2012 Acoangi
763 1937 882 1994 militant
908 1938 940 1996 ad
975 1938 1113 1996 fortunam
1141 1938 1199 1996 sinc
1228 1938 1302 2012 agris
1331 1947 1359 1996 et
1385 1939 1444 1996 sine
1471 1935 1606 2012 stipendiis:

343 2028 465 2104 quintam
486 2030 591 2098 partem
614 2021 713 2098 praedm
735 2021 800 2080 dant
822 2022 996 2098 Imperatori:
1018 2032 1047 2080 ct
1061 2024 1085 2080 si
1101 2023 1147 2098 qui
1164 2025 1269 2080 suenni
1285 2024 1474 2099 apparuerint,
1496 2019 1606 2078 'lbimams'

341 2132 411 2170 aaut
444 2106 515 2182 luel
538 2104 651 2164 alterius
673 2108 815 2181 dignitatis
837 2125 937 2164 nomen
959 2117 987 2164 et
1009 2107 1123 2182 gradum
1151 2109 1313 2166 sortiuntur.
1358 2107 1428 2166 Sunt
1455 2107 1500 2182 qui
1525 2103 1606 2164 cacru-

342 2207 399 2254 tum
429 2193 556 2252 omlinant
584 2192 666 2252 clavis
695 2193 806 2250 termis:
837 2192 865 2249 bl
894 2192 994 2250 milites
1022 2194 1050 2250 in
1078 2193 1242 2250 stationibus
1269 2193 1327 2250 suis
1355 2202 1430 2250 stare
1454 2200 1564 2266 cogunt,
1586 2197 1630 2246 ctu
1674 2219 1675 2240 i

341 2298 449 2356 semper
471 2279 628 2354 precedunt
648 2279 843 2353 imperatorem
864 2277 946 2352 cique
967 2277 1036 2336 viam
1059 2285 1169 2353 parant,
1197 2287 1225 2336 et
1251 2277 1426 2353 appellantur
1447 2276 1548 2339 Zaustir
1570 2291 1607 2330 nu·

342 2385 407 2424 aum
431 2363 437 2433 Ι
459 2380 535 2421 mero
557 2371 622 2422 sunt
644 2363 853 2439 quadringenti,
875 2363 968 2420 vivunt
988 2379 1021 2420 cx
1043 2361 1190 2438 stipendio.
1222 2363 1291 2420 Sunt
1313 2371 1446 2438 practerea
1460 2362 1558 2437 quidam
1570 2358 1608 2416 ni·

340 2451 404 2509 lites
426 2447 647 2526 prodigiosarum
660 2448 773 2512 virium,
798 2447 845 2523 qui
860 2456 956 2507 contra
971 2447 1091 2524 quinque
1106 2465 1229 2522 pugnare
1249 2447 1441 2523 perhibentur;
1463 2445 1605 2522 stipendium

335 2553 451 2612 ,quoque
474 2551 525 2608 pro
548 2533 669 2608 quiaque
691 2532 825 2590 militibus
847 2541 971 2595 sumunt,
1000 2531 1082 2590 belsli
1111 2541 1256 2596 rocantrrr,
1286 2550 1401 2590 numero
1430 2539 1495 2590 sunt
1520 2530 1555 2588 m
1576 2525 1607 2583 tel

341 2637 409 2674 cami
424 2626 450 2695 Ἰ
472 2617 557 2680 circa,
580 2618 672 2675 vivunt
694 2635 727 2675 es
749 2618 894 2693 stipendio.
933 2617 1003 2676 Sunt
1024 2626 1051 2676 et
1074 2617 1179 2682 Gouili,
1203 2619 1250 2692 qui
1272 2618 1299 2676 in
1322 2627 1381 2676 arte
1402 2615 1555 2691 gladiatoria
1572 2630 1630 2687 prs

343 2702 467 2760 ritissimi
489 2702 635 2766 habentur,
660 2702 828 2777 maximaque
842 2703 964 2776 agilitate
979 2701 1094 2767 lanceis,
1117 2704 1240 2778 sagittis,
1262 2702 1361 2778 gladiis
1376 2709 1540 2762 cxcrccntnr.
1558 2703 1607 2754 sunt

343 2806 450 2864 semper
471 2789 591 2862 equites,
615 2805 731 2862 quorum
754 2805 883 2844 numerus
905 2797 947 2846 cst
968 2797 1076 2846 centum
1098 2797 1127 2846 et
1148 2789 1302 2864 sexaginta:
1325 2788 1418 2846 vivunt
1439 2804 1471 2844 ex
1486 2783 1607 2860 stipendio.

249 2865 450 2935 ·l·³⁰·n·mrya.
478 2872 654 2948 plinsselym
677 2881 742 2930 sunt
764 2872 810 2947 qui
833 2873 1016 2938 munitiones,
1045 2882 1134 2931 castra
1161 2881 1189 2931 et
1216 2871 1422 2949 propugnacula
1451 2875 1607 2930 construunt:

342 2973 458 3030 quorum
482 2974 585 3016 merces
608 2967 650 3014 est
671 2958 767 3015 diurna
790 2958 911 3032 quinque
934 2960 1068 3032 asprium;
1097 2965 1212 3032 quartus
1240 2975 1273 3016 ea
1293 2958 1366 3015 dicta
1388 2956 1523 3032 provincia
1542 2953 1609 3010 intrat

342 3056 390 3102 tua.
409 3049 417 3118 1
439 3043 595 3099 exercitum.
639 3044 693 3100 Sed
714 3042 774 3118 laya
796 3051 862 3100 sunt
885 3045 978 3101 Turcas
1001 3044 1047 3118 qni
1070 3044 1189 3118 propriis
1211 3044 1337 3118 expensis
1359 3041 1490 3104 militant,
1516 3037 1558 3114 qni
1574 3052 1630 3093 ena
1673 3055 1674 3060 ¹

341 3126 412 3200 cepti
437 3135 501 3183 sunt
524 3126 557 3183 ab
580 3129 653 3184 omui
676 3127 730 3184 alio
753 3143 849 3190 onere,
878 3128 932 3203 ipsi
954 3145 1066 3202 quoque
1088 3129 1144 3184 vias
1166 3129 1297 3186 mundant
1317 3145 1379 3185 cum
1400 3124 1550 3199 llusselym.
1573 3119 1608 3176 Sa·

342 3227 445 3264 smanor.
467 3212 475 3283 Ι
498 3212 589 3271 rahori
612 3212 713 3270 babent
735 3213 900 3287 stipendium
928 3212 962 3270 ab
984 3213 1150 3288 imperatore
1178 3214 1297 3287 asprium
1326 3221 1444 3286 quatuor
1471 3207 1608 3286 perdica:
1673 3225 1674 3272 t

223 3291 229 3310 ⁴
342 3294 466 3366 homines
495 3305 559 3356 sunt
586 3307 724 3372 agrestes,
753 3299 800 3372 qni
829 3306 975 3372 sequentes
1003 3297 1150 3354 exercituin
1178 3299 1267 3356 omnia
1296 3297 1356 3356 vilia
1385 3314 1468 3371 opera
1496 3295 1608 3352 exerunt
1673 3281 1674 3362 l

343 3380 415 3436 sicut
444 3390 472 3438 et
500 3381 545 3438 alii
576 3383 703 3458 superius
732 3383 878 3446 nominati,
908 3384 934 3439 id
963 3392 1005 3440 est
1034 3382 1180 3457 llusselpm
1207 3392 1235 3439 et
1262 3383 1331 3457 lupa.
1376 3381 1414 3446 lli
1436 3397 1527 3438 omncs
1552 3381 1608 3433 sunt
1673 3375 1674 3442 l

274 3460 392 3540 bil-per
414 3483 484 3538 quos
507 3466 603 3525 militia
632 3469 772 3526 terrestris
795 3468 953 3542 imperaturi
984 3470 1130 3526 Turnacum
1159 3467 1307 3542 perficitur.
1362 3466 1460 3522 Classis
1482 3465 1630 3520 tirasona

341 3539 539 3634 &3233qu
561 3553 736 3628 imperatoris
757 3555 882 3610 continet
909 3553 943 3609 ad
972 3569 1107 3610 summum
1135 3552 1192 3610 vela
1215 3551 1307 3615 CCCC,
1336 3551 1492 3626 supputatis
1517 3543 1608 3604 cambus

341 3637 514 3700 triremibus,
538 3637 699 3702 biremibus,
724 3636 912 3712 palandiariis,
935 3637 1042 3713 grippis
1064 3645 1091 3694 et
1114 3637 1173 3694 aliis
1195 3637 1342 3711 generibus
1362 3635 1543 3710 navigiorum:
1562 3641 1608 3702 ΨΜ

341 3722 413 3794 capit
434 3722 544 3780 circiter
566 3723 704 3780 hominum
728 3723 841 3796 triginta
863 3721 963 3786 millia:
992 3731 1019 3781 et
1041 3723 1126 3797 ipsam
1149 3739 1245 3796 parare
1272 3721 1363 3781 solent
1384 3709 1607 3787 Constantinopoli.

340 3805 489 3870 Nicaoniae,
513 3807 651 3882 Callipoli.
681 3781 845 3881 Nigioponti
868 3817 896 3864 et
918 3805 1054 3866 llanlorim.
1100 3807 1145 3864 sed
1174 3824 1235 3864 eum
1262 3810 1319 3864 sint
1347 3807 1375 3862 in
1403 3822 1434 3862 ea
1455 3801 1568 3860 homines
1584 3800 1609 3852 tl

341 3890 490 3964 plurimum
512 3902 636 3965 agrestes
658 3902 686 3950 et
709 3892 741 3950 ad
764 3892 943 3966 navigandum
966 3893 1117 3968 inexperti,
1146 3907 1258 3966 magnas
1285 3893 1357 3948 vires
1385 3890 1483 3948 babere
1504 3901 1553 3944 non
1571 3897 1631 3956 pou

343 3983 412 4038 test:
435 3977 513 4034 cuius
534 3978 697 4052 Capitaucus
719 3995 826 4051 semper
848 3986 891 4036 cst
912 3977 1058 4052 protectos
1080 3976 1221 4051 Callipoli;
1243 3985 1271 4033 et
1294 3976 1334 4046 illi
1356 3977 1403 4050 qui
1419 3976 1503 4050 ipsam
1517 3971 1607 4028 intrati·

343 4073 437 4116 omues
466 4070 529 4118 sunt
558 4064 651 4136 precio
678 4063 819 4126 conducti,
850 4063 998 4133 pecundum
1025 4061 1230 4120 distinctionem
1256 4062 1380 4120 exercitii
1407 4069 1435 4118 et
1468 4055 1606 4116 officiorun·
1672 4087 1673 4090 =

274 4145 500 4218 t.:n.Peregimus
524 4147 629 4205 tanrlem
652 4147 843 4222 magistratus,
872 4147 973 4222 quibus
1001 4147 1171 4220 gubernatur
1198 4147 1342 4222 imperium
1363 4145 1523 4204 numium:
1550 4133 1607 4212 pssr

345 4229 410 4286 tium
435 4244 544 4304 quoquc
568 4231 667 4305 quibua
685 4233 822 4290 ministris
844 4241 973 4307 regatur,
997 4232 1102 4290 abunde
1124 4230 1317 4306 explicuimus,
1338 4247 1441 4305 genera
1456 4236 1606 4303 quoquemt·

343 4311 422 4371 litum
443 4315 629 4380 distinximus,
652 4333 683 4374 ac
705 4317 846 4376 maritime
867 4315 963 4375 classis
985 4317 1165 4392 quantitatem
1187 4325 1215 4374 et
1237 4334 1290 4390 quo
1313 4316 1340 4372 iu
1363 4315 1425 4374 loco
1438 4311 1524 4390 parari
1537 4303 1629 4394 mutu
1672 4343 1673 4348 κ

343 4391 494 4470 {mm
514 4408 522 4477 1
544 4401 720 4457 ostendimus.
758 4418 829 4458 nnnc
856 4409 982 4477 superest
1008 4411 1040 4458 ut
1067 4400 1251 4460 describamus
1279 4401 1388 4458 modum
1413 4387 1606 4457 casuanatsntl·
1672 4381 1673 4452 l

254 4533 262 4552 ,
343 4499 403 4540 cum
426 4482 575 4558 imperator
596 4485 655 4559 ipse
678 4485 860 4560 personaliter
882 4487 952 4544 arlsit
974 4487 1001 4542 iu
1023 4487 1130 4546 castris.
1174 4486 1252 4544 Prius
1282 4485 1369 4560 igitur
1395 4483 1606 4544 matramelflltffl
1672 4476 1673 4546 l

365 4711 368 4718 ·
409 4750 433 4786 ¹⁸
448 4751 667 4819 prodtgtosomm
684 4757 717 4810 rt.
753 4751 776 4786 ¹⁴
793 4752 905 4806 Bercbtr'.
940 4752 960 4786 ³¹
980 4753 1108 4804 Scrbadtt.
1148 4751 1209 4796 “m
1223 4751 1349 4814 navibus,
1369 4747 1565 4808 amanuncus
