3464 5526
339 453 387 528 38
479 479 602 518 uvarum
621 479 649 517 nt
668 479 761 516 nictit
780 478 1059 514 wtttrssttrtsnuurtstttr
1079 477 1181 514 onarto
1201 475 1232 512 tt.
1252 477 1364 512 ittavtt'r.
1385 479 1409 512 A.
1427 471 1484 512 iffi.

337 639 575 717 liationemuquae
594 636 719 714 pecunia
741 635 907 696 sanciretur
928 617 1140 702 descensuram
1164 633 1201 694 ad
1217 649 1302 712 quam
1318 635 1520 712 suspicionem
1536 635 1628 713 siquis

338 739 503 816 inclinavit,
531 739 664 799 reuocari
688 739 747 798 iam
774 752 853 797 nuno
883 735 986 804 debet;
1017 753 1076 796 non
1104 753 1210 798 aurum
1239 734 1374 796 scelerati
1403 734 1543 806 latronis,
1578 735 1629 798 sed

339 847 427 922 caput
444 859 479 902 ao
497 841 583 900 vitam
603 839 746 917 petimus,
769 855 867 916 neque
881 839 911 899 id
934 845 992 898 tam
1016 845 1047 898 ut
1067 839 1150 899 istam
1171 837 1350 898 ulciscamur
1369 839 1516 908 iniuriam,
1539 856 1628 916 quam

271 966 330 1017 §.eo
342 949 375 1005 ut
394 955 553 1004 commune
575 943 707 1002 onmium
726 937 892 1019 periculum
909 941 1066 1002 extiuomm
1085 959 1119 1000 ac
1137 938 1277 1002 abolitum
1299 941 1344 1002 sit.
1388 941 1507 1001 Summa
1529 942 1629 1020 itaque

338 1041 479 1107 adversus
500 1046 588 1106 istum
611 1044 761 1121 petitionis
783 1049 892 1104 nostrae
912 1041 976 1102 baec
1001 1050 1059 1104 est:
1087 1043 1166 1103 iuxta
1194 1043 1330 1103 meritum
1354 1043 1442 1111 ferat:
1473 1059 1523 1102 vos
1550 1043 1647 1102 iudi-s

339 1155 418 1218 cate,
441 1165 492 1210 ros
512 1149 543 1208 in
561 1147 658 1224 ipsum
679 1146 794 1206 iustitiae
817 1151 919 1206 restrae
941 1143 1060 1205 aculcos
1082 1143 1215 1222 defigite!
1244 1162 1315 1204 sane
1337 1145 1432 1204 ‹lonec
1460 1145 1524 1204 iura
1548 1149 1626 1213 sunt,

338 1249 411 1310 nibil
434 1247 574 1318 vi,·nibil
597 1249 687 1310 armis
708 1254 899 1316 attentamus
923 1263 1019 1324 neque
1040 1251 1073 1306 ut
1095 1245 1152 1306 froc
1174 1247 1273 1306 facere
1297 1251 1448 1324 oporteat,
1473 1264 1508 1306 co
1524 1263 1628 1307 neom·

339 1355 430 1414 sitatis
453 1349 638 1430 compulsum
660 1351 698 1410 iri
720 1367 775 1410 uos
797 1351 943 1412 timemus.
982 1365 1150 1428 quanquam
1174 1355 1268 1408 restra
1291 1347 1348 1408 boo
1371 1345 1548 1426 negligentia
1562 1347 1628 1409 fleri

339 1462 453 1534 potest,
478 1454 586 1515 iudicio
608 1469 667 1512 non
692 1451 894 1532 palestinam
917 1449 998 1512 credi
1020 1463 1081 1510 non
1104 1449 1193 1512 debet
1212 1448 1248 1510 de
1264 1460 1309 1510 ‘eo
1333 1468 1383 1510 cos
1404 1467 1463 1510 non
1485 1457 1629 1512 strennue

340 1557 536 1625 iudicaturos,
559 1555 608 1634 qui
633 1573 689 1614 nos
711 1555 752 1614 sio
774 1555 881 1616 misere
900 1551 987 1622 laesit,
1011 1553 1119 1632 quique
1135 1552 1210 1613 banc
1230 1545 1480 1631 pulchritudinem
1494 1552 1552 1612 boc
1567 1561 1627 1614 tam
1639 1573 1660 1612 aa

271 1656 454 1728 §.saacerbo
477 1656 559 1719 luctu
581 1656 774 1718 deformatam
797 1655 933 1717 reddidit.
977 1655 1022 1716 blo
1042 1672 1135 1733 prope
1158 1655 1360 1714 exanimatae
1383 1653 1524 1714 interimit
1547 1656 1629 1716 istius

339 1759 420 1820 necis
441 1759 599 1820 memoria:
624 1765 702 1820 totus
724 1761 833 1828 tremo,
855 1764 934 1820 totus
955 1757 1167 1846 peqlrorresco,
1193 1756 1262 1818 dum
1282 1755 1425 1816 recordor
1447 1773 1538 1834 quam
1562 1754 1628 1816 reli·

339 1863 437 1940 querit
457 1862 591 1940 corporis
613 1863 760 1940 speciem,
791 1879 855 1938 cquae
876 1857 1011 1932 uolnera,
1042 1875 1129 1936 quarn
1155 1857 1328 1926 sedimen,
1358 1858 1447 1919 toties
1477 1865 1628 1919 transacto
1729 1913 1730 1916 ,

340 1959 451 2040 gladio,
475 1963 518 2024 slo
535 1963 679 2042 perrrrlsis
697 1981 731 2024 ac
753 1961 876 2041 direptis
897 1961 1052 2029 membr-im
1084 1959 1191 2022 deiude
1217 1957 1288 2020 illud
1316 1959 1395 2021 subit
1422 1961 1628 2039 suspendium,

338 2072 464 2142 utpene
486 2065 557 2125 farri
580 2073 707 2144 nequeat
729 2066 781 2126 ista
803 2070 916 2132 restra,
940 2063 1095 2132 Germani,
1117 2061 1279 2122 cunctatio:
1301 2079 1357 2140 per
1379 2079 1444 2122 eam
1467 2063 1549 2122 euim
1565 2063 1660 2124 fieriu

269 2159 449 2245 conpotem,
473 2174 505 2226 ut
526 2168 647 2228 omniuo
666 2167 792 2246 impunis
811 2169 847 2226 sit
869 2167 932 2227 iste.
978 2165 1055 2245 quod
1079 2182 1146 2225 cum
1168 2163 1239 2232 erit,
1270 2162 1433 2224 tuncnihil
1455 2180 1515 2224 non
1538 2165 1628 2226 aude·

337 2267 411 2329 bunt
431 2266 515 2327 mali:
538 2267 637 2329 multis
655 2270 734 2330 enim
756 2269 890 2346 exemplo
914 2269 971 2328 erit
992 2269 1061 2336 istc,
1087 2266 1196 2328 multos
1217 2265 1254 2326 ad
1282 2265 1441 2327 foedissima
1463 2267 1628 2346 perditissi-

242 2449 246 2456 .
337 2387 443 2449 meque
466 2372 564 2430 omnia
585 2371 721 2432 obeunda
745 2370 901 2432 animabit:
925 2383 1019 2453 novos
1040 2379 1080 2428 ao'
1096 2367 1249 2446 pudendos
1272 2369 1302 2427 in
1320 2369 1509 2431 Germaniam
1529 2387 1630 2431 mores

337 2470 468 2540 invehet,
491 2469 548 2532 levi
570 2473 688 2552 quidem
712 2475 838 2542 iactura,
861 2473 918 2534 nisi
941 2477 970 2532 et
991 2470 1106 2550 imperii
1129 2470 1217 2530 buius
1239 2476 1347 2532 statum
1367 2470 1527 2539 com·ellet;
1549 2471 1630 2550 leges

268 2589 372 2640 §.enac
394 2573 459 2634 iura
481 2572 648 2652 dissipabit,
677 2576 842 2653 aequitatem
867 2581 986 2635 evertet.
1030 2590 1086 2634 nec
1112 2590 1181 2634 aero
1210 2577 1255 2633 est
1287 2572 1367 2650 quod
1395 2573 1552 2652 quisquam
1579 2593 1660 2634 ex-aa

336 2681 434 2754 pectet
456 2673 606 2737 meliorem
630 2677 713 2736 istius
734 2683 878 2736 mentem:
901 2693 939 2737 au
961 2674 1031 2736 licet
1054 2673 1286 2736 emendationem
1310 2692 1426 2735 morum
1448 2692 1575 2753 sperare
1597 2678 1628 2736 in

337 2795 373 2838 eo
396 2777 444 2856 qui
469 2795 507 2838 nc
528 2779 671 2856 promittit
693 2777 833 2856 quidem?
855 2775 983 2838 libenter
1005 2775 1082 2838 enirn
1104 2775 1198 2838 malus
1220 2784 1279 2846 cst,
1303 2795 1357 2838 uec
1379 2783 1439 2837 tam
1457 2777 1569 2839 acerbe
1586 2779 1629 2838 iu-

335 2879 439 2938 iuriam
464 2876 573 2946 intulit,
599 2895 686 2957 quana
709 2879 896 2958 impudenter
917 2879 1032 2940 facinus
1054 2879 1182 2946 iactavit;
1210 2879 1286 2938 idem
1315 2886 1359 2939 tot
1387 2878 1511 2940 summis
1534 2879 1630 2941 scele-

336 2978 421 3042 ribus
443 2979 600 3058 contabuit.
639 2985 669 3039 at
689 2981 738 3040 isti
759 2981 901 3042 immutati
923 2981 1037 3040 tristitia
1054 2981 1141 3041 Suari
1161 2977 1243 3050 sunt,
1267 2983 1305 3041 ita
1320 2982 1397 3042 enim
1415 2985 1474 3042 lota
1495 3001 1531 3044 ea
1547 2989 1630 3044 terra
1730 3015 1731 3024 κ

337 3087 438 3140 nostro
459 3079 536 3141 malo
560 3081 720 3143 deformata
744 3090 802 3152 est,
828 3087 862 3144 ut
888 3081 916 3142 in
947 3081 1028 3142 nullo
1056 3099 1116 3142 non
1146 3083 1255 3161 oppido
1278 3083 1413 3143 autrico
1437 3101 1630 3145 communem
1639 3103 1663 3143 as
1683 3069 1690 3084 “

268 3183 477 3260 uaegmitum
500 3182 601 3244 audias
622 3189 652 3244 ct
672 3189 811 3262 tauquam
834 3186 948 3263 proprii
968 3183 1079 3245 doloris
1092 3186 1212 3262 uestigia
1239 3187 1387 3245 invenias:
1410 3186 1532 3264 poenitet
1559 3205 1630 3268 pro·

335 3283 413 3344 fecto
435 3285 514 3362 quod
536 3303 596 3346 non
619 3285 801 3348 confecerint
824 3303 938 3365 nupero
961 3284 1009 3347 illo
1033 3293 1130 3355 motu;
1155 3295 1184 3348 et
1206 3293 1349 3366 quantum
1370 3303 1425 3365 ego
1440 3287 1533 3363 video,
1560 3307 1641 3350 sero

335 3381 455 3446 consilia
478 3387 616 3448 damnant
633 3406 685 3449 sua
709 3387 822 3467 sibique
845 3390 1013 3448 irascuntur
1034 3389 1113 3467 quod
1136 3407 1204 3450 eum
1227 3391 1408 3450 servaverint
1424 3407 1483 3467 quo
1501 3389 1631 3451 authore

334 3489 365 3548 in
386 3487 450 3548 bace
470 3487 599 3552 incidant
620 3488 788 3550 discrimina
809 3501 837 3551 et
860 3489 977 3551 cuidam
1000 3493 1082 3569 quasi
1105 3491 1234 3571 proprie
1254 3491 1380 3551 infamiae
1401 3491 1521 3572 obnoxii
1539 3491 1628 3552 fiant:

333 3607 389 3652 nec
404 3590 432 3654 id
450 3591 574 3650 mirum:
600 3593 681 3652 cuius
701 3593 778 3654 enim
793 3592 897 3672 populi
914 3592 1074 3654 clarissima
1093 3611 1210 3673 semper
1226 3594 1301 3654 forna
1315 3594 1384 3663 fuit,
1408 3591 1444 3654 ab
1464 3591 1529 3653 eius
1544 3609 1662 3656 nuncio

332 3692 466 3772 principe
490 3694 616 3754 inaudita
638 3696 721 3773 prius
744 3713 778 3755 ao
800 3693 937 3755 omnibus
954 3695 1103 3772 incognita
1121 3693 1228 3756 seculis
1250 3701 1418 3776 perpetrata
1440 3692 1554 3755 seelera
1580 3713 1629 3756 or·

334 3793 402 3856 bem
422 3800 570 3856 terrarum
592 3793 727 3857 novimus
748 3797 808 3859 sula
828 3795 904 3857 fama
927 3803 1141 3875 pervagantur;
1174 3815 1298 3876 quaeque
1325 3797 1362 3859 de
1390 3795 1470 3857 nullo
1492 3815 1629 3876 unquam

264 3894 377 3958 toaibi
398 3897 513 3975 privato
536 3899 700 3978 suspicatus
721 3897 825 3976 aliquis
848 3895 903 3968 c'st,
927 3917 961 3960 ea
982 3901 1011 3960 in
1027 3900 1089 3958 eius
1107 3898 1202 3974 gentis
1218 3905 1305 3976 eaput
1321 3899 1498 3960 reciderunt.
1546 3897 1629 3970 Qua'-

335 3997 369 4057 r'c
393 3997 483 4076 agita,
507 3997 609 4067 Sueri,
634 3997 814 4070 libertatem,
845 4000 988 4079 adquam
1012 4017 1071 4060 non
1095 4000 1222 4062 obscure
1244 3999 1400 4071 anhelatis,
1431 4001 1571 4078 arripite!
1599 4003 1628 4062 in

333 4096 419 4159 nobis
441 4101 524 4160 istam
548 4102 765 4180 consumpserit
785 4101 993 4162 immanitatem
1020 4119 1117 4170 suam;
1141 4121 1177 4163 ex
1199 4109 1300 4163 nostra
1320 4101 1483 4164 calamitate
1504 4105 1543 4164 sit
1565 4102 1660 4165 bocas

334 4198 516 4280 exemplum:
545 4221 597 4262 sos
624 4219 662 4264 ne
691 4201 815 4263 ulterius
843 4205 1067 4282 progrediatur,
1097 4222 1218 4284 operam
1250 4205 1336 4274 dates
1368 4205 1512 4265 hacteuus
1535 4205 1629 4266 fuerit

333 4301 532 4379 perniciosus,
559 4303 607 4364 bio
635 4303 676 4364 illi
703 4304 791 4364 finem
819 4310 996 4377 statuamus,
1030 4307 1078 4366 hio
1106 4307 1230 4370 furentis
1261 4325 1381 4369 cursum
1415 4307 1626 4386 impediamus,

334 4421 421 4484 quem
444 4405 529 4465 nimis
551 4403 737 4483 indulgenter
761 4408 963 4478 tractavimus,
993 4409 1080 4468 nimis
1102 4407 1152 4470 diu
1174 4411 1254 4488 passi
1276 4409 1375 4470 furere
1401 4409 1517 4502 sumus!
1548 4407 1626 4470 ulte-

334 4507 428 4568 riores
444 4506 521 4566 euim
539 4505 718 4568 crudelitatis
732 4507 840 4585 gradus
855 4507 1016 4572 ascendere
1031 4527 1090 4570 non
1107 4517 1212 4588 potest,
1231 4510 1334 4572 similia
1350 4510 1396 4572 bis
1413 4527 1503 4588 agera
1520 4510 1626 4574 forsan

398 4709 574 4776 ⁷opporteat
592 4713 614 4760 1.
667 4709 735 4760 'Nat
753 4727 786 4781 qs
809 4715 827 4762 f.
846 4715 893 4762 red
912 4714 971 4778 quia
990 4715 1068 4764 deleo.
1083 4719 1111 4760 Η.
1150 4712 1171 4746 ¹⁰
1190 4715 1236 4779 qui
1254 4716 1427 4779 aaronque
1445 4711 1580 4764 metonae
1593 4719 1624 4763 11.

332 4797 418 4847 adnot.
432 4797 456 4845 2.
493 4792 515 4827 ²⁴
534 4794 635 4846 ,Arm
670 4794 806 4846 witta.
843 4796 864 4829 ²⁸
884 4803 979 4850 autore
993 4803 1016 4849 2.
1027 4807 1053 4848 ut
1066 4801 1165 4866 urbique.
1218 4796 1239 4830 ³⁴
1258 4797 1581 4860 Sueui,'&1.etrfeleaif
1594 4803 1625 4848 tf.
