3382 5516
331 437 354 510 1¹¹
364 435 411 508 90
461 487 465 496 ·
486 467 679 502 communio
691 465 852 502 ΩΕΒΙΔῊΕᾸ
865 467 1018 502 ΡΒΟΡΟΒΠΑ
1031 468 1065 503 ΔΒ
1078 465 1269 504 numerosum
1281 468 1315 504 lt·
1328 469 1355 504 Ι.
1368 445 1466 504 lsi-'tlh

340 641 502 700 quocunque
524 643 607 682 censu
630 633 658 681 et
681 625 774 682 ordine
797 625 974 700 accipiendis.
1003 641 1053 684 nec
1079 643 1134 682 uon
1156 633 1184 682 et
1206 627 1329 701 pecuniis
1356 645 1416 703 quar
1444 645 1476 684 ex
1503 627 1604 684 indultis

336 720 364 767 et
385 711 480 784 gratiis
500 719 609 792 'sanctae
630 711 761 768 Cruciatm
789 710 1041 784 congregabuntur,
1071 709 1208 768 debebunt
1235 729 1248 768 a
1276 729 1380 769 summa
1402 711 1543 774 Pontiboe,
1570 729 1605 766 sa·

336 796 486 852 cratissimo
508 795 686 869 imperatore,
709 795 841 869 Regibus,
863 795 1033 870 Principibus
1055 804 1083 852 et
1098 795 1340 873 communitatibus
1356 799 1441 854 totius
1456 797 1605 854 Christiane

338 879 495 956 reipubbcae
518 879 650 944 solertes,
678 881 777 954 integri
791 881 831 936 'ac
859 881 1006 955 prudentes
1029 879 1210 938 Commissarii
1233 882 1378 945 constitui,
1408 891 1435 946 et
1459 881 1605 956 spirituales

337 973 364 1022 et
385 964 537 1028 seculares,
562 966 607 1040 qui
631 973 784 1040 susceptam
807 975 835 1021 et
856 973 975 1022 exactam
998 967 1140 1040 pecuniam
1162 965 1279 1024 fideliter
1299 965 1503 1030 administrent,
1530 975 1557 1023 et
1576 967 1623 1021 des

337 1052 470 1125 susceptis
493 1059 520 1106 et
541 1051 735 1106 administratis
758 1049 890 1124 integram
913 1051 1046 1108 rationem
1068 1051 1189 1108 reddant.

423 1142 463 1194 lb.
490 1135 616 1193 blachiam
639 1153 702 1193 vero
724 1144 751 1192 et
780 1143 912 1192 tormenta
940 1133 1052 1198 bellica,
1082 1153 1142 1210 quae
1170 1145 1251 1193 tantm
1277 1137 1439 1210 espeditioni
1463 1137 1606 1193 necessaria

336 1227 432 1283 erunt,
454 1219 585 1294 llegibus,
607 1219 777 1294 Principibus
801 1228 828 1276 et
842 1219 1086 1277 communitatibus
1107 1238 1158 1296 pro
1181 1222 1313 1294 cuiusque
1335 1221 1492 1278 conditione
1507 1230 1607 1294 etqua·

335 1305 412 1361 litate
434 1306 578 1362 mutuanda
601 1314 628 1362 et
650 1305 842 1362 commodanda
865 1305 1053 1381 imponentur:
1083 1323 1144 1380 quae
1171 1323 1236 1362 vero
1258 1324 1310 1380 pro
1337 1307 1495 1365 exercendis
1523 1313 1549 1364 et
1569 1325 1607 1361 ve·

336 1389 430 1447 bendis
446 1391 487 1448 bis
503 1391 535 1447 ad
557 1407 588 1447 ea
610 1391 758 1464 pertinent,
782 1399 814 1448 ut
835 1399 899 1446 sunt
921 1390 1059 1466 pulveres,
1083 1389 1181 1448 balotre
1204 1399 1235 1448 et
1254 1389 1363 1454 similia,
1387 1387 1631 1466 vecturamniquen

338 1491 431 1533 omues
454 1475 581 1550 impensae
604 1477 740 1532 communi
762 1474 1023 1533 totius'dbristiauae
1047 1477 1193 1532 exactionis
1210 1493 1299 1542 ,onere
1320 1476 1520 1551 persolvantur.

423 1567 464 1622 13.
492 1561 525 1616 Et
548 1560 663 1617 lortasse
686 1561 855 1618 commodius
877 1570 958 1636 atque
982 1560 1076 1618 utilius
1098 1561 1161 1617 buic
1188 1545 1351 1636 expeditioni
1382 1563 1491 1634 evenire
1513 1571 1608 1637 posset.

338 1645 361 1702 si
382 1647 410 1702 in
432 1663 464 1702 ea
485 1644 626 1702 militaturi
649 1645 877 1720 partim'integro
906 1646 1056 1720 stipendio,
1085 1647 1183 1721 partim
1212 1645 1263 1702 sibi
1291 1649 1452 1706 necessariis
1480 1646 1607 1704 alimoniis

339 1732 566 1788 conducerentur:
596 1749 626 1786 ea
649 1732 799 1804 praesertim
822 1730 942 1793 ratione,
972 1731 1044 1805 quod
1066 1730 1160 1787 haberi
1183 1748 1237 1788 non
1260 1738 1390 1806 poterunt
1421 1741 1463 1790 tot
1485 1740 1608 1788 mercato·
1637 1743 1654 1774 ⁰

338 1831 389 1879 res,
413 1817 459 1890 qui
475 1817 557 1871 tantis
578 1816 772 1874 commeatibus
787 1813 1024 1886 subministrandis
1046 1813 1189 1873 sufficiant.
1234 1813 1283 1872 Sed
1308 1817 1353 1890 qni
1369 1833 1485 1874 annone
1501 1825 1528 1874 et
1543 1829 1634 1872 com-¹⁵

338 1900 470 1957 meatibus
485 1903 651 1957 exercituum
666 1901 788 1977 praelecti
805 1901 920 1964 luerint,
943 1901 1079 1958 debebunt
1102 1918 1152 1975 per
1173 1909 1260 1957 toturn
1276 1901 1458 1960 Christianum
1482 1901 1571 1959 orbem
1585 1907 1608 1957 et

337 2002 368 2042 ex
391 1985 547 2060 longinquis
569 1985 740 2060 regionibus,
769 1987 850 2043 etiam
877 1985 1073 2049 ultramarinis.
1103 1987 1268 2043 necessarias
1291 1985 1432 2044 alimonias
1454 1989 1554 2062 passim
1575 1987 1608 2041 in·

336 2079 527 2146 cessanterque
550 2089 654 2134 emere,
683 2071 838 2146 persolvere
860 2089 890 2128 ao
912 2071 1099 2128 subordinare.
1143 2071 1235 2146 ltaque
1257 2072 1420 2128 conveniens
1442 2089 1473 2128 ac
1496 2088 1609 2127 necessa·

336 2157 406 2212 rium
429 2171 601 2231 summopere
623 2157 743 2219 ridetur,
757 2164 798 2218 ,ut
812 2156 967 2213 huiusmodi
982 2173 1096 2214 annonae
1112 2165 1138 2212 et
1154 2164 1350 2214 commeatuum
1366 2156 1489 2231 praelecti
1506 2157 1532 2212 iu
1548 2157 1608 2211 banc

334 2242 532 2315 profectionem
556 2249 608 2297 tam
630 2242 697 2298 citra
719 2253 792 2298 mare
815 2259 894 2316 quarn
917 2240 990 2298 ultra
1011 2242 1225 2305 constituantur,
1250 2242 1296 2316 qui
1318 2257 1452 2298 annonam
1475 2249 1502 2297 et
1524 2233 1635 2297 neces-'tr

335 2326 405 2383 saria
427 2326 552 2382 alimenta
574 2335 780 2401 comparent-et
802 2327 1036 2401 exercitibuspro
1059 2345 1152 2385 eornm
1174 2328 1336 2384 necessitate
1353 2327 1469 2382 vendant
1485 2334 1511 2383 et
1525 2327 1610 2382 distri·

335 2409 429 2474 buant,
459 2412 626 2486 invicemque
654 2411 704 2468 sibi
728 2428 778 2486 pro
802 2411 932 2486 qualitate
954 2411 1076 2468 locorum
1098 2412 1341 2487 corresponderet,
1371 2429 1401 2468 ac
1428 2412 1463 2468 de
1492 2411 1608 2468 omnibus

334 2496 526 2552 administratis
548 2495 641 2554 electis
663 2497 695 2553 ad
717 2497 768 2553 boc
790 2514 804 2553 a
827 2497 976 2553 Christiana
999 2497 1175 2555 universitate
1196 2495 1328 2571 integram
1352 2505 1380 2553 et
1401 2495 1507 2553 lidelem
1534 2490 1608 2552 ratio'·

334 2597 395 2638 nem
417 2581 537 2638 reddant.
870 2597 876 2606 ·
1185 2619 1187 2624 -

418 2673 458 2726 14.
482 2663 515 2723 nt
537 2668 672 2740 quoniam,
694 2676 726 2723 ut
747 2667 870 2724 omnibus
894 2675 985 2725 notum
1009 2676 1064 2730 est,
1077 2665 1224 2742 pleraque
1240 2667 1311 2723 inter
1326 2665 1496 2723 Christianos
1510 2667 1633 2723 timor-a

333 2752 383 2808 dias
398 2759 463 2808 sunt
478 2760 506 2808 et
527 2751 717 2814 dissensiones.
740 2753 947 2828 praesertimque
971 2754 1041 2808 inter
1062 2752 1164 2809 multos
1186 2769 1297 2826 magnos
1314 2751 1454 2826 Principes
1476 2759 1505 2810 ct
1519 2752 1609 2808 Putea·

334 2845 423 2899 tatus,
452 2837 497 2911 qui
526 2837 558 2892 ad
586 2836 656 2893 bunc
684 2837 754 2893 diem
782 2838 855 2894 inter
882 2856 910 2894 se
938 2837 1085 2901 dissident,
1119 2836 1266 2912 multisque
1295 2835 1500 2910 emergentibus
1526 2836 1608 2894 causis

293 2953 295 2958 ,
333 2921 412 2977 etiam
435 2920 516 2994 paulo
538 2929 603 2995 post
623 2921 897 2997 dissiderepossint,
927 2941 960 2979 ne
988 2923 1155 2997 privatorum
1183 2913 1375 2979 controversia
1397 2931 1425 2979 et
1447 2921 1607 2978 hostilitates

333 3005 395 3062 buic
417 3007 551 3062 communi
574 2991 717 3062 Cbiistiani
741 3009 857 3064 nominis
879 3007 952 3064 bonu
974 3017 1001 3064 et
1026 3016 1077 3064 tam
1101 3016 1200 3064 sanctae
1223 3025 1253 3063 ac
1275 3007 1434 3063 necessaria
1449 3005 1607 3082 expeditioni
1689 3041 1690 3044 η

333 3089 436 3154 obesse,
451 3108 644 3166 usquequaque
659 3093 779 3166 possint,
802 3101 834 3150 ut
849 3094 972 3148 omnibus
988 3091 1072 3149 libere
1088 3109 1118 3148 ac
1133 3095 1227 3148 secure
1243 3109 1272 3147 se
1287 3091 1349 3147 huic
1364 3093 1511 3166 proposito
1526 3089 1634 3148 acciu-tt
1689 3115 1690 3130 2

332 3191 398 3248 gere
421 3174 513 3238 liceat,
536 3193 623 3250 neque
646 3177 800 3234 huiusmodi
823 3177 957 3234 bellorum
980 3187 1026 3234 aut
1047 3179 1243 3234 discordiarum
1260 3175 1514 3252 perturbationibus
1532 3179 1607 3249 impc-
1689 3173 1690 3234 j

331 3261 397 3322 diri,
427 3261 558 3325 retardari
587 3268 634 3318 aut
662 3277 776 3336 prorsus
803 3263 886 3320 averti
915 3262 1030 3326 valeant,
1059 3263 1241 3320 necessarium
1269 3277 1435 3335 magnopere
1463 3262 1606 3319 ducendum

275 3404 278 3413 ,
332 3354 387 3408 est,
417 3354 448 3402 ut
476 3345 593 3402 omnium
621 3347 752 3405 eiusmodi
782 3345 866 3413 bella,
898 3348 1040 3404 discordiae
1063 3357 1145 3422 atque
1166 3347 1349 3403 dissensiones
1372 3345 1477 3420 absque
1500 3345 1606 3403 alicuius

326 3431 555 3494 contradictione,
578 3432 650 3488 iuter
665 3450 842 3506 quoscunque
865 3419 910 3489 lut
933 3449 1003 3488 nuno
1019 3432 1125 3506 vigeant
1141 3440 1187 3489 aut
1203 3430 1284 3507 paulo
1300 3437 1363 3505 post
1378 3431 1480 3487 exoriri
1496 3432 1604 3506 possint.

331 3517 544 3591 suspendantur,
567 3526 752 3592 prorogentur
767 3527 793 3574 et
813 3519 981 3574 differantur.
1017 3517 1058 3573 Et
1078 3519 1204 3592 quoniam
1226 3516 1301 3590 longi
1324 3515 1404 3572 nimis
1427 3517 1559 3590 temporis
1579 3521 1632 3570 etti

330 3599 460 3658 laboriosi
484 3603 574 3675 operis
597 3611 670 3658 esset
691 3619 783 3677 pacem
807 3604 878 3660 inter
901 3619 993 3658 omnes
1016 3613 1043 3658 et
1065 3603 1194 3659 amicitias
1211 3617 1347 3676 quaerere,
1370 3600 1541 3672 daut-saltim
1557 3601 1605 3656 sin·

329 3703 399 3744 cerae
422 3705 452 3744 ac
474 3687 641 3743 inviolabiles
671 3688 783 3744 induciae
806 3706 854 3745 seu
883 3696 986 3761 treugae
1015 3705 1059 3744 ser
1088 3704 1220 3743 annorum
1243 3688 1314 3742 inter
1334 3685 1498 3742 dissidentes
1520 3695 1605 3760 partes

330 3773 450 3829 omnium
472 3780 500 3828 et
522 3790 743 3847 quarumcunque
764 3773 964 3830 dissensionum
989 3781 1015 3828 et
1039 3771 1185 3834 bellorum,
1209 3765 1397 3845 qualicunque
1412 3771 1494 3827 etiam
1509 3771 1605 3845 gravis-

328 3857 394 3914 sima
421 3873 501 3930 causa
529 3867 623 3915 exorta
649 3859 772 3923 luerintr
795 3858 862 3914 adeo
891 3867 922 3914 ut
950 3875 1043 3914 omnes
1066 3857 1210 3913 Christiani
1231 3857 1371 3930 Principes
1399 3865 1427 3911 et
1448 3856 1604 3912 Potentatus
1688 3857 1689 3900 ἒ

327 3958 389 4000 vera
412 3943 518 4018 quiete,
540 3943 686 4000 securitate
708 3951 735 3998 et
758 3938 954 4018 tranquillitate
976 3943 1093 4014 gaudere
1116 3941 1236 4016 possint,
1255 3945 1286 3995 'et
1301 3939 1372 3996 ultra
1389 3940 1413 3996 id
1431 3939 1632 4015 suscipiendae
1688 3939 1689 3946 ’

327 4109 527 4120 -...........

395 4207 549 4278 ¹etsuper
567 4215 697 4278 pec.2.d.
734 4215 830 4276 qnaP.
867 4209 924 4259 ’et
941 4227 986 4260 cnr.
1002 4213 1024 4260 1.
1061 4201 1110 4259 fot.
1124 4209 1187 4258 Cbr.
1202 4208 1269 4273 reip.
1284 4225 1329 4257 orn.
1345 4211 1369 4256 t.
1410 4205 1503 4257 'vero
1522 4209 1602 4258 orm.

327 4301 420 4345 tamen
433 4299 488 4345 1.2.
523 4295 729 4346 ⁹Comodnndn
747 4297 772 4344 2.
810 4301 837 4344 et
855 4293 892 4360 m]
911 4311 943 4344 ac
962 4309 988 4345 v.
1000 4297 1026 4344 2.
1064 4291 1084 4325 ¹⁰
1101 4291 1154 4358 bis]
1173 4293 1208 4342 iis
1227 4295 1250 4342 t.
1288 4289 1405 4341 ballotte
1425 4295 1449 4341 4.
1484 4293 1602 4342 rectiss-

328 4393 439 4444 rumque
458 4383 516 4431 Η.
558 4379 578 4414 ¹¹
597 4393 690 4430 omnes
707 4382 793 4431 omA.
834 4383 935 4438 exact]
956 4377 1137 4444 expeditionis
1155 4381 1180 4427 d.
1228 4375 1249 4408 ¹²
1267 4375 1371 4428 eveniri
1391 4375 1415 4426 2.
1434 4377 1562 4426 devenire
1580 4377 1602 4423 4.

328 4462 349 4498 ¹⁸
367 4461 430 4529 sibi]
449 4465 503 4530 snb¹
517 4469 574 4517 1.2.
608 4463 802 4514 “comeam
821 4448 937 4516 ut'soiet.
979 4461 1184 4537 ''exom.1.,2.
1221 4459 1242 4494 ¹⁸
1261 4459 1304 4526 ac]
1323 4467 1351 4510 et
1370 4463 1393 4511 d.
1434 4457 1601 4510 ¹’einsmd

326 4547 477 4601 ”electio
500 4547 796 4600 ²'disseubzuted'ua
827 4548 997 4614 '‘posseritl.
1032 4539 1280 4612 ”accumberet
1298 4547 1456 4596 seomedd.
1491 4543 1601 4596 ”omui-

326 4635 523 4686 buseiusm.d.
560 4630 705 4698 atq.]etd.
740 4631 964 4699 ³⁴⁸⁵p0ssent.t.
1000 4628 1039 4699 et]
1056 4633 1126 4682 scd.
1161 4629 1308 4682 ”nimium
1320 4633 1346 4680 2.
1355 4633 1380 4690 3,.
1416 4631 1599 4695 temporisorv.

325 4723 350 4770 2.
359 4721 385 4771 3.
415 4715 586 4786 nim.tsmp.]
604 4719 723 4774 muneris
741 4722 766 4769 4.
814 4715 835 4749 ³⁸
853 4717 950 4767 saltem
970 4721 995 4768 Ι.
1041 4715 1063 4748 ⁸²
1080 4721 1183 4780 tergum
1202 4719 1226 4765 1.
1257 4715 1374 4783 Trogum
1393 4717 1418 4765 2.
1452 4720 1558 4780 treugae
1576 4714 1599 4762 t.

324 4811 421 4872 treuge
441 4808 465 4854 4.
506 4802 528 4837 ⁸⁸
547 4809 575 4854 et
593 4819 667 4870 quer.
682 4801 758 4869 diss]
777 4803 973 4853 discordiarum
992 4805 1016 4852 4.
1051 4799 1074 4832 ⁴⁰
1091 4797 1189 4865 secun]
1209 4799 1360 4850 serenitate
1374 4802 1404 4850 ti.
