3444 5518
130 477 260 512 aarum
273 474 419 515 ruttulo
431 475 471 512 1⁵1¹.
479 456 635 514 CORCLleO
648 475 726 512 ttoni
740 475 803 512 ΑΜ.
816 475 952 512 ΙΠῦΒᾸΒ.
964 473 1076 512 BVLLAH
1089 471 1282 512 sustentarunt.
1320 445 1393 518 347

95 643 275 696 excusatum:
297 633 367 694 nibil
389 634 460 692 enim
484 633 563 692 omisi
587 634 662 708 quod
683 633 809 702 charitati
832 633 991 692 Christianae
1006 631 1101 695 debui,
1124 633 1225 696 Porro,
1249 634 1271 692 si
1286 635 1339 692 alia
1353 636 1394 694 ria
1440 667 1443 675 ·

41 751 44 756 ·
94 740 152 780 non
176 719 479 794 queodamnatoribus
502 717 625 776 verbosis
647 726 675 776 et
698 719 823 776 inanibus
845 718 989 781 resistere.
1007 717 1136 774 ultimum
1159 717 1232 792 quod
1246 719 1334 777 babeo
1350 735 1394 776 en·

96 823 215 882 ponam.
243 821 340 878 nempe
364 803 436 862 banc
464 804 578 864 unimam
609 811 636 860 et
658 804 731 862 bunc
753 804 926 877 sanguinem:
954 803 1053 860 melius
1081 809 1124 858 cst
1146 803 1218 860 euim
1240 821 1285 883 me
1304 803 1394 862 milies

97 889 186 948 occidi
211 907 291 964 quam
315 903 395 946 unam
418 888 548 964 syllabam
577 888 768 949 damnatorum
794 887 975 946 articulorum
1003 903 1140 945 revocare.
1185 887 1218 944 m
1245 888 1316 946 sieut
1342 889 1393 964 ipsi

74 987 142 1034 ome
165 974 402 1042 excommunicant
423 991 474 1048 pro
497 973 629 1046 sacrilega
651 974 749 1032 naresi
772 990 835 1035 sna,
865 973 900 1030 ita
923 988 972 1030 eos
994 989 1091 1028 rursus
1114 990 1166 1045 ego
1189 974 1394 1030 excommunico

96 1077 149 1136 pro
172 1067 268 1118 sancta
290 1059 403 1118 veritate
425 1058 481 1118 dei:
505 1058 630 1116 Christus
653 1049 867 1120 iuden'viderit,
891 1065 951 1114 utra
974 1057 1216 1114 excommunicatio
1239 1058 1311 1132 apud
1333 1075 1393 1115 eum
1429 1071 1434 1080 ·

97 1144 195 1202 valeat.
219 1147 312 1204 lmen.

131 1241 185 1298 μ

808 1225 895 1234 ...-

641 1485 644 1496 ,
695 1421 801 1508 [nin]

183 1567 227 1626 Ex
249 1565 379 1623 loadttts
400 1563 553 1622 COCllbAEl
576 1563 728 1622 lllS'lOlllA
750 1565 789 1620 llll
811 1565 905 1620 actis
927 1565 968 1622 ET
991 1565 1134 1624 SsslllPl'lS
1156 1565 1307 1634 tt'Tflttat.

64 1693 89 1733 1⁰
317 1647 323 1656 ι
399 1743 401 1750 ,
586 1675 906 1755 subsannabant.

255 1819 392 1878 lutherus
417 1820 508 1892 itaque
530 1817 674 1894 popularis
688 1837 763 1876 aurae
779 1837 893 1878 securus
909 1820 976 1884 iam.
1001 1829 1029 1878 et
1043 1837 1093 1882 no·
1143 1813 1389 1894 ffi'ffissfflf'·

96 1905 194 1964 bilitam
217 1905 386 1979 quomodam
408 1905 500 1962 lavore
516 1903 659 1967 subnisus,
682 1905 878 1979 rbetorumque
893 1911 921 1962 et
935 1913 1079 1980 poetarum
1094 1905 1218 1964 laudibus
1233 1923 1390 1981 propugna-

97 1989 278 2064 tionibusque
300 1989 453 2052 conlidens.
476 1988 653 2050 audacissime
676 2005 843 2062 progressus
865 1999 907 2046 est
929 1991 962 2046 ad
984 1990 1113 2064 quaelibet
1136 1991 1265 2048 facinora.
1302 1991 1390 2048 Reno·

97 2076 170 2133 savit
192 2090 268 2133 suam
291 2074 325 2131 ad
340 2073 490 2133 Concilium
511 2072 721 2149 appellationem
744 2093 759 2132 n
781 2075 866 2148 Papa.
889 2074 964 2132 velut
986 2074 1019 2132 ob
1040 2075 1210 2133 Antichristo
1232 2082 1260 2131 et
1275 2075 1391 2148 abnega·

64 2177 87 2216 m
98 2169 161 2218 tore
190 2159 402 2233 scripturarum:
429 2158 589 2234 llagistrpm
616 2159 687 2216 sacri
714 2158 807 2233 palatii
835 2166 951 2234 propter
971 2158 1115 2233 Epitomen
1137 2151 1146 2238 Ι
1167 2153 1391 2240 'gffltffi'll‘

96 2245 200 2304 editam
222 2244 290 2302 diris
311 2245 462 2302 insectatus
484 2252 528 2302 est
555 2243 706 2302 maledictis
735 2251 762 2300 et
789 2244 929 2307 convitiis,
957 2244 1039 2303 immo
1068 2252 1096 2300 et
1123 2243 1157 2299 ad
1186 2261 1259 2302 arma
1282 2244 1391 2318 publice

96 2329 285 2404 proclamavit.
330 2327 401 2386 ‘llibi
423 2345 488 2386 aero
510 2329 617 2386 videtur
637 2327 747 2404 (inquit)
770 2328 793 2386 si
817 2329 856 2386 sic
877 2336 975 2403 pergat
989 2329 1067 2386 luror
1082 2328 1308 2392 Romanistaium,
1331 2329 1391 2389 nnl-

95 2415 156 2472 lum
177 2413 313 2488 reliquum
342 2430 404 2472 esse
430 2413 592 2475 remedium.
621 2429 701 2486 quam
729 2421 759 2470 ut
780 2413 945 2488 imperator.
973 2413 1061 2486 lieges
1088 2421 1117 2469 et
1145 2413 1283 2488 Principes
1310 2414 1335 2471 ri
1362 2421 1392 2472 et

96 2497 183 2558 armis
206 2499 318 2558 aminofi
340 2498 535 2574 aggredientur
555 2497 605 2554 bns
627 2505 720 2572 pestes
743 2495 817 2555 orbis
840 2507 986 2560 terrerum.
1014 2513 1126 2571 remque
1149 2499 1201 2554 iam
1223 2515 1278 2556 non
1301 2497 1391 2556 verbis

62 2585 151 2644 aased
171 2585 247 2644 leuno
268 2583 423 2642 decernant
466 2581 539 2650 ouis
558 2581 630 2640 enim
654 2580 747 2640 lallant
768 2583 867 2656 perditi
889 2583 1027 2645 homines.
1051 2582 1132 2640 etiam
1153 2583 1290 2662 communi
1307 2600 1391 2640 sensu

95 2668 214 2744 privati,
237 2685 319 2741 qnam
340 2668 368 2724 id
390 2665 464 2740 qnod
484 2667 670 2725 Antichristus
692 2667 815 2726 lecturus
837 2667 1011 2741 praedicitur?
1037 2667 1065 2724 Si
1088 2666 1164 2726 luces
1186 2668 1276 2730 lurca.
1305 2668 1329 2725 si
1351 2668 1391 2726 la=

91 2764 195 2812 tronea
215 2751 321 2826 gladio.
345 2753 367 2808 si
388 2751 542 2816 hereticos·
556 2751 619 2826 igne
642 2752 800 2826 plectimus.
830 2770 879 2810 cnr
900 2769 955 2810 non
977 2753 1064 2826 magis
1085 2751 1138 2808 bos
1159 2751 1306 2827 magistros
1329 2770 1391 2827 per·

96 2837 227 2900 ditionis.
250 2837 303 2896 bos
317 2836 486 2904 Cardinnles,
509 2837 562 2894 bos
575 2837 676 2912 Papus,
698 2844 727 2894 et
750 2845 834 2894 totam
856 2838 936 2894 istam
951 2838 1077 2896 llomanaa
1091 2837 1216 2894 bodomae
1238 2836 1390 2900 colluviem.

97 2939 160 2998 qnae
181 2921 328 2980 Ecclesiam
350 2921 396 2978 liei
421 2921 483 2986 sine
513 2921 566 2978 dne
595 2923 761 2996 corrumpit.
789 2921 915 2980 omnibus
941 2923 1024 2978 armis
1046 2919 1217 2996 impetimus.
1247 2930 1275 2980 et
1295 2939 1391 2980 manna

63 3013 212 3066 mnostras
239 3007 268 3062 in
295 3006 427 3080 sanguine
455 3005 564 3063 illorum
581 3003 733 3064 ¹lavsnnssl'
776 3007 840 3064 Hanc
861 3015 889 3064 et
911 3007 938 3066 id
959 3024 1046 3080 genus
1068 3007 1153 3074 multa
1175 3023 1256 3080 quam
1277 3007 1391 3066 anons·

98 3093 168 3149 sime
191 3089 355 3150 decernebat
375 3107 441 3150 reus
462 3090 515 3150 iste
536 3091 565 3148 in
587 3091 690 3149 iudices
713 3109 792 3157 suos,
821 3109 837 3148 e
865 3091 965 3166 quibus
986 3091 1116 3165 llagister
1137 3091 1208 3149 sacri
1229 3090 1323 3206 palatii
1345 3089 1391 3150 de·

96 3178 224 3252 legatum,
252 3175 323 3249 Papa
351 3191 497 3250 supremus
525 3183 592 3232 erat.
637 3177 757 3250 Cumque
784 3176 917 3250 Theologi
938 3176 1122 3234 Levanienses
1144 3167 1152 3255 Ι
1173 3169 1392 3253 ffilfflw

97 3258 244 3320 doctrinali
267 3259 381 3334 quadem
403 3277 518 3320 cemma
539 3260 644 3334 aliquot
665 3261 778 3320 Lntberi
800 3262 1004 3335 propositiones
1025 3260 1165 3334 librosque
1195 3269 1223 3318 et
1252 3276 1392 3318 sermones

98 3343 261 3406 nominatim
289 3343 530 3408 remcassent.
567 3362 670 3420 eosque
706 3347 816 3420 sequuti
841 3345 1017 3404 Colonienses
1044 3344 1214 3404 consimilem
1242 3343 1393 3402 edidissent

64 3430 369 3493 ”condemnationem
395 3429 531 3488 Lutberus
545 3445 622 3488 mon
649 3429 690 3488 ira
712 3430 834 3505 percitus
856 3430 1022 3504 gravissimis
1044 3431 1084 3486 in·
1105 3419 1113 3508 Ι
1135 3422 1391 3502 kfflgffiffl·

96 3521 194 3574 rectas
215 3521 260 3570 est
280 3514 308 3570 in
330 3513 394 3572 illos
408 3523 437 3570 et
458 3514 583 3574 consitis
605 3523 633 3572 et
654 3514 804 3574 calumniis.
842 3515 953 3577 'Dicitur
974 3511 1083 3590 (inquit)
1106 3513 1277 3588 Euangeliou
1292 3513 1391 3572 Christi

98 3598 172 3674 apud
195 3597 298 3658 l'nreaa
324 3613 380 3658 noo
396 3597 490 3656 licere
517 3599 673 3674 prmdieari:
702 3608 730 3658 at
758 3601 782 3658 si
812 3600 873 3658 istis
899 3596 1095 3657 doctrinalibus
1117 3597 1320 3656 damnatoribus
1342 3615 1392 3654 sua

98 3682 198 3744 lldncia
219 3691 249 3740 et
271 3691 344 3742 tanta
366 3683 529 3757 arrogantie
550 3683 625 3744 bulla
647 3685 819 3748 constiterit.
842 3703 903 3762 qum
922 3684 1048 3760 ¹tyrannis
1070 3684 1218 3742 'lutrarum
1240 3683 1345 3757 poterit
1366 3682 1390 3740 ei
1425 3724 1433 3730 -

97 3767 247 3826 conlerril'
289 3767 323 3824 lit
343 3769 414 3826 inlra
437 3767 535 3826 ‘Prima
561 3769 647 3844 igitur
675 3769 772 3830 lidueia
799 3768 997 3845 pronunciandi
1023 3767 1161 3842 llagistris
1189 3768 1306 3830 nostris,
1336 3767 1392 3826 sive

64 3853 173 3912 brema
196 3851 252 3912 sive
273 3853 442 3934 personatis,
465 3853 606 3914 admenta
627 3861 685 3918 eat.
709 3855 959 3929 ostendendumque
981 3854 1089 3929 quantis
1104 3867 1175 3928 opus
1191 3852 1228 3910 sit
1241 3851 1393 3912 firmamen-

97 3939 152 4001 tis,
181 3945 213 3995 nt
242 3937 369 3996 credatur
390 3937 425 3995 iis
447 3938 494 4012 qni
516 3953 578 3997 raro
601 3940 849 4014 pronunciaverunt
868 3940 954 4003 bene.
983 3939 1142 4013 frequenter
1169 3944 1259 3998 autem
1281 3953 1313 3996 ac
1334 3937 1392 3994 lere

97 4039 209 4097 semper
231 4023 478 4096 pronunciavemnt
499 4023 584 4082 male
601 4024 688 4099 quin,
710 4041 771 4084 eum
794 4023 878 4084 semel
900 4023 988 4084 malm
1010 4041 1119 4098 semper
1140 4029 1322 4097 presumatur
1336 4039 1392 4080 rna·

97 4108 158 4170 los,
182 4107 257 4166 insta
279 4107 347 4166 iatris
369 4108 505 4182 regulam.
528 4125 676 4182 nusquam.
698 4127 852 4184 nonquam.
880 4111 909 4168 in
930 4109 1005 4166 nadla
1027 4125 1056 4166 re
1077 4107 1241 4166 credendum
1263 4105 1318 4164 erit
1338 4106 1393 4164 lla·

98 4192 198 4267 gistris
219 4192 323 4250 nostris
345 4191 527 4267 quibuslibet.
556 4211 674 4268 quornm
697 4193 824 4253 iudicium
846 4201 955 4254 constat
982 4195 1033 4251 iam
1056 4211 1072 4250 a
1092 4191 1186 4250 multis
1207 4193 1286 4250 anuis
1307 4192 1393 4250 luisse

66 4285 156 4334 wana
179 4276 262 4337 modo
291 4277 449 4338 inconstans
477 4285 506 4334 et
532 4295 670 4353 praeceps.
699 4279 746 4338 sed
772 4286 801 4336 et
830 4295 989 4342 erroneum,
1017 4277 1189 4340 hereticum.
1218 4276 1392 4336 tamensium

97 4371 127 4418 et
148 4378 269 4424 mam,
292 4361 348 4422 oui
362 4378 443 4420 nemo
471 4361 569 4420 debeat
596 4363 678 4422 lidere
701 4371 776 4427 tuto.
802 4364 855 4422 nisi
883 4379 965 4437 mem
986 4364 1054 4420 dens
1075 4361 1161 4420 iratus
1183 4361 1391 4436 operationibus

97 4445 206 4506 erroris
227 4445 336 4504 mandet
357 4441 454 4506 illudi!
498 4447 527 4504 ln
549 4447 629 4506 cuius
656 4447 695 4508 mi
719 4447 797 4506 fldem
819 4447 930 4506 adduxit
951 4455 979 4506 st
1006 4447 1129 4522 quedam
1155 4447 1293 4522 ermnpla.
1320 4445 1394 4520 qnod

97 4533 203 4589 iniuste
229 4529 414 4588 damnaverint
441 4530 618 4590 Wilbelmum
646 4534 759 4596 Oooam,
794 4532 1022 4590 scholasticorum
1051 4533 1194 4590 doctorum
1221 4531 1280 4588 sine
1308 4530 1393 4588 dubio

165 4727 191 4764 ⁸⁰
206 4725 319 4794 lallantl
332 4727 418 4792 lalltn'
436 4729 562 4796 macons,
581 4723 744 4797 βαβᾶζουσι.
763 4731 801 4781 ol.
815 4731 891 4782 Pers.
904 4729 954 4781 ΠΙ.
973 4729 1010 4782 ta.
1061 4728 1086 4762 ⁸⁸
1103 4729 1170 4780 inrls
1182 4723 1317 4794 regulam]
1332 4725 1392 4778 nm

95 4813 167 4866 inrln
185 4813 317 4880 regalem
336 4813 468 4866 nutans.
