<?xml version="1.0" encoding="UTF-8"?>
<!DOCTYPE html PUBLIC "-//W3C//DTD XHTML 1.0 Transitional//EN"
    "http://www.w3.org/TR/xhtml1/DTD/xhtml1-transitional.dtd">
<html xmlns="http://www.w3.org/1999/xhtml" xml:lang="en" lang="en">
 <head>
  <title>
</title>
<meta http-equiv="Content-Type" content="text/html;charset=utf-8" />
  <meta name='ocr-system' content='tesseract 3.04.00' />
  <meta name='ocr-capabilities' content='ocr_page ocr_carea ocr_par ocr_line ocrx_word'/>
</head>
<body>
  <div class='ocr_page' id='page_1' title='image "./ulrichihuttenie12huttgoog_0148.png"; bbox 0 0 3410 5524; ppageno 0'>
   <div class='ocr_carea' id='block_1_1' title="bbox 84 402 1349 484">
    <p class='ocr_par' dir='ltr' id='par_1_1' title="bbox 84 402 1349 484">
     <span class='ocr_line' id='line_1_1' title="bbox 84 402 1349 484; baseline 0.002 -18"><span class='ocrx_word' id='word_1_1' title='bbox 84 433 194 470; x_wconf 75' lang='lat' dir='ltr'><strong>llVT&#39;lillss</strong></span> <span class='ocrx_word' id='word_1_2' title='bbox 207 434 244 470; x_wconf 72' lang='lat' dir='ltr'><strong>An</strong></span> <span class='ocrx_word' id='word_1_3' title='bbox 253 431 401 476; x_wconf 70' lang='lat' dir='ltr'><strong>Pntncrrrrs</strong></span> <span class='ocrx_word' id='word_1_4' title='bbox 412 433 537 478; x_wconf 63' lang='lat' dir='ltr'><strong>GBHM·</strong></span> <span class='ocrx_word' id='word_1_5' title='bbox 550 433 660 470; x_wconf 70' lang='lat' dir='ltr'><strong>nflttvu</strong></span> <span class='ocrx_word' id='word_1_6' title='bbox 674 433 773 470; x_wconf 70' lang='lat' dir='ltr'>TVBCIS</span> <span class='ocrx_word' id='word_1_7' title='bbox 787 433 926 470; x_wconf 67' lang='lat' dir='ltr'><strong>latrantres</strong></span> <span class='ocrx_word' id='word_1_8' title='bbox 938 432 1163 470; x_wconf 69' lang='grc' dir='ltr'>ΙΧΗΟΒΤΔΤΟΒῘΛ.</span> <span class='ocrx_word' id='word_1_9' title='bbox 1177 417 1261 484; x_wconf 75' lang='lat'>(1518.)</span> <span class='ocrx_word' id='word_1_10' title='bbox 1283 402 1349 474; x_wconf 66' lang='grc'><strong>131</strong></span> 
     </span>
    </p>
   </div>
   <div class='ocr_carea' id='block_1_2' title="bbox 48 587 1452 4132">
    <p class='ocr_par' dir='ltr' id='par_1_2' title="bbox 48 587 1452 4132">
     <span class='ocr_line' id='line_1_2' title="bbox 81 587 1355 668; baseline -0.001 -19"><span class='ocrx_word' id='word_1_11' title='bbox 81 588 181 666; x_wconf 88' lang='lat' dir='ltr'><strong>petenti</strong></span> <span class='ocrx_word' id='word_1_12' title='bbox 204 595 236 649; x_wconf 90' lang='lat' dir='ltr'><strong>ut</strong></span> <span class='ocrx_word' id='word_1_13' title='bbox 257 588 393 651; x_wconf 82' lang='lat' dir='ltr'><strong>alacriter</strong></span> <span class='ocrx_word' id='word_1_14' title='bbox 416 607 607 650; x_wconf 84' lang='lat' dir='ltr'><strong>occurramus</strong></span> <span class='ocrx_word' id='word_1_15' title='bbox 638 587 682 650; x_wconf 89' lang='lat' dir='ltr'><strong>vel</strong></span> <span class='ocrx_word' id='word_1_16' title='bbox 710 589 804 668; x_wconf 83' lang='lat' dir='ltr'><strong>ipsum</strong></span> <span class='ocrx_word' id='word_1_17' title='bbox 835 590 999 652; x_wconf 74' lang='lat' dir='ltr'><strong>Germaniae</strong></span> <span class='ocrx_word' id='word_1_18' title='bbox 1028 587 1205 650; x_wconf 84' lang='lat' dir='ltr'><strong>vocabulum</strong></span> <span class='ocrx_word' id='word_1_19' title='bbox 1232 590 1355 652; x_wconf 87' lang='lat' dir='ltr'><strong>incitare</strong></span> 
     </span>
     <span class='ocr_line' id='line_1_3' title="bbox 80 683 1355 780; baseline 0.003 -31"><span class='ocrx_word' id='word_1_20' title='bbox 80 683 174 750; x_wconf 74' lang='lat' dir='ltr'><strong>debet:</strong></span> <span class='ocrx_word' id='word_1_21' title='bbox 209 708 277 752; x_wconf 88' lang='lat' dir='ltr'><strong>nam</strong></span> <span class='ocrx_word' id='word_1_22' title='bbox 305 693 329 752; x_wconf 88' lang='lat' dir='ltr'><strong>si</strong></span> <span class='ocrx_word' id='word_1_23' title='bbox 356 691 394 752; x_wconf 88' lang='lat' dir='ltr'><strong>ad</strong></span> <span class='ocrx_word' id='word_1_24' title='bbox 421 691 548 780; x_wconf 78' lang='lat' dir='ltr'><strong>norninis</strong></span> <span class='ocrx_word' id='word_1_25' title='bbox 576 689 779 770; x_wconf 78' lang='lat' dir='ltr'><strong>etymologiam</strong></span> <span class='ocrx_word' id='word_1_26' title='bbox 813 691 1001 770; x_wconf 80' lang='lat' dir='ltr'><strong>respicimus,</strong></span> <span class='ocrx_word' id='word_1_27' title='bbox 1036 691 1113 756; x_wconf 92' lang='lat' dir='ltr'><strong>idem</strong></span> <span class='ocrx_word' id='word_1_28' title='bbox 1141 698 1184 752; x_wconf 89' lang='lat' dir='ltr'><strong>est</strong></span> <span class='ocrx_word' id='word_1_29' title='bbox 1211 689 1355 754; x_wconf 87' lang='lat' dir='ltr'><strong>idecrnate</strong></span> 
     </span>
     <span class='ocr_line' id='line_1_4' title="bbox 79 793 1354 872; baseline 0.001 -20"><span class='ocrx_word' id='word_1_30' title='bbox 79 799 171 854; x_wconf 89' lang='lat' dir='ltr'><strong>nostro</strong></span> <span class='ocrx_word' id='word_1_31' title='bbox 194 794 373 862; x_wconf 89' lang='lat' dir='ltr'><strong>Germanus,</strong></span> <span class='ocrx_word' id='word_1_32' title='bbox 403 793 481 871; x_wconf 89' lang='lat' dir='ltr'><strong>quod</strong></span> <span class='ocrx_word' id='word_1_33' title='bbox 505 793 607 854; x_wconf 87' lang='lat' dir='ltr'><strong>Latine</strong></span> <span class='ocrx_word' id='word_1_34' title='bbox 638 812 673 854; x_wconf 83' lang='lat' dir='ltr'><strong>ex</strong></span> <span class='ocrx_word' id='word_1_35' title='bbox 700 799 762 854; x_wconf 92' lang='lat' dir='ltr'><strong>tcto</strong></span> <span class='ocrx_word' id='word_1_36' title='bbox 791 794 834 852; x_wconf 86' lang='lat' dir='ltr'><strong>rir</strong></span> <span class='ocrx_word' id='word_1_37' title='bbox 862 802 912 854; x_wconf 91' lang='lat' dir='ltr'><strong>aut</strong></span> <span class='ocrx_word' id='word_1_38' title='bbox 939 795 1059 854; x_wconf 88' lang='lat' dir='ltr'><strong>omnino</strong></span> <span class='ocrx_word' id='word_1_39' title='bbox 1088 795 1130 854; x_wconf 80' lang='lat' dir='ltr'><strong>vir</strong></span> <span class='ocrx_word' id='word_1_40' title='bbox 1152 800 1202 854; x_wconf 91' lang='lat' dir='ltr'><strong>ant</strong></span> <span class='ocrx_word' id='word_1_41' title='bbox 1224 793 1354 872; x_wconf 77' lang='lat' dir='ltr'><strong>perfecte</strong></span> 
     </span>
     <span class='ocr_line' id='line_1_5' title="bbox 79 881 1421 974; baseline 0.004 -19"><span class='ocrx_word' id='word_1_42' title='bbox 79 896 128 962; x_wconf 83' lang='lat' dir='ltr'><strong>tir,</strong></span> <span class='ocrx_word' id='word_1_43' title='bbox 156 896 239 974; x_wconf 89' lang='lat' dir='ltr'><strong>quasi</strong></span> <span class='ocrx_word' id='word_1_44' title='bbox 267 901 298 956; x_wconf 93' lang='lat' dir='ltr'><strong>tn</strong></span> <span class='ocrx_word' id='word_1_45' title='bbox 323 895 404 956; x_wconf 88' lang='lat' dir='ltr'><strong>dieas</strong></span> <span class='ocrx_word' id='word_1_46' title='bbox 419 893 469 956; x_wconf 87' lang='lat' dir='ltr'><strong>ab</strong></span> <span class='ocrx_word' id='word_1_47' title='bbox 493 897 572 956; x_wconf 90' lang='lat' dir='ltr'><strong>omni</strong></span> <span class='ocrx_word' id='word_1_48' title='bbox 595 895 699 956; x_wconf 84' lang='lat' dir='ltr'><strong>virtute</strong></span> <span class='ocrx_word' id='word_1_49' title='bbox 721 881 962 960; x_wconf 85' lang='lat' dir='ltr'><strong>consummatum</strong></span> <span class='ocrx_word' id='word_1_50' title='bbox 984 894 1147 956; x_wconf 89' lang='lat' dir='ltr'><strong>bominem:</strong></span> <span class='ocrx_word' id='word_1_51' title='bbox 1179 894 1252 955; x_wconf 92' lang='lat' dir='ltr'><strong>adeo</strong></span> <span class='ocrx_word' id='word_1_52' title='bbox 1276 896 1353 960; x_wconf 86' lang='lat' dir='ltr'><strong>enirn</strong></span> <span class='ocrx_word' id='word_1_53' title='bbox 1418 931 1421 936; x_wconf 95' lang='lat'>·</span> 
     </span>
     <span class='ocr_line' id='line_1_6' title="bbox 58 995 1355 1077; baseline 0.004 -26"><span class='ocrx_word' id='word_1_54' title='bbox 58 995 189 1056; x_wconf 75' lang='lat' dir='ltr'><strong>aluerunt</strong></span> <span class='ocrx_word' id='word_1_55' title='bbox 211 997 290 1058; x_wconf 81' lang='lat' dir='ltr'><strong>circs</strong></span> <span class='ocrx_word' id='word_1_56' title='bbox 312 998 413 1077; x_wconf 84' lang='lat' dir='ltr'><strong>gloriae</strong></span> <span class='ocrx_word' id='word_1_57' title='bbox 434 997 563 1058; x_wconf 90' lang='lat' dir='ltr'><strong>studium</strong></span> <span class='ocrx_word' id='word_1_58' title='bbox 584 996 729 1059; x_wconf 81' lang='lat' dir='ltr'><strong>ambitiosi</strong></span> <span class='ocrx_word' id='word_1_59' title='bbox 756 997 883 1058; x_wconf 88' lang='lat' dir='ltr'><strong>maiores</strong></span> <span class='ocrx_word' id='word_1_60' title='bbox 910 998 1017 1068; x_wconf 87' lang='lat' dir='ltr'><strong>nostri,</strong></span> <span class='ocrx_word' id='word_1_61' title='bbox 1048 1003 1080 1058; x_wconf 96' lang='lat' dir='ltr'><strong>ut</strong></span> <span class='ocrx_word' id='word_1_62' title='bbox 1106 1015 1209 1057; x_wconf 89' lang='lat' dir='ltr'><strong>vocem</strong></span> <span class='ocrx_word' id='word_1_63' title='bbox 1237 1013 1355 1076; x_wconf 86' lang='lat' dir='ltr'><strong>quoque</strong></span> 
     </span>
     <span class='ocr_line' id='line_1_7' title="bbox 77 1095 1422 1178; baseline 0.006 -26"><span class='ocrx_word' id='word_1_64' title='bbox 77 1095 177 1158; x_wconf 86' lang='lat' dir='ltr'><strong>relleut</strong></span> <span class='ocrx_word' id='word_1_65' title='bbox 199 1116 264 1160; x_wconf 90' lang='lat' dir='ltr'><strong>esse</strong></span> <span class='ocrx_word' id='word_1_66' title='bbox 287 1117 351 1178; x_wconf 85' lang='lat' dir='ltr'><strong>quae</strong></span> <span class='ocrx_word' id='word_1_67' title='bbox 373 1099 409 1160; x_wconf 87' lang='lat' dir='ltr'><strong>ad</strong></span> <span class='ocrx_word' id='word_1_68' title='bbox 432 1100 567 1160; x_wconf 77' lang='lat' dir='ltr'><strong>virtutem</strong></span> <span class='ocrx_word' id='word_1_69' title='bbox 589 1097 766 1160; x_wconf 85' lang='lat' dir='ltr'><strong>hortaretur.</strong></span> <span class='ocrx_word' id='word_1_70' title='bbox 812 1098 849 1158; x_wconf 91' lang='lat' dir='ltr'><strong>Et</strong></span> <span class='ocrx_word' id='word_1_71' title='bbox 874 1105 1030 1176; x_wconf 87' lang='lat' dir='ltr'><strong>gesserunt</strong></span> <span class='ocrx_word' id='word_1_72' title='bbox 1055 1096 1097 1159; x_wconf 91' lang='lat' dir='ltr'><strong>illi</strong></span> <span class='ocrx_word' id='word_1_73' title='bbox 1120 1099 1422 1168; x_wconf 71' lang='lat' dir='ltr'><strong>messanensem.</strong></span> 
     </span>
     <span class='ocr_line' id='line_1_8' title="bbox 76 1179 1353 1279; baseline 0.005 -21"><span class='ocrx_word' id='word_1_74' title='bbox 76 1217 105 1258; x_wconf 87' lang='lat' dir='ltr'><strong>ac</strong></span> <span class='ocrx_word' id='word_1_75' title='bbox 125 1198 211 1260; x_wconf 90' lang='lat' dir='ltr'><strong>nobis</strong></span> <span class='ocrx_word' id='word_1_76' title='bbox 233 1219 287 1279; x_wconf 88' lang='lat' dir='ltr'><strong>per</strong></span> <span class='ocrx_word' id='word_1_77' title='bbox 310 1218 413 1265; x_wconf 89' lang='lat' dir='ltr'><strong>rnauus</strong></span> <span class='ocrx_word' id='word_1_78' title='bbox 436 1200 620 1262; x_wconf 89' lang='lat' dir='ltr'><strong>tradiderunt</strong></span> <span class='ocrx_word' id='word_1_79' title='bbox 640 1199 778 1277; x_wconf 79' lang='lat' dir='ltr'><strong>gloriam,</strong></span> <span class='ocrx_word' id='word_1_80' title='bbox 795 1179 889 1278; x_wconf 55' lang='lat' dir='ltr'><strong>‘quam</strong></span> <span class='ocrx_word' id='word_1_81' title='bbox 913 1201 968 1261; x_wconf 89' lang='lat' dir='ltr'><strong>nisi</strong></span> <span class='ocrx_word' id='word_1_82' title='bbox 990 1201 1161 1270; x_wconf 81' lang='lat' dir='ltr'><strong>asserimus,</strong></span> <span class='ocrx_word' id='word_1_83' title='bbox 1191 1219 1259 1262; x_wconf 91' lang='lat' dir='ltr'><strong>vere</strong></span> <span class='ocrx_word' id='word_1_84' title='bbox 1281 1202 1353 1264; x_wconf 90' lang='lat' dir='ltr'><strong>Ger·</strong></span> 
     </span>
     <span class='ocr_line' id='line_1_9' title="bbox 76 1301 1353 1372; baseline 0.002 -12"><span class='ocrx_word' id='word_1_85' title='bbox 76 1301 146 1360; x_wconf 89' lang='lat' dir='ltr'><strong>mani</strong></span> <span class='ocrx_word' id='word_1_86' title='bbox 168 1318 231 1362; x_wconf 89' lang='lat' dir='ltr'><strong>uon</strong></span> <span class='ocrx_word' id='word_1_87' title='bbox 253 1319 363 1364; x_wconf 90' lang='lat' dir='ltr'><strong>sumus.</strong></span> <span class='ocrx_word' id='word_1_88' title='bbox 409 1304 466 1364; x_wconf 89' lang='lat' dir='ltr'><strong>Sed</strong></span> <span class='ocrx_word' id='word_1_89' title='bbox 489 1310 521 1364; x_wconf 89' lang='lat' dir='ltr'><strong>ut</strong></span> <span class='ocrx_word' id='word_1_90' title='bbox 543 1303 649 1372; x_wconf 89' lang='lat' dir='ltr'><strong>simus,</strong></span> <span class='ocrx_word' id='word_1_91' title='bbox 678 1305 708 1364; x_wconf 90' lang='lat' dir='ltr'><strong>in</strong></span> <span class='ocrx_word' id='word_1_92' title='bbox 736 1309 830 1364; x_wconf 82' lang='lat' dir='ltr'><strong>vestra</strong></span> <span class='ocrx_word' id='word_1_93' title='bbox 853 1304 939 1364; x_wconf 89' lang='lat' dir='ltr'><strong>situm</strong></span> <span class='ocrx_word' id='word_1_94' title='bbox 963 1309 1008 1364; x_wconf 91' lang='lat' dir='ltr'><strong>est</strong></span> <span class='ocrx_word' id='word_1_95' title='bbox 1035 1301 1196 1364; x_wconf 78' lang='lat' dir='ltr'><strong>uoluntate:</strong></span> <span class='ocrx_word' id='word_1_96' title='bbox 1226 1301 1353 1364; x_wconf 76' lang='lat' dir='ltr'><strong>nanede</strong></span> 
     </span>
     <span class='ocr_line' id='line_1_10' title="bbox 76 1400 1421 1484; baseline 0.002 -24"><span class='ocrx_word' id='word_1_97' title='bbox 76 1400 189 1482; x_wconf 89' lang='lat' dir='ltr'><strong>reliquis</strong></span> <span class='ocrx_word' id='word_1_98' title='bbox 211 1402 289 1466; x_wconf 87' lang='lat' dir='ltr'><strong>bene</strong></span> <span class='ocrx_word' id='word_1_99' title='bbox 310 1404 412 1475; x_wconf 89' lang='lat' dir='ltr'><strong>babet,</strong></span> <span class='ocrx_word' id='word_1_100' title='bbox 441 1411 470 1466; x_wconf 91' lang='lat' dir='ltr'><strong>et</strong></span> <span class='ocrx_word' id='word_1_101' title='bbox 498 1413 633 1484; x_wconf 92' lang='lat' dir='ltr'><strong>sumptus</strong></span> <span class='ocrx_word' id='word_1_102' title='bbox 659 1423 776 1484; x_wconf 89' lang='lat' dir='ltr'><strong>quoque</strong></span> <span class='ocrx_word' id='word_1_103' title='bbox 799 1405 950 1466; x_wconf 84' lang='lat' dir='ltr'><strong>suffecturi</strong></span> <span class='ocrx_word' id='word_1_104' title='bbox 978 1404 1128 1473; x_wconf 64' lang='lat' dir='ltr'><strong>videntum</strong></span> <span class='ocrx_word' id='word_1_105' title='bbox 1162 1402 1244 1466; x_wconf 87' lang='lat' dir='ltr'><strong>valde</strong></span> <span class='ocrx_word' id='word_1_106' title='bbox 1266 1405 1421 1469; x_wconf 78' lang='lat' dir='ltr'><strong>ouimmer.</strong></span> 
     </span>
     <span class='ocr_line' id='line_1_11' title="bbox 49 1503 1352 1586; baseline 0.005 -26"><span class='ocrx_word' id='word_1_107' title='bbox 49 1503 139 1564; x_wconf 77' lang='lat' dir='ltr'><strong>remilri</strong></span> <span class='ocrx_word' id='word_1_108' title='bbox 161 1505 306 1584; x_wconf 88' lang='lat' dir='ltr'><strong>probatur</strong></span> <span class='ocrx_word' id='word_1_109' title='bbox 327 1507 385 1568; x_wconf 92' lang='lat' dir='ltr'><strong>boc</strong></span> <span class='ocrx_word' id='word_1_110' title='bbox 407 1505 577 1578; x_wconf 89' lang='lat' dir='ltr'><strong>consilium,</strong></span> <span class='ocrx_word' id='word_1_111' title='bbox 600 1508 680 1586; x_wconf 89' lang='lat' dir='ltr'><strong>quod</strong></span> <span class='ocrx_word' id='word_1_112' title='bbox 701 1509 812 1585; x_wconf 89' lang='lat' dir='ltr'><strong>agitare</strong></span> <span class='ocrx_word' id='word_1_113' title='bbox 834 1505 976 1585; x_wconf 86' lang='lat' dir='ltr'><strong>quosdam</strong></span> <span class='ocrx_word' id='word_1_114' title='bbox 999 1505 1097 1574; x_wconf 78' lang='lat' dir='ltr'><strong>tideo,</strong></span> <span class='ocrx_word' id='word_1_115' title='bbox 1124 1511 1156 1568; x_wconf 94' lang='lat' dir='ltr'><strong>ut</strong></span> <span class='ocrx_word' id='word_1_116' title='bbox 1177 1523 1193 1566; x_wconf 91' lang='lat' dir='ltr'><strong>a</strong></span> <span class='ocrx_word' id='word_1_117' title='bbox 1215 1505 1352 1566; x_wconf 89' lang='lat' dir='ltr'><strong>sacerdo·</strong></span> 
     </span>
     <span class='ocr_line' id='line_1_12' title="bbox 75 1603 1352 1690; baseline 0.005 -27"><span class='ocrx_word' id='word_1_118' title='bbox 75 1603 159 1674; x_wconf 91' lang='lat' dir='ltr'><strong>tibus,</strong></span> <span class='ocrx_word' id='word_1_119' title='bbox 183 1607 238 1668; x_wconf 87' lang='lat' dir='ltr'><strong>sed</strong></span> <span class='ocrx_word' id='word_1_120' title='bbox 260 1607 388 1690; x_wconf 80' lang='lat' dir='ltr'><strong>illisqui</strong></span> <span class='ocrx_word' id='word_1_121' title='bbox 411 1628 507 1688; x_wconf 85' lang='lat' dir='ltr'><strong>oeque</strong></span> <span class='ocrx_word' id='word_1_122' title='bbox 529 1609 695 1674; x_wconf 89' lang='lat' dir='ltr'><strong>militabunt</strong></span> <span class='ocrx_word' id='word_1_123' title='bbox 721 1610 778 1688; x_wconf 91' lang='lat' dir='ltr'><strong>ipsi</strong></span> <span class='ocrx_word' id='word_1_124' title='bbox 806 1615 834 1670; x_wconf 90' lang='lat' dir='ltr'><strong>et</strong></span> <span class='ocrx_word' id='word_1_125' title='bbox 860 1607 952 1670; x_wconf 86' lang='lat' dir='ltr'><strong>rebus</strong></span> <span class='ocrx_word' id='word_1_126' title='bbox 979 1607 1014 1669; x_wconf 90' lang='lat' dir='ltr'><strong>ad</strong></span> <span class='ocrx_word' id='word_1_127' title='bbox 1043 1610 1151 1670; x_wconf 85' lang='lat' dir='ltr'><strong>vietum</strong></span> <span class='ocrx_word' id='word_1_128' title='bbox 1179 1609 1352 1671; x_wconf 84' lang='lat' dir='ltr'><strong>necessariis</strong></span> 
     </span>
     <span class='ocr_line' id='line_1_13' title="bbox 75 1698 1352 1791; baseline 0.004 -24"><span class='ocrx_word' id='word_1_129' title='bbox 75 1708 205 1770; x_wconf 87' lang='lat' dir='ltr'><strong>omnibus</strong></span> <span class='ocrx_word' id='word_1_130' title='bbox 229 1711 335 1772; x_wconf 80' lang='lat' dir='ltr'><strong>affatim</strong></span> <span class='ocrx_word' id='word_1_131' title='bbox 351 1711 514 1782; x_wconf 84' lang='lat' dir='ltr'><strong>abundant,</strong></span> <span class='ocrx_word' id='word_1_132' title='bbox 539 1713 670 1791; x_wconf 74' lang='lat' dir='ltr'><strong>pecunie</strong></span> <span class='ocrx_word' id='word_1_133' title='bbox 684 1717 837 1789; x_wconf 68' lang='lat' dir='ltr'><strong>petentum</strong></span> <span class='ocrx_word' id='word_1_134' title='bbox 859 1711 976 1772; x_wconf 88' lang='lat' dir='ltr'><strong>utitem</strong></span> <span class='ocrx_word' id='word_1_135' title='bbox 991 1698 1027 1770; x_wconf 83' lang='lat' dir='ltr'><strong>ab</strong></span> <span class='ocrx_word' id='word_1_136' title='bbox 1044 1709 1264 1788; x_wconf 86' lang='lat' dir='ltr'><strong>opulentissimo</strong></span> <span class='ocrx_word' id='word_1_137' title='bbox 1280 1727 1352 1791; x_wconf 88' lang='lat' dir='ltr'><strong>quo·</strong></span> 
     </span>
     <span class='ocr_line' id='line_1_14' title="bbox 75 1810 1350 1890; baseline 0.004 -21"><span class='ocrx_word' id='word_1_138' title='bbox 75 1827 125 1888; x_wconf 88' lang='lat' dir='ltr'><strong>que</strong></span> <span class='ocrx_word' id='word_1_139' title='bbox 147 1828 252 1876; x_wconf 89' lang='lat' dir='ltr'><strong>eorum</strong></span> <span class='ocrx_word' id='word_1_140' title='bbox 275 1813 326 1890; x_wconf 91' lang='lat' dir='ltr'><strong>qui</strong></span> <span class='ocrx_word' id='word_1_141' title='bbox 348 1814 377 1872; x_wconf 89' lang='lat' dir='ltr'><strong>in</strong></span> <span class='ocrx_word' id='word_1_142' title='bbox 399 1811 500 1874; x_wconf 90' lang='lat' dir='ltr'><strong>liberis</strong></span> <span class='ocrx_word' id='word_1_143' title='bbox 522 1812 686 1879; x_wconf 84' lang='lat' dir='ltr'><strong>civitatibus</strong></span> <span class='ocrx_word' id='word_1_144' title='bbox 708 1815 852 1874; x_wconf 89' lang='lat' dir='ltr'><strong>otiantur:</strong></span> <span class='ocrx_word' id='word_1_145' title='bbox 875 1831 930 1872; x_wconf 88' lang='lat' dir='ltr'><strong>nec</strong></span> <span class='ocrx_word' id='word_1_146' title='bbox 953 1812 1082 1876; x_wconf 80' lang='lat' dir='ltr'><strong>defuturi</strong></span> <span class='ocrx_word' id='word_1_147' title='bbox 1097 1810 1183 1873; x_wconf 89' lang='lat' dir='ltr'><strong>nobis</strong></span> <span class='ocrx_word' id='word_1_148' title='bbox 1197 1813 1237 1890; x_wconf 91' lang='lat' dir='ltr'><strong>pii</strong></span> <span class='ocrx_word' id='word_1_149' title='bbox 1253 1831 1350 1874; x_wconf 89' lang='lat' dir='ltr'><strong>saeer-</strong></span> 
     </span>
     <span class='ocr_line' id='line_1_15' title="bbox 75 1911 1419 1992; baseline 0.003 -20"><span class='ocrx_word' id='word_1_150' title='bbox 75 1911 162 1980; x_wconf 90' lang='lat' dir='ltr'><strong>dotes.</strong></span> <span class='ocrx_word' id='word_1_151' title='bbox 193 1911 265 1976; x_wconf 88' lang='lat' dir='ltr'><strong>honi</strong></span> <span class='ocrx_word' id='word_1_152' title='bbox 298 1916 373 1976; x_wconf 87' lang='lat' dir='ltr'><strong>cives</strong></span> <span class='ocrx_word' id='word_1_153' title='bbox 402 1915 546 1980; x_wconf 79' lang='lat' dir='ltr'><strong>videntur.</strong></span> <span class='ocrx_word' id='word_1_154' title='bbox 585 1923 645 1978; x_wconf 89' lang='lat' dir='ltr'><strong>tum</strong></span> <span class='ocrx_word' id='word_1_155' title='bbox 674 1912 746 1976; x_wconf 93' lang='lat' dir='ltr'><strong>illud</strong></span> <span class='ocrx_word' id='word_1_156' title='bbox 775 1921 856 1976; x_wconf 89' lang='lat' dir='ltr'><strong>recte</strong></span> <span class='ocrx_word' id='word_1_157' title='bbox 885 1917 1079 1992; x_wconf 81' lang='lat' dir='ltr'><strong>excogitatum</strong></span> <span class='ocrx_word' id='word_1_158' title='bbox 1102 1920 1135 1976; x_wconf 94' lang='lat' dir='ltr'><strong>ut</strong></span> <span class='ocrx_word' id='word_1_159' title='bbox 1157 1931 1193 1974; x_wconf 86' lang='lat' dir='ltr'><strong>ex</strong></span> <span class='ocrx_word' id='word_1_160' title='bbox 1215 1913 1419 1991; x_wconf 77' lang='lat' dir='ltr'><strong>singulistrss.</strong></span> 
     </span>
     <span class='ocr_line' id='line_1_16' title="bbox 49 2013 1352 2095; baseline 0.005 -26"><span class='ocrx_word' id='word_1_161' title='bbox 49 2013 192 2076; x_wconf 85' lang='lat' dir='ltr'><strong>ulratrunr</strong></span> <span class='ocrx_word' id='word_1_162' title='bbox 222 2015 354 2094; x_wconf 79' lang='lat' dir='ltr'><strong>collegiis</strong></span> <span class='ocrx_word' id='word_1_163' title='bbox 382 2016 488 2095; x_wconf 91' lang='lat' dir='ltr'><strong>singuli</strong></span> <span class='ocrx_word' id='word_1_164' title='bbox 516 2019 669 2078; x_wconf 80' lang='lat' dir='ltr'><strong>mittantur</strong></span> <span class='ocrx_word' id='word_1_165' title='bbox 696 2018 746 2094; x_wconf 89' lang='lat' dir='ltr'><strong>qui</strong></span> <span class='ocrx_word' id='word_1_166' title='bbox 774 2017 944 2078; x_wconf 83' lang='lat' dir='ltr'><strong>monasterii</strong></span> <span class='ocrx_word' id='word_1_167' title='bbox 971 2017 1017 2078; x_wconf 89' lang='lat' dir='ltr'><strong>sui</strong></span> <span class='ocrx_word' id='word_1_168' title='bbox 1046 2015 1191 2094; x_wconf 89' lang='lat' dir='ltr'><strong>stipendio</strong></span> <span class='ocrx_word' id='word_1_169' title='bbox 1219 2015 1352 2088; x_wconf 89' lang='lat' dir='ltr'><strong>militent,</strong></span> 
     </span>
     <span class='ocr_line' id='line_1_17' title="bbox 76 2100 1353 2198; baseline 0.005 -24"><span class='ocrx_word' id='word_1_170' title='bbox 76 2133 105 2174; x_wconf 84' lang='lat' dir='ltr'><strong>ex</strong></span> <span class='ocrx_word' id='word_1_171' title='bbox 120 2115 309 2194; x_wconf 87' lang='lat' dir='ltr'><strong>quibusdam,</strong></span> <span class='ocrx_word' id='word_1_172' title='bbox 325 2127 358 2180; x_wconf 90' lang='lat' dir='ltr'><strong>ut</strong></span> <span class='ocrx_word' id='word_1_173' title='bbox 372 2118 495 2182; x_wconf 83' lang='lat' dir='ltr'><strong>lacultss</strong></span> <span class='ocrx_word' id='word_1_174' title='bbox 510 2121 581 2188; x_wconf 89' lang='lat' dir='ltr'><strong>erit,</strong></span> <span class='ocrx_word' id='word_1_175' title='bbox 597 2117 672 2188; x_wconf 88' lang='lat' dir='ltr'><strong>bini;</strong></span> <span class='ocrx_word' id='word_1_176' title='bbox 694 2119 771 2180; x_wconf 90' lang='lat' dir='ltr'><strong>idem</strong></span> <span class='ocrx_word' id='word_1_177' title='bbox 794 2100 871 2198; x_wconf 92' lang='lat' dir='ltr'><strong>apud</strong></span> <span class='ocrx_word' id='word_1_178' title='bbox 888 2117 1049 2180; x_wconf 81' lang='lat' dir='ltr'><strong>Canomcos</strong></span> <span class='ocrx_word' id='word_1_179' title='bbox 1064 2119 1113 2178; x_wconf 86' lang='lat' dir='ltr'><strong>det</strong></span> <span class='ocrx_word' id='word_1_180' title='bbox 1136 2115 1280 2186; x_wconf 88' lang='lat' dir='ltr'><strong>delectus;</strong></span> <span class='ocrx_word' id='word_1_181' title='bbox 1302 2118 1353 2180; x_wconf 88' lang='lat' dir='ltr'><strong>tri·</strong></span> 
     </span>
     <span class='ocr_line' id='line_1_18' title="bbox 75 2215 1350 2300; baseline 0.002 -24"><span class='ocrx_word' id='word_1_182' title='bbox 75 2215 158 2278; x_wconf 91' lang='lat' dir='ltr'><strong>buent</strong></span> <span class='ocrx_word' id='word_1_183' title='bbox 173 2225 203 2282; x_wconf 90' lang='lat' dir='ltr'><strong>et</strong></span> <span class='ocrx_word' id='word_1_184' title='bbox 219 2221 349 2289; x_wconf 86' lang='lat' dir='ltr'><strong>civitates</strong></span> <span class='ocrx_word' id='word_1_185' title='bbox 363 2239 429 2300; x_wconf 73' lang='lat' dir='ltr'><strong>quae</strong></span> <span class='ocrx_word' id='word_1_186' title='bbox 444 2229 584 2282; x_wconf 87' lang='lat' dir='ltr'><strong>vocantur</strong></span> <span class='ocrx_word' id='word_1_187' title='bbox 599 2219 717 2290; x_wconf 65' lang='lat' dir='ltr'><strong>liberem</strong></span> <span class='ocrx_word' id='word_1_188' title='bbox 731 2241 767 2282; x_wconf 92' lang='lat' dir='ltr'><strong>ac</strong></span> <span class='ocrx_word' id='word_1_189' title='bbox 781 2219 995 2283; x_wconf 75' lang='lat' dir='ltr'><strong>mercatoribus</strong></span> <span class='ocrx_word' id='word_1_190' title='bbox 1009 2217 1202 2298; x_wconf 82' lang='lat' dir='ltr'><strong>imperabitur</strong></span> <span class='ocrx_word' id='word_1_191' title='bbox 1220 2217 1350 2298; x_wconf 80' lang='lat' dir='ltr'><strong>uectigal,</strong></span> 
     </span>
     <span class='ocr_line' id='line_1_19' title="bbox 75 2317 1419 2402; baseline 0.001 -20"><span class='ocrx_word' id='word_1_192' title='bbox 75 2317 114 2382; x_wconf 84' lang='lat' dir='ltr'><strong>his</strong></span> <span class='ocrx_word' id='word_1_193' title='bbox 133 2324 297 2399; x_wconf 79' lang='lat' dir='ltr'><strong>presertim</strong></span> <span class='ocrx_word' id='word_1_194' title='bbox 314 2324 364 2400; x_wconf 91' lang='lat' dir='ltr'><strong>qui</strong></span> <span class='ocrx_word' id='word_1_195' title='bbox 379 2339 504 2400; x_wconf 90' lang='lat' dir='ltr'><strong>peregre</strong></span> <span class='ocrx_word' id='word_1_196' title='bbox 519 2323 705 2399; x_wconf 88' lang='lat' dir='ltr'><strong>negotiantur</strong></span> <span class='ocrx_word' id='word_1_197' title='bbox 721 2329 771 2384; x_wconf 88' lang='lat' dir='ltr'><strong>aot</strong></span> <span class='ocrx_word' id='word_1_198' title='bbox 785 2325 836 2402; x_wconf 57' lang='lat' dir='ltr'><strong>qui,</strong></span> <span class='ocrx_word' id='word_1_199' title='bbox 851 2321 1011 2400; x_wconf 89' lang='lat' dir='ltr'><strong>plurimum</strong></span> <span class='ocrx_word' id='word_1_200' title='bbox 1032 2318 1194 2382; x_wconf 87' lang='lat' dir='ltr'><strong>irrorantur.</strong></span> <span class='ocrx_word' id='word_1_201' title='bbox 1232 2319 1340 2399; x_wconf 82' lang='lat' dir='ltr'><strong>quibus</strong></span> <span class='ocrx_word' id='word_1_202' title='bbox 1352 2336 1419 2388; x_wconf 76' lang='lat' dir='ltr'><strong>§.os</strong></span> 
     </span>
     <span class='ocr_line' id='line_1_20' title="bbox 75 2415 1353 2511; baseline 0.002 -31"><span class='ocrx_word' id='word_1_203' title='bbox 75 2415 231 2486; x_wconf 84' lang='lat' dir='ltr'><strong>rationibus</strong></span> <span class='ocrx_word' id='word_1_204' title='bbox 251 2425 370 2486; x_wconf 86' lang='lat' dir='ltr'><strong>minimo</strong></span> <span class='ocrx_word' id='word_1_205' title='bbox 392 2426 524 2489; x_wconf 86' lang='lat' dir='ltr'><strong>omnium</strong></span> <span class='ocrx_word' id='word_1_206' title='bbox 546 2425 698 2511; x_wconf 81' lang='lat' dir='ltr'><strong>dispendio</strong></span> <span class='ocrx_word' id='word_1_207' title='bbox 722 2423 876 2503; x_wconf 78' lang='lat' dir='ltr'><strong>ruariroam</strong></span> <span class='ocrx_word' id='word_1_208' title='bbox 900 2423 1089 2486; x_wconf 83' lang='lat' dir='ltr'><strong>conficiemus</strong></span> <span class='ocrx_word' id='word_1_209' title='bbox 1111 2425 1281 2500; x_wconf 87' lang='lat' dir='ltr'><strong>pecuniam,</strong></span> <span class='ocrx_word' id='word_1_210' title='bbox 1305 2423 1353 2483; x_wconf 88' lang='lat' dir='ltr'><strong>in·</strong></span> 
     </span>
     <span class='ocr_line' id='line_1_21' title="bbox 48 2523 1353 2600; baseline 0.005 -20"><span class='ocrx_word' id='word_1_211' title='bbox 48 2533 183 2600; x_wconf 79' lang='lat' dir='ltr'><strong>egentem</strong></span> <span class='ocrx_word' id='word_1_212' title='bbox 207 2525 401 2590; x_wconf 77' lang='lat' dir='ltr'><strong>conflabimus</strong></span> <span class='ocrx_word' id='word_1_213' title='bbox 430 2527 600 2596; x_wconf 76' lang='lat' dir='ltr'><strong>exercitum.</strong></span> <span class='ocrx_word' id='word_1_214' title='bbox 624 2527 702 2590; x_wconf 69' lang='lat' dir='ltr'><strong>⁴Vos</strong></span> <span class='ocrx_word' id='word_1_215' title='bbox 730 2527 817 2588; x_wconf 89' lang='lat' dir='ltr'><strong>modo</strong></span> <span class='ocrx_word' id='word_1_216' title='bbox 846 2527 981 2596; x_wconf 85' lang='lat' dir='ltr'><strong>annuite,</strong></span> <span class='ocrx_word' id='word_1_217' title='bbox 1011 2541 1063 2584; x_wconf 83' lang='lat' dir='ltr'><strong>vos</strong></span> <span class='ocrx_word' id='word_1_218' title='bbox 1090 2523 1268 2594; x_wconf 85' lang='lat' dir='ltr'><strong>adnitimini,</strong></span> <span class='ocrx_word' id='word_1_219' title='bbox 1298 2542 1353 2586; x_wconf 89' lang='lat' dir='ltr'><strong>nec</strong></span> 
     </span>
     <span class='ocr_line' id='line_1_22' title="bbox 75 2625 1352 2708; baseline 0.001 -23"><span class='ocrx_word' id='word_1_220' title='bbox 75 2625 165 2688; x_wconf 88' lang='lat' dir='ltr'><strong>deeste</strong></span> <span class='ocrx_word' id='word_1_221' title='bbox 193 2629 240 2694; x_wconf 85' lang='lat' dir='ltr'><strong>sic</strong></span> <span class='ocrx_word' id='word_1_222' title='bbox 264 2629 389 2707; x_wconf 89' lang='lat' dir='ltr'><strong>paratis:</strong></span> <span class='ocrx_word' id='word_1_223' title='bbox 423 2631 532 2708; x_wconf 80' lang='lat' dir='ltr'><strong>quippe</strong></span> <span class='ocrx_word' id='word_1_224' title='bbox 554 2629 666 2698; x_wconf 88' lang='lat' dir='ltr'><strong>omnia,</strong></span> <span class='ocrx_word' id='word_1_225' title='bbox 696 2629 720 2690; x_wconf 90' lang='lat' dir='ltr'><strong>si</strong></span> <span class='ocrx_word' id='word_1_226' title='bbox 741 2647 791 2689; x_wconf 86' lang='lat' dir='ltr'><strong>vos</strong></span> <span class='ocrx_word' id='word_1_227' title='bbox 813 2648 877 2690; x_wconf 86' lang='lat' dir='ltr'><strong>esse</strong></span> <span class='ocrx_word' id='word_1_228' title='bbox 897 2627 1005 2697; x_wconf 82' lang='lat' dir='ltr'><strong>uelitis,</strong></span> <span class='ocrx_word' id='word_1_229' title='bbox 1038 2634 1138 2706; x_wconf 86' lang='lat' dir='ltr'><strong>parata</strong></span> <span class='ocrx_word' id='word_1_230' title='bbox 1165 2625 1251 2688; x_wconf 86' lang='lat' dir='ltr'><strong>uobis</strong></span> <span class='ocrx_word' id='word_1_231' title='bbox 1276 2633 1352 2688; x_wconf 88' lang='lat' dir='ltr'><strong>suot.</strong></span> 
     </span>
     <span class='ocr_line' id='line_1_23' title="bbox 76 2725 1437 2822; baseline 0.004 -37"><span class='ocrx_word' id='word_1_232' title='bbox 76 2725 140 2788; x_wconf 81' lang='lat' dir='ltr'><strong>llam</strong></span> <span class='ocrx_word' id='word_1_233' title='bbox 161 2730 262 2792; x_wconf 90' lang='lat' dir='ltr'><strong>minus</strong></span> <span class='ocrx_word' id='word_1_234' title='bbox 284 2729 355 2792; x_wconf 88' lang='lat' dir='ltr'><strong>nibil</strong></span> <span class='ocrx_word' id='word_1_235' title='bbox 378 2749 450 2792; x_wconf 89' lang='lat' dir='ltr'><strong>curo</strong></span> <span class='ocrx_word' id='word_1_236' title='bbox 473 2748 560 2810; x_wconf 86' lang='lat' dir='ltr'><strong>qnam</strong></span> <span class='ocrx_word' id='word_1_237' title='bbox 584 2737 653 2796; x_wconf 89' lang='lat' dir='ltr'><strong>uta</strong></span> <span class='ocrx_word' id='word_1_238' title='bbox 682 2730 884 2795; x_wconf 72' lang='lat' dir='ltr'><strong>cardinalibus</strong></span> <span class='ocrx_word' id='word_1_239' title='bbox 906 2737 1022 2809; x_wconf 86' lang='lat' dir='ltr'><strong>petatur</strong></span> <span class='ocrx_word' id='word_1_240' title='bbox 1051 2728 1160 2808; x_wconf 89' lang='lat' dir='ltr'><strong>aliquid</strong></span> <span class='ocrx_word' id='word_1_241' title='bbox 1188 2727 1245 2789; x_wconf 87' lang='lat' dir='ltr'><strong>lroe</strong></span> <span class='ocrx_word' id='word_1_242' title='bbox 1267 2735 1340 2790; x_wconf 71' lang='lat' dir='ltr'><strong>tem-</strong></span> <span class='ocrx_word' id='word_1_243' title='bbox 1353 2746 1437 2822; x_wconf 57' lang='grc' dir='ltr'><strong>ιιεπ.ἱ</strong></span> 
     </span>
     <span class='ocr_line' id='line_1_24' title="bbox 75 2829 1354 2912; baseline 0.003 -23"><span class='ocrx_word' id='word_1_244' title='bbox 75 2845 153 2904; x_wconf 90' lang='lat' dir='ltr'><strong>pore,</strong></span> <span class='ocrx_word' id='word_1_245' title='bbox 176 2831 235 2892; x_wconf 88' lang='lat' dir='ltr'><strong>boc</strong></span> <span class='ocrx_word' id='word_1_246' title='bbox 257 2831 293 2892; x_wconf 89' lang='lat' dir='ltr'><strong>ad</strong></span> <span class='ocrx_word' id='word_1_247' title='bbox 310 2829 440 2894; x_wconf 86' lang='lat' dir='ltr'><strong>bellum:</strong></span> <span class='ocrx_word' id='word_1_248' title='bbox 463 2833 533 2894; x_wconf 86' lang='lat' dir='ltr'><strong>satis</strong></span> <span class='ocrx_word' id='word_1_249' title='bbox 554 2840 625 2912; x_wconf 91' lang='lat' dir='ltr'><strong>puto</strong></span> <span class='ocrx_word' id='word_1_250' title='bbox 647 2835 671 2894; x_wconf 89' lang='lat' dir='ltr'><strong>si</strong></span> <span class='ocrx_word' id='word_1_251' title='bbox 694 2834 811 2909; x_wconf 82' lang='lat' dir='ltr'><strong>exigere</strong></span> <span class='ocrx_word' id='word_1_252' title='bbox 832 2832 880 2894; x_wconf 90' lang='lat' dir='ltr'><strong>bic</strong></span> <span class='ocrx_word' id='word_1_253' title='bbox 903 2833 958 2909; x_wconf 91' lang='lat' dir='ltr'><strong>ipsi</strong></span> <span class='ocrx_word' id='word_1_254' title='bbox 978 2837 1126 2900; x_wconf 82' lang='lat' dir='ltr'><strong>vetentur,</strong></span> <span class='ocrx_word' id='word_1_255' title='bbox 1150 2849 1185 2892; x_wconf 92' lang='lat' dir='ltr'><strong>ac</strong></span> <span class='ocrx_word' id='word_1_256' title='bbox 1199 2829 1269 2892; x_wconf 90' lang='lat' dir='ltr'><strong>illud</strong></span> <span class='ocrx_word' id='word_1_257' title='bbox 1285 2847 1354 2908; x_wconf 88' lang='lat' dir='ltr'><strong>prc-</strong></span> 
     </span>
     <span class='ocr_line' id='line_1_25' title="bbox 76 2930 1354 3014; baseline 0.004 -27"><span class='ocrx_word' id='word_1_258' title='bbox 76 2939 199 3007; x_wconf 86' lang='lat' dir='ltr'><strong>spectum</strong></span> <span class='ocrx_word' id='word_1_259' title='bbox 223 2934 248 2994; x_wconf 93' lang='lat' dir='ltr'><strong>si</strong></span> <span class='ocrx_word' id='word_1_260' title='bbox 271 2933 359 2994; x_wconf 87' lang='lat' dir='ltr'><strong>inerit</strong></span> <span class='ocrx_word' id='word_1_261' title='bbox 380 2953 435 3004; x_wconf 90' lang='lat' dir='ltr'><strong>ne,</strong></span> <span class='ocrx_word' id='word_1_262' title='bbox 458 2935 536 3014; x_wconf 78' lang='lat' dir='ltr'><strong>maed</strong></span> <span class='ocrx_word' id='word_1_263' title='bbox 560 2933 670 3006; x_wconf 87' lang='lat' dir='ltr'><strong>solent,</strong></span> <span class='ocrx_word' id='word_1_264' title='bbox 694 2934 739 2994; x_wconf 89' lang='lat' dir='ltr'><strong>bis</strong></span> <span class='ocrx_word' id='word_1_265' title='bbox 761 2934 851 2996; x_wconf 91' lang='lat' dir='ltr'><strong>rebus</strong></span> <span class='ocrx_word' id='word_1_266' title='bbox 874 2933 1114 3012; x_wconf 84' lang='lat' dir='ltr'><strong>impedimentum</strong></span> <span class='ocrx_word' id='word_1_267' title='bbox 1137 2930 1288 3000; x_wconf 85' lang='lat' dir='ltr'><strong>adieraot;</strong></span> <span class='ocrx_word' id='word_1_268' title='bbox 1315 2949 1354 2997; x_wconf 81' lang='lat' dir='ltr'><strong>ue</strong></span> 
     </span>
     <span class='ocr_line' id='line_1_26' title="bbox 49 3033 1427 3115; baseline 0.006 -25"><span class='ocrx_word' id='word_1_269' title='bbox 49 3047 68 3086; x_wconf 82' lang='lat' dir='ltr'><strong>n</strong></span> <span class='ocrx_word' id='word_1_270' title='bbox 77 3034 210 3110; x_wconf 85' lang='lat' dir='ltr'><strong>expeditis</strong></span> <span class='ocrx_word' id='word_1_271' title='bbox 233 3033 319 3096; x_wconf 91' lang='lat' dir='ltr'><strong>nobis</strong></span> <span class='ocrx_word' id='word_1_272' title='bbox 341 3035 395 3114; x_wconf 88' lang='lat' dir='ltr'><strong>ipsi</strong></span> <span class='ocrx_word' id='word_1_273' title='bbox 416 3035 534 3106; x_wconf 68' lang='lat' dir='ltr'><strong>bic„ut</strong></span> <span class='ocrx_word' id='word_1_274' title='bbox 556 3054 633 3115; x_wconf 85' lang='lat' dir='ltr'><strong>saepe</strong></span> <span class='ocrx_word' id='word_1_275' title='bbox 655 3038 756 3115; x_wconf 90' lang='lat' dir='ltr'><strong>prius,</strong></span> <span class='ocrx_word' id='word_1_276' title='bbox 780 3035 887 3098; x_wconf 90' lang='lat' dir='ltr'><strong>bellum</strong></span> <span class='ocrx_word' id='word_1_277' title='bbox 910 3036 1052 3104; x_wconf 86' lang='lat' dir='ltr'><strong>excitent,</strong></span> <span class='ocrx_word' id='word_1_278' title='bbox 1081 3033 1244 3094; x_wconf 78' lang='lat' dir='ltr'><strong>dtseoraias</strong></span> <span class='ocrx_word' id='word_1_279' title='bbox 1265 3034 1353 3097; x_wconf 83' lang='lat' dir='ltr'><strong>sami·</strong></span> <span class='ocrx_word' id='word_1_280' title='bbox 1419 3089 1427 3098; x_wconf 95' lang='lat'>.</span> 
     </span>
     <span class='ocr_line' id='line_1_27' title="bbox 76 3135 1353 3218; baseline 0.002 -26"><span class='ocrx_word' id='word_1_281' title='bbox 76 3141 138 3202; x_wconf 88' lang='lat' dir='ltr'><strong>nent</strong></span> <span class='ocrx_word' id='word_1_282' title='bbox 158 3142 189 3196; x_wconf 91' lang='lat' dir='ltr'><strong>et</strong></span> <span class='ocrx_word' id='word_1_283' title='bbox 210 3155 228 3198; x_wconf 95' lang='lat' dir='ltr'><strong>a</strong></span> <span class='ocrx_word' id='word_1_284' title='bbox 251 3138 359 3198; x_wconf 77' lang='lat' dir='ltr'><strong>satietis</strong></span> <span class='ocrx_word' id='word_1_285' title='bbox 381 3139 499 3217; x_wconf 78' lang='lat' dir='ltr'><strong>emptis,</strong></span> <span class='ocrx_word' id='word_1_286' title='bbox 530 3137 730 3218; x_wconf 87' lang='lat' dir='ltr'><strong>pulcherrimo</strong></span> <span class='ocrx_word' id='word_1_287' title='bbox 751 3139 883 3198; x_wconf 90' lang='lat' dir='ltr'><strong>instituto</strong></span> <span class='ocrx_word' id='word_1_288' title='bbox 906 3155 960 3198; x_wconf 90' lang='lat' dir='ltr'><strong>nos</strong></span> <span class='ocrx_word' id='word_1_289' title='bbox 981 3136 1149 3204; x_wconf 81' lang='lat' dir='ltr'><strong>retralunt;</strong></span> <span class='ocrx_word' id='word_1_290' title='bbox 1180 3152 1218 3196; x_wconf 90' lang='lat' dir='ltr'><strong>ne</strong></span> <span class='ocrx_word' id='word_1_291' title='bbox 1246 3135 1353 3197; x_wconf 85' lang='lat' dir='ltr'><strong>invidia</strong></span> 
     </span>
     <span class='ocr_line' id='line_1_28' title="bbox 77 3237 1353 3322; baseline 0.002 -28"><span class='ocrx_word' id='word_1_292' title='bbox 77 3239 203 3314; x_wconf 84' lang='lat' dir='ltr'><strong>potentiae</strong></span> <span class='ocrx_word' id='word_1_293' title='bbox 227 3244 335 3299; x_wconf 78' lang='lat' dir='ltr'><strong>nosuao</strong></span> <span class='ocrx_word' id='word_1_294' title='bbox 355 3240 542 3322; x_wconf 66' lang='lat' dir='ltr'><strong>inimieorum</strong></span> <span class='ocrx_word' id='word_1_295' title='bbox 565 3239 683 3302; x_wconf 83' lang='lat' dir='ltr'><strong>obstent</strong></span> <span class='ocrx_word' id='word_1_296' title='bbox 704 3240 834 3308; x_wconf 81' lang='lat' dir='ltr'><strong>excidio;</strong></span> <span class='ocrx_word' id='word_1_297' title='bbox 856 3257 894 3300; x_wconf 89' lang='lat' dir='ltr'><strong>oo</strong></span> <span class='ocrx_word' id='word_1_298' title='bbox 916 3239 986 3300; x_wconf 90' lang='lat' dir='ltr'><strong>dum</strong></span> <span class='ocrx_word' id='word_1_299' title='bbox 1009 3245 1147 3300; x_wconf 80' lang='lat' dir='ltr'><strong>verentur</strong></span> <span class='ocrx_word' id='word_1_300' title='bbox 1170 3237 1277 3316; x_wconf 87' lang='lat' dir='ltr'><strong>nequid</strong></span> <span class='ocrx_word' id='word_1_301' title='bbox 1300 3255 1353 3296; x_wconf 88' lang='lat' dir='ltr'><strong>no·</strong></span> 
     </span>
     <span class='ocr_line' id='line_1_29' title="bbox 76 3335 1420 3420; baseline 0.006 -24"><span class='ocrx_word' id='word_1_302' title='bbox 76 3335 115 3396; x_wconf 89' lang='lat' dir='ltr'><strong>bis</strong></span> <span class='ocrx_word' id='word_1_303' title='bbox 134 3339 270 3411; x_wconf 78' lang='lat' dir='ltr'><strong>accedat,</strong></span> <span class='ocrx_word' id='word_1_304' title='bbox 294 3339 462 3404; x_wconf 79' lang='lat' dir='ltr'><strong>rel&#39;l&#39;urcas</strong></span> <span class='ocrx_word' id='word_1_305' title='bbox 483 3357 609 3420; x_wconf 82' lang='lat' dir='ltr'><strong>regnare</strong></span> <span class='ocrx_word' id='word_1_306' title='bbox 631 3339 741 3404; x_wconf 87' lang='lat' dir='ltr'><strong>malint.</strong></span> <span class='ocrx_word' id='word_1_307' title='bbox 779 3339 844 3402; x_wconf 90' lang='lat' dir='ltr'><strong>Non</strong></span> <span class='ocrx_word' id='word_1_308' title='bbox 867 3348 977 3402; x_wconf 86' lang='lat' dir='ltr'><strong>temere</strong></span> <span class='ocrx_word' id='word_1_309' title='bbox 992 3341 1045 3405; x_wconf 89' lang='lat' dir='ltr'><strong>ista</strong></span> <span class='ocrx_word' id='word_1_310' title='bbox 1062 3357 1186 3407; x_wconf 70' lang='lat' dir='ltr'><strong>monem</strong></span> <span class='ocrx_word' id='word_1_311' title='bbox 1209 3338 1278 3398; x_wconf 90' lang='lat' dir='ltr'><strong>dum</strong></span> <span class='ocrx_word' id='word_1_312' title='bbox 1294 3356 1420 3407; x_wconf 52' lang='lat' dir='ltr'><strong>requos</strong></span> 
     </span>
     <span class='ocr_line' id='line_1_30' title="bbox 77 3440 1354 3522; baseline -0.003 -22"><span class='ocrx_word' id='word_1_313' title='bbox 77 3444 131 3500; x_wconf 89' lang='lat' dir='ltr'><strong>tera</strong></span> <span class='ocrx_word' id='word_1_314' title='bbox 152 3449 259 3520; x_wconf 89' lang='lat' dir='ltr'><strong>reputo</strong></span> <span class='ocrx_word' id='word_1_315' title='bbox 282 3443 375 3512; x_wconf 89' lang='lat' dir='ltr'><strong>enim,</strong></span> <span class='ocrx_word' id='word_1_316' title='bbox 397 3445 586 3522; x_wconf 63' lang='lat' dir='ltr'><strong>presentium</strong></span> <span class='ocrx_word' id='word_1_317' title='bbox 608 3441 834 3507; x_wconf 87' lang='lat' dir='ltr'><strong>sollicitudinem</strong></span> <span class='ocrx_word' id='word_1_318' title='bbox 858 3443 957 3520; x_wconf 89' lang='lat' dir='ltr'><strong>capio,</strong></span> <span class='ocrx_word' id='word_1_319' title='bbox 980 3459 1035 3502; x_wconf 90' lang='lat' dir='ltr'><strong>neo</strong></span> <span class='ocrx_word' id='word_1_320' title='bbox 1058 3457 1109 3500; x_wconf 85' lang='lat' dir='ltr'><strong>vos</strong></span> <span class='ocrx_word' id='word_1_321' title='bbox 1130 3440 1267 3518; x_wconf 86' lang='lat' dir='ltr'><strong>ignorare</strong></span> <span class='ocrx_word' id='word_1_322' title='bbox 1283 3445 1354 3516; x_wconf 92' lang='lat' dir='ltr'><strong>puto</strong></span> 
     </span>
     <span class='ocr_line' id='line_1_31' title="bbox 53 3539 1355 3626; baseline 0 -26"><span class='ocrx_word' id='word_1_323' title='bbox 53 3539 176 3618; x_wconf 76' lang='lat' dir='ltr'><strong>¹uepribus</strong></span> <span class='ocrx_word' id='word_1_324' title='bbox 198 3543 356 3622; x_wconf 88' lang='lat' dir='ltr'><strong>aliquando</strong></span> <span class='ocrx_word' id='word_1_325' title='bbox 379 3543 600 3626; x_wconf 86' lang='lat' dir='ltr'><strong>consiliisquas</strong></span> <span class='ocrx_word' id='word_1_326' title='bbox 621 3544 723 3608; x_wconf 85' lang='lat' dir='ltr'><strong>turbas</strong></span> <span class='ocrx_word' id='word_1_327' title='bbox 744 3543 870 3606; x_wconf 85' lang='lat' dir='ltr'><strong>Romani</strong></span> <span class='ocrx_word' id='word_1_328' title='bbox 884 3543 930 3602; x_wconf 91' lang='lat' dir='ltr'><strong>isti</strong></span> <span class='ocrx_word' id='word_1_329' title='bbox 945 3542 1096 3604; x_wconf 70' lang='lat' dir='ltr'><strong>dederintt</strong></span> <span class='ocrx_word' id='word_1_330' title='bbox 1117 3541 1158 3604; x_wconf 88' lang='lat' dir='ltr'><strong>sic</strong></span> <span class='ocrx_word' id='word_1_331' title='bbox 1173 3539 1355 3602; x_wconf 86' lang='lat' dir='ltr'><strong>Honrichum</strong></span> 
     </span>
     <span class='ocr_line' id='line_1_32' title="bbox 78 3638 1452 3728; baseline -0.008 -18"><span class='ocrx_word' id='word_1_332' title='bbox 78 3651 205 3720; x_wconf 76' lang='lat' dir='ltr'><strong>quadum</strong></span> <span class='ocrx_word' id='word_1_333' title='bbox 227 3645 403 3728; x_wconf 80' lang='lat' dir='ltr'><strong>Gregorius,</strong></span> <span class='ocrx_word' id='word_1_334' title='bbox 426 3648 581 3727; x_wconf 65' lang='lat' dir='ltr'><strong>stetimque</strong></span> <span class='ocrx_word' id='word_1_335' title='bbox 604 3648 665 3710; x_wconf 88' lang='lat' dir='ltr'><strong>eius</strong></span> <span class='ocrx_word' id='word_1_336' title='bbox 687 3646 813 3728; x_wconf 82' lang='lat' dir='ltr'><strong>nominis</strong></span> <span class='ocrx_word' id='word_1_337' title='bbox 835 3645 969 3726; x_wconf 89' lang='lat' dir='ltr'><strong>quintum</strong></span> <span class='ocrx_word' id='word_1_338' title='bbox 984 3640 1145 3711; x_wconf 87' lang='lat' dir='ltr'><strong>Paschalis,</strong></span> <span class='ocrx_word' id='word_1_339' title='bbox 1168 3639 1238 3702; x_wconf 92' lang='lat' dir='ltr'><strong>dom</strong></span> <span class='ocrx_word' id='word_1_340' title='bbox 1255 3638 1354 3702; x_wconf 88' lang='lat' dir='ltr'><strong>italico</strong></span> <span class='ocrx_word' id='word_1_341' title='bbox 1448 3684 1452 3692; x_wconf 71' lang='grc'><em>,</em></span> 
     </span>
     <span class='ocr_line' id='line_1_33' title="bbox 78 3727 1356 3818; baseline -0.001 -16"><span class='ocrx_word' id='word_1_342' title='bbox 78 3753 207 3809; x_wconf 82' lang='lat' dir='ltr'><strong>exercent</strong></span> <span class='ocrx_word' id='word_1_343' title='bbox 234 3743 332 3817; x_wconf 88' lang='lat' dir='ltr'><strong>bello,</strong></span> <span class='ocrx_word' id='word_1_344' title='bbox 361 3746 398 3810; x_wconf 92' lang='lat' dir='ltr'><strong>ab</strong></span> <span class='ocrx_word' id='word_1_345' title='bbox 421 3749 546 3812; x_wconf 80' lang='lat' dir='ltr'><strong>Asiatico</strong></span> <span class='ocrx_word' id='word_1_346' title='bbox 578 3751 721 3818; x_wconf 89' lang='lat' dir='ltr'><strong>retinent;</strong></span> <span class='ocrx_word' id='word_1_347' title='bbox 756 3727 873 3808; x_wconf 74' lang='lat' dir='ltr'><strong>eodem¹</strong></span> <span class='ocrx_word' id='word_1_348' title='bbox 888 3745 984 3806; x_wconf 89' lang='lat' dir='ltr'><strong>studio</strong></span> <span class='ocrx_word' id='word_1_349' title='bbox 1006 3740 1214 3806; x_wconf 77' lang='lat' dir='ltr'><strong>Aenobarbum</strong></span> <span class='ocrx_word' id='word_1_350' title='bbox 1243 3733 1356 3803; x_wconf 69' lang='lat' dir='ltr'><strong>cesavit</strong></span> 
     </span>
     <span class='ocr_line' id='line_1_34' title="bbox 78 3842 1351 3928; baseline -0.002 -24"><span class='ocrx_word' id='word_1_351' title='bbox 78 3843 249 3918; x_wconf 75' lang='lat' dir='ltr'><strong>Alexander:</strong></span> <span class='ocrx_word' id='word_1_352' title='bbox 273 3856 303 3910; x_wconf 89' lang='lat' dir='ltr'><strong>et</strong></span> <span class='ocrx_word' id='word_1_353' title='bbox 317 3849 522 3912; x_wconf 88' lang='lat' dir='ltr'><strong>Friderichum</strong></span> <span class='ocrx_word' id='word_1_354' title='bbox 544 3851 706 3912; x_wconf 88' lang='lat' dir='ltr'><strong>secundum</strong></span> <span class='ocrx_word' id='word_1_355' title='bbox 729 3848 862 3928; x_wconf 72' lang='lat' dir='ltr'><strong>pessimis</strong></span> <span class='ocrx_word' id='word_1_356' title='bbox 877 3845 1035 3908; x_wconf 78' lang='lat' dir='ltr'><strong>obnoxium</strong></span> <span class='ocrx_word' id='word_1_357' title='bbox 1051 3842 1237 3924; x_wconf 82' lang='lat' dir='ltr'><strong>pontificibus</strong></span> <span class='ocrx_word' id='word_1_358' title='bbox 1252 3842 1351 3904; x_wconf 86' lang='lat' dir='ltr'><strong>Hono·</strong></span> 
     </span>
     <span class='ocr_line' id='line_1_35' title="bbox 79 3945 1352 4028; baseline 0.001 -22"><span class='ocrx_word' id='word_1_359' title='bbox 79 3949 147 4018; x_wconf 88' lang='lat' dir='ltr'><strong>rins,</strong></span> <span class='ocrx_word' id='word_1_360' title='bbox 169 3951 332 4028; x_wconf 74' lang='lat' dir='ltr'><strong>Gregorius</strong></span> <span class='ocrx_word' id='word_1_361' title='bbox 355 3951 452 4012; x_wconf 92' lang='lat' dir='ltr'><strong>et·ille</strong></span> <span class='ocrx_word' id='word_1_362' title='bbox 474 3970 586 4014; x_wconf 86' lang='lat' dir='ltr'><strong>nocens</strong></span> <span class='ocrx_word' id='word_1_363' title='bbox 606 3952 795 4016; x_wconf 88' lang='lat' dir='ltr'><strong>innocentius</strong></span> <span class='ocrx_word' id='word_1_364' title='bbox 816 3949 866 4010; x_wconf 88' lang='lat' dir='ltr'><strong>din</strong></span> <span class='ocrx_word' id='word_1_365' title='bbox 887 3950 1015 4027; x_wconf 88' lang='lat' dir='ltr'><strong>primum</strong></span> <span class='ocrx_word' id='word_1_366' title='bbox 1036 3945 1168 4008; x_wconf 85' lang='lat' dir='ltr'><strong>initalia</strong></span> <span class='ocrx_word' id='word_1_367' title='bbox 1190 3952 1352 4015; x_wconf 86' lang='lat' dir='ltr'><strong>morantur,</strong></span> 
     </span>
     <span class='ocr_line' id='line_1_36' title="bbox 54 4046 1356 4132; baseline -0.001 -24"><span class='ocrx_word' id='word_1_368' title='bbox 54 4047 174 4112; x_wconf 74' lang='lat' dir='ltr'><strong>stende</strong></span> <span class='ocrx_word' id='word_1_369' title='bbox 196 4051 235 4114; x_wconf 90' lang='lat' dir='ltr'><strong>ab</strong></span> <span class='ocrx_word' id='word_1_370' title='bbox 257 4053 321 4130; x_wconf 87' lang='lat' dir='ltr'><strong>ipsa</strong></span> <span class='ocrx_word' id='word_1_371' title='bbox 344 4054 448 4125; x_wconf 90' lang='lat' dir='ltr'><strong>etiam,</strong></span> <span class='ocrx_word' id='word_1_372' title='bbox 477 4071 564 4132; x_wconf 84' lang='lat' dir='ltr'><strong>quam</strong></span> <span class='ocrx_word' id='word_1_373' title='bbox 586 4055 703 4132; x_wconf 86' lang='lat' dir='ltr'><strong>optirnae</strong></span> <span class='ocrx_word' id='word_1_374' title='bbox 725 4054 788 4130; x_wconf 90' lang='lat' dir='ltr'><strong>spei</strong></span> <span class='ocrx_word' id='word_1_375' title='bbox 816 4050 933 4132; x_wconf 90' lang='lat' dir='ltr'><strong>plenam</strong></span> <span class='ocrx_word' id='word_1_376' title='bbox 962 4056 1141 4127; x_wconf 88' lang='lat' dir='ltr'><strong>sumpserat,</strong></span> <span class='ocrx_word' id='word_1_377' title='bbox 1171 4046 1356 4126; x_wconf 82' lang='lat' dir='ltr'><strong>expeditibne</strong></span> 
     </span>
    </p>
   </div>
   <div class='ocr_carea' id='block_1_3' title="bbox 79 4233 1355 4806">
    <p class='ocr_par' dir='ltr' id='par_1_3' title="bbox 79 4233 1355 4806">
     <span class='ocr_line' id='line_1_37' title="bbox 138 4233 1354 4308; baseline -0.005 -18"><span class='ocrx_word' id='word_1_378' title='bbox 138 4237 144 4270; x_wconf 89' lang='lat'><strong>¹</strong></span> <span class='ocrx_word' id='word_1_379' title='bbox 163 4237 341 4308; x_wconf 85' lang='lat' dir='ltr'><strong>vocabulum]</strong></span> <span class='ocrx_word' id='word_1_380' title='bbox 360 4242 430 4290; x_wconf 83' lang='lat' dir='ltr'><strong>euius</strong></span> <span class='ocrx_word' id='word_1_381' title='bbox 441 4237 719 4306; x_wconf 70' lang='lat' dir='ltr'><strong>etymolopimobreseirr&#39;</strong></span> <span class='ocrx_word' id='word_1_382' title='bbox 728 4239 802 4294; x_wconf 71' lang='lat' dir='ltr'><strong>lindie</strong></span> <span class='ocrx_word' id='word_1_383' title='bbox 813 4238 911 4292; x_wconf 82' lang='lat' dir='ltr'><strong>ecimus.</strong></span> <span class='ocrx_word' id='word_1_384' title='bbox 946 4233 957 4268; x_wconf 84' lang='lat'><strong>¹</strong></span> <span class='ocrx_word' id='word_1_385' title='bbox 974 4233 1196 4300; x_wconf 80' lang='lat' dir='ltr'><strong>Ethymologiom</strong></span> <span class='ocrx_word' id='word_1_386' title='bbox 1209 4235 1264 4284; x_wconf 83' lang='lat'><em>1.2.</em></span> <span class='ocrx_word' id='word_1_387' title='bbox 1285 4233 1354 4284; x_wconf 86' lang='lat' dir='ltr'><strong>elbi-</strong></span> 
     </span>
     <span class='ocr_line' id='line_1_38' title="bbox 81 4313 1354 4388; baseline 0 -20"><span class='ocrx_word' id='word_1_388' title='bbox 81 4321 216 4388; x_wconf 76' lang='lat' dir='ltr'><strong>mnleginm</strong></span> <span class='ocrx_word' id='word_1_389' title='bbox 232 4328 256 4374; x_wconf 80' lang='grc'><strong>4.</strong></span> <span class='ocrx_word' id='word_1_390' title='bbox 281 4323 355 4386; x_wconf 82' lang='lat' dir='ltr'><strong>(rutro</strong></span> <span class='ocrx_word' id='word_1_391' title='bbox 372 4325 532 4388; x_wconf 71' lang='lat' dir='ltr'><strong>etymologia)</strong></span> <span class='ocrx_word' id='word_1_392' title='bbox 568 4323 705 4374; x_wconf 83' lang='lat' dir='ltr'><strong>ideomoto</strong></span> <span class='ocrx_word' id='word_1_393' title='bbox 722 4323 779 4386; x_wconf 83' lang='lat' dir='ltr'><strong>(nec</strong></span> <span class='ocrx_word' id='word_1_394' title='bbox 796 4337 858 4371; x_wconf 79' lang='lat' dir='ltr'><strong>roro</strong></span> <span class='ocrx_word' id='word_1_395' title='bbox 876 4318 1032 4384; x_wconf 79' lang='lat' dir='ltr'><strong>ydeomsle)</strong></span> <span class='ocrx_word' id='word_1_396' title='bbox 1051 4325 1099 4368; x_wconf 86' lang='lat' dir='ltr'><strong>tum</strong></span> <span class='ocrx_word' id='word_1_397' title='bbox 1116 4313 1260 4368; x_wconf 77' lang='lat' dir='ltr'><strong>scribebant</strong></span> <span class='ocrx_word' id='word_1_398' title='bbox 1276 4321 1354 4368; x_wconf 82' lang='lat' dir='ltr'><strong>multi.</strong></span> 
     </span>
     <span class='ocr_line' id='line_1_39' title="bbox 79 4402 1354 4478; baseline -0.005 -19"><span class='ocrx_word' id='word_1_399' title='bbox 79 4403 169 4458; x_wconf 81' lang='lat' dir='ltr'><strong>&#39;enim</strong></span> <span class='ocrx_word' id='word_1_400' title='bbox 186 4411 248 4460; x_wconf 79' lang='lat' dir='ltr'><strong>add.</strong></span> <span class='ocrx_word' id='word_1_401' title='bbox 262 4413 291 4459; x_wconf 77' lang='grc' dir='ltr'><strong>Η.</strong></span> <span class='ocrx_word' id='word_1_402' title='bbox 327 4409 338 4442; x_wconf 83' lang='grc'>’</span> <span class='ocrx_word' id='word_1_403' title='bbox 355 4405 481 4478; x_wconf 81' lang='lat' dir='ltr'><strong>reliquis]</strong></span> <span class='ocrx_word' id='word_1_404' title='bbox 501 4405 529 4458; x_wconf 88' lang='lat' dir='ltr'><strong>in</strong></span> <span class='ocrx_word' id='word_1_405' title='bbox 547 4408 696 4475; x_wconf 82' lang='lat' dir='ltr'><strong>pontificiis</strong></span> <span class='ocrx_word' id='word_1_406' title='bbox 709 4403 845 4472; x_wconf 82' lang='lat' dir='ltr'><strong>Capitulis</strong></span> <span class='ocrx_word' id='word_1_407' title='bbox 862 4405 1017 4470; x_wconf 88' lang='lat' dir='ltr'><strong>propositos</strong></span> <span class='ocrx_word' id='word_1_408' title='bbox 1028 4403 1205 4468; x_wconf 81' lang='lat' dir='ltr'><strong>pecuniarum</strong></span> <span class='ocrx_word' id='word_1_409' title='bbox 1218 4402 1354 4466; x_wconf 75' lang='lat' dir='ltr'><strong>cogenda-</strong></span> 
     </span>
     <span class='ocr_line' id='line_1_40' title="bbox 80 4485 1355 4558; baseline -0.005 -16"><span class='ocrx_word' id='word_1_410' title='bbox 80 4494 313 4546; x_wconf 85' lang='lat' dir='ltr'><strong>rumnrodosvnlt.</strong></span> <span class='ocrx_word' id='word_1_411' title='bbox 348 4500 453 4547; x_wconf 84' lang='lat' dir='ltr'><strong>sumtus</strong></span> <span class='ocrx_word' id='word_1_412' title='bbox 466 4498 490 4544; x_wconf 80' lang='grc'><strong>4.</strong></span> <span class='ocrx_word' id='word_1_413' title='bbox 527 4493 549 4526; x_wconf 87' lang='lat'><strong>¹⁰</strong></span> <span class='ocrx_word' id='word_1_414' title='bbox 562 4495 603 4558; x_wconf 78' lang='lat' dir='ltr'><strong>Os.</strong></span> <span class='ocrx_word' id='word_1_415' title='bbox 614 4495 684 4558; x_wconf 80' lang='lat' dir='ltr'><strong>infra</strong></span> <span class='ocrx_word' id='word_1_416' title='bbox 695 4493 797 4542; x_wconf 82' lang='lat' dir='ltr'><strong>additor</strong></span> <span class='ocrx_word' id='word_1_417' title='bbox 814 4491 857 4540; x_wconf 87' lang='lat' dir='ltr'><strong>De</strong></span> <span class='ocrx_word' id='word_1_418' title='bbox 870 4489 984 4540; x_wconf 86' lang='lat' dir='ltr'><strong>decimis</strong></span> <span class='ocrx_word' id='word_1_419' title='bbox 996 4487 1101 4538; x_wconf 81' lang='lat' dir='ltr'><strong>libellos.</strong></span> <span class='ocrx_word' id='word_1_420' title='bbox 1139 4485 1355 4536; x_wconf 80' lang='lat' dir='ltr'><strong>¹⁸liet1.2.liat</strong></span> 
     </span>
     <span class='ocr_line' id='line_1_41' title="bbox 80 4570 1353 4638; baseline -0.011 -7"><span class='ocrx_word' id='word_1_421' title='bbox 80 4586 180 4631; x_wconf 64' lang='lat' dir='ltr'><strong>wrrdl.</strong></span> <span class='ocrx_word' id='word_1_422' title='bbox 225 4579 245 4614; x_wconf 75' lang='lat'><strong>¹¹</strong></span> <span class='ocrx_word' id='word_1_423' title='bbox 258 4581 393 4632; x_wconf 82' lang='lat' dir='ltr'><strong>&#39;l&#39;ribueut</strong></span> <span class='ocrx_word' id='word_1_424' title='bbox 411 4583 468 4630; x_wconf 80' lang='lat'><strong><em>·1.2.</em></strong></span> <span class='ocrx_word' id='word_1_425' title='bbox 487 4579 623 4630; x_wconf 83' lang='lat' dir='ltr'><strong>Tribusnt</strong></span> <span class='ocrx_word' id='word_1_426' title='bbox 634 4594 702 4630; x_wconf 74' lang='lat' dir='ltr'><strong>corr.</strong></span> <span class='ocrx_word' id='word_1_427' title='bbox 715 4580 745 4625; x_wconf 78' lang='lat'><strong>11.</strong></span> <span class='ocrx_word' id='word_1_428' title='bbox 785 4573 934 4638; x_wconf 86' lang='lat' dir='ltr'><strong>imperetur</strong></span> <span class='ocrx_word' id='word_1_429' title='bbox 944 4589 1014 4624; x_wconf 79' lang='lat' dir='ltr'><strong>corr.</strong></span> <span class='ocrx_word' id='word_1_430' title='bbox 1027 4576 1057 4626; x_wconf 74' lang='lat' dir='ltr'><strong>B.</strong></span> <span class='ocrx_word' id='word_1_431' title='bbox 1098 4570 1119 4604; x_wconf 79' lang='lat'><strong>¹⁰</strong></span> <span class='ocrx_word' id='word_1_432' title='bbox 1137 4577 1353 4636; x_wconf 80' lang='lat' dir='ltr'><strong>quopostpeeu·</strong></span> 
     </span>
     <span class='ocr_line' id='line_1_42' title="bbox 81 4651 1354 4728; baseline -0.009 -14"><span class='ocrx_word' id='word_1_433' title='bbox 81 4665 147 4716; x_wconf 73' lang='lat' dir='ltr'><strong>niem</strong></span> <span class='ocrx_word' id='word_1_434' title='bbox 158 4669 255 4726; x_wconf 67' lang='lat' dir='ltr'><strong>addit</strong></span> <span class='ocrx_word' id='word_1_435' title='bbox 285 4665 307 4700; x_wconf 77' lang='lat'><strong>²⁰</strong></span> <span class='ocrx_word' id='word_1_436' title='bbox 319 4665 398 4716; x_wconf 86' lang='lat' dir='ltr'><strong>cond.</strong></span> <span class='ocrx_word' id='word_1_437' title='bbox 407 4667 462 4716; x_wconf 83' lang='grc'><strong><em>1.2.</em></strong></span> <span class='ocrx_word' id='word_1_438' title='bbox 470 4664 688 4728; x_wconf 71' lang='lat' dir='ltr'><strong>compos-obimus</strong></span> <span class='ocrx_word' id='word_1_439' title='bbox 698 4675 765 4712; x_wconf 78' lang='lat' dir='ltr'><strong>corr.</strong></span> <span class='ocrx_word' id='word_1_440' title='bbox 773 4665 802 4711; x_wconf 79' lang='lat'><strong>11.</strong></span> <span class='ocrx_word' id='word_1_441' title='bbox 832 4656 854 4690; x_wconf 74' lang='lat'><strong>²²</strong></span> <span class='ocrx_word' id='word_1_442' title='bbox 866 4658 1033 4709; x_wconf 76' lang='lat' dir='ltr'><strong>Loeumllem</strong></span> <span class='ocrx_word' id='word_1_443' title='bbox 1043 4658 1132 4708; x_wconf 85' lang='lat' dir='ltr'><strong>miuus</strong></span> <span class='ocrx_word' id='word_1_444' title='bbox 1140 4671 1218 4721; x_wconf 82' lang='lat' dir='ltr'><strong>usque</strong></span> <span class='ocrx_word' id='word_1_445' title='bbox 1227 4651 1354 4714; x_wconf 67' lang='lat' dir='ltr'><strong>anglor.</strong></span> 
     </span>
     <span class='ocr_line' id='line_1_43' title="bbox 80 4736 1353 4806; baseline -0.014 -5"><span class='ocrx_word' id='word_1_446' title='bbox 80 4749 246 4804; x_wconf 67' lang='lat' dir='ltr'><strong>cumrerum</strong></span> <span class='ocrx_word' id='word_1_447' title='bbox 258 4748 403 4802; x_wconf 70' lang='lat' dir='ltr'><strong>discordiae</strong></span> <span class='ocrx_word' id='word_1_448' title='bbox 415 4749 496 4800; x_wconf 80' lang='lat' dir='ltr'><strong>curisti</strong></span> <span class='ocrx_word' id='word_1_449' title='bbox 510 4750 533 4800; x_wconf 87' lang='lat'><strong>1.</strong></span> <span class='ocrx_word' id='word_1_450' title='bbox 567 4745 588 4780; x_wconf 81' lang='lat'><strong>¹⁴</strong></span> <span class='ocrx_word' id='word_1_451' title='bbox 603 4745 728 4798; x_wconf 80' lang='lat' dir='ltr'><strong>atterent</strong></span> <span class='ocrx_word' id='word_1_452' title='bbox 740 4747 766 4794; x_wconf 82' lang='lat'><strong>2.</strong></span> <span class='ocrx_word' id='word_1_453' title='bbox 778 4744 827 4794; x_wconf 81' lang='lat' dir='ltr'><strong>sed</strong></span> <span class='ocrx_word' id='word_1_454' title='bbox 837 4743 956 4805; x_wconf 64' lang='lat' dir='ltr'><strong>coreis.</strong></span> <span class='ocrx_word' id='word_1_455' title='bbox 991 4739 1013 4773; x_wconf 79' lang='lat'><strong>²⁹</strong></span> <span class='ocrx_word' id='word_1_456' title='bbox 1026 4744 1121 4806; x_wconf 86' lang='lat' dir='ltr'><strong>repeto</strong></span> <span class='ocrx_word' id='word_1_457' title='bbox 1134 4743 1158 4790; x_wconf 84' lang='lat'><strong>2.</strong></span> <span class='ocrx_word' id='word_1_458' title='bbox 1171 4739 1218 4788; x_wconf 88' lang='lat' dir='ltr'><strong>sed</strong></span> <span class='ocrx_word' id='word_1_459' title='bbox 1228 4752 1297 4786; x_wconf 66' lang='lat' dir='ltr'><strong>curat</strong></span> <span class='ocrx_word' id='word_1_460' title='bbox 1309 4736 1353 4799; x_wconf 72' lang='lat' dir='ltr'><strong>bs.</strong></span> 
     </span>
    </p>
   </div>
   <div class='ocr_carea' id='block_1_4' title="bbox 1082 4821 1129 4884">
    <p class='ocr_par' dir='ltr' id='par_1_4' title="bbox 1082 4821 1129 4884">
     <span class='ocr_line' id='line_1_44' title="bbox 1082 4821 1129 4884; baseline 0 -26"><span class='ocrx_word' id='word_1_461' title='bbox 1082 4821 1129 4884; x_wconf 63' lang='lat'><strong>9*</strong></span> 
     </span>
    </p>
   </div>
   <div class='ocr_carea' id='block_1_5' title="bbox 0 0 1710 5524">
    <p class='ocr_par' dir='ltr' id='par_1_5' title="bbox 0 0 1710 5524">
     <span class='ocr_line' id='line_1_45' title="bbox 0 0 1710 5524; baseline 0 5"><span class='ocrx_word' id='word_1_462' title='bbox 0 0 1710 5524; x_wconf 95' lang='lat' dir='ltr'><strong> </strong></span> 
     </span>
    </p>
   </div>
  </div>
 </body>
</html>
