3464 5526
261 423 384 464 lffl'l'ffl
402 423 432 460 11
451 423 596 462 vultuum
614 425 890 462 ῊΕΤΙΝΡΙΒΕΕΜΙΙ
908 425 1011 462 ORATIO
1030 427 1050 462 t.
1069 427 1136 464 ΜΤ.
1149 427 1176 464 Δ.
1190 423 1249 464 lbi-5·
1351 402 1394 472 21

114 577 240 640 consilio
263 597 279 638 a
302 578 384 642 robis
403 579 621 668 exterminanda
645 581 690 642 sit.
735 597 800 658 quae
825 581 848 640 si
871 581 967 658 vigeat
989 589 1018 642 et
1039 584 1067 642 in
1089 583 1147 645 boe
1169 585 1293 664 imperio
1315 604 1397 665 gras·

110 687 207 749 setur,
239 679 341 740 docuit
361 680 423 758 ipse
446 698 534 757 quam
556 698 615 742 non
637 688 697 742 tuta
720 685 814 742 omnis
837 684 933 744 lutura
962 684 1125 746 innocentia
1158 687 1202 746 sit,
1246 689 1297 748 Vix
1326 688 1398 749 ulte-

111 783 172 842 rius
186 781 298 861 aliquid
316 801 363 844 ure
386 801 618 844 commemorare
637 784 705 844 sinit
720 803 803 846 meus
820 783 919 856 dolor,
945 787 1067 846 istorum
1085 785 1196 858 luctus,
1219 781 1312 850 restra
1332 807 1398 868 per·

111 882 190 944 culsa
212 883 340 948 auditio:
362 885 482 944 forsitan
503 883 562 944 hoc
584 887 667 964 quasi
691 887 719 946 in
745 891 916 948 transcursu
937 887 1093 957 addidero,
1116 890 1159 950 sic
1177 891 1259 960 vixit,
1283 897 1315 951 ut
1336 893 1399 952 eius

89 987 164 1045 avita
189 984 229 1046 ab
251 986 365 1066 iniuriis
387 987 516 1047 omnium
540 985 646 1047 tuenda
671 986 832 1058 videretur,
862 1007 1009 1068 quemque
1030 1008 1089 1050 non
1111 990 1198 1051 modo
1220 991 1396 1052 ineolumem

111 1105 175 1148 esse
204 1088 386 1164 oportuerit,
415 1105 516 1148 rerum
544 1089 630 1150 etiam
656 1087 818 1150 honoribus
843 1097 960 1152 auctum
983 1098 1013 1152 et
1040 1096 1184 1152 ornatum.
1227 1094 1276 1170 qui
1299 1093 1465 1172 siquisrnn.

112 1188 226 1250 umbris
249 1207 354 1252 sensus
376 1195 432 1260 est,
455 1190 498 1250 sio
518 1190 547 1250 iu
569 1188 616 1252 illa
642 1192 811 1252 eternitatis
834 1193 984 1254 mansione
1011 1193 1156 1272 loquitur,
1187 1192 1243 1254 boo
1265 1195 1398 1272 auspica-

111 1299 155 1352 tus
177 1293 308 1370 poetico,
378 1339 380 1344 .

403 1391 486 1458 fllen'
505 1411 650 1466 servasse,
673 1402 705 1455 ut
726 1403 803 1457 osset
824 1396 874 1474 qui
894 1415 941 1458 rue
963 1397 1110 1476 perderet.

85 1497 192 1574 ¹⁰·quid
211 1498 294 1557 enim
309 1513 373 1557 mea
396 1495 473 1583 mihi
488 1498 580 1574 pietas
599 1497 727 1576 proluit?
755 1497 844 1558 immo
871 1497 940 1576 quid
967 1515 1026 1558 non
1056 1497 1167 1560 obluit?
1197 1506 1229 1560 tu
1251 1517 1306 1578 pro
1340 1505 1396 1560 tam

112 1597 227 1662 ‘sedulo
250 1617 317 1658 meo
336 1615 405 1675 erga
427 1604 456 1660 te
478 1595 619 1677 obsequio
635 1603 693 1660 tarn
709 1598 814 1659 durum
838 1599 945 1661 exitum
968 1599 1085 1661 reddis?
1106 1601 1186 1680 piget
1208 1602 1291 1662 lateri
1315 1618 1396 1662 erro·

104 1711 185 1762 ·‘rem
199 1701 286 1794 'quod
305 1707 334 1762 te
356 1701 463 1771 amavi,
487 1701 564 1780 quod
581 1699 777 1779 obsequenter
796 1700 887 1772 colui,
910 1701 989 1780 quod
1010 1703 1150 1764 custodiri
1169 1701 1396 1780 vigilantissime,

112 1803 203 1881 ‘quod
227 1801 364 1880 periculis
386 1820 502 1882 quoque
526 1802 609 1862 aditis
630 1809 709 1862 tuam
727 1801 854 1864 salutem
873 1809 982 1864 tutatus
1004 1821 1083 1866 suro:
1114 1822 1182 1866 nam
1207 1804 1313 1867 talibus
1342 1823 1397 1884 ego

112 1905 237 1964 ‘meritis
252 1922 369 1994 poenam
384 1905 493 1976 inveni,
518 1921 577 1966 uon
596 1905 763 1981 premium:
785 1905 991 1982 ingratasunt
1011 1905 1087 1970 eninr
1111 1908 1209 1968 virtuti
1230 1906 1287 1968 lata
1311 1919 1466 1970 mor-tuor.

83 2013 104 2052 ¹⁸
114 2006 243 2076 talium,
268 2006 404 2084 despecta
421 2013 479 2077 est,
503 2003 631 2069 desolata
648 2013 708 2074 est;
730 2006 836 2067 invidia
859 2007 966 2068 certius
984 2005 1055 2066 nihil
1078 2006 1175 2070 habet.
1217 2015 1304 2087 alque
1324 2007 1400 2069 hane

111 2115 221 2170 ‘umen
246 2127 261 2168 a
283 2107 404 2170 literatis
424 2125 530 2187 magua
549 2105 648 2168 entelli
670 2105 756 2168 laude
778 2107 946 2178 audieram,
970 2115 999 2170 ct
1020 2107 1154 2170 sectabar
1176 2108 1304 2170 studiose
1326 2107 1398 2174 inle-

112 2209 169 2274 ·lix.
214 2210 276 2288 hge
291 2227 361 2271 vero
378 2227 466 2288 quem
488 2229 523 2270 cx
545 2227 612 2272 mco
635 2210 752 2270 interitu
775 2210 885 2287 cmpisti
907 2209 1053 2271 lruetuml
1073 2209 1209 2271 huncne
1230 2216 1261 2270 ut
1282 2227 1398 2288 perure

113 2311 201 2374 ‘liber
222 2311 277 2382 sis,
298 2328 354 2371 nee
375 2310 483 2372 habeas
505 2312 553 2371 eui
575 2329 611 2372 ox
633 2311 740 2373 virtute
763 2310 910 2384 invideasl
933 2310 1052 2390 Aliquot
1077 2329 1188 2390 pancos
1211 2329 1304 2372 annos
1326 2328 1397 2371 eon·

112 2413 231 2476 ‘cedere
251 2412 380 2475 debebas
400 2413 468 2476 huie
490 2414 567 2483 vitre,
594 2429 660 2492 qnae
682 2413 727 2472 vix
749 2412 819 2473 dum
847 2419 962 2490 gustata
988 2419 1064 2482 erat;
1088 2415 1175 2476 nimis
1198 2413 1255 2473 cito
1285 2411 1341 2471 iam
1368 2413 1397 2472 in

81 2517 199 2577 tt‘llore
219 2517 326 2585 aetatis,
358 2515 539 2586 antediem,
565 2499 720 2576 immatura
742 2531 816 2575 neee
842 2515 1022 2593 oppressisti.
1070 2514 1125 2575 lllei
1149 2533 1187 2574 ne
1213 2518 1244 2573 te
1270 2513 1465 2582 miseretque.

113 2620 212 2696 ‘igitur
233 2624 294 2678 tam
310 2617 450 2678 atrociter
465 2615 583 2700 alllictil
601 2624 654 2702 aut
676 2613 841 2676 conturbati
863 2617 946 2677 istius
965 2598 1073 2694 petris?
1096 2617 1219 2678 deserte
1242 2615 1398 2694 coniugls‘l

112 2718 167 2780 ‘rel
191 2718 294 2808 loeuru
315 2737 374 2778 non
405 2705 493 2780 h'abet
512 2717 591 2796 apud
621 2724 650 2778 te
676 2714 735 2780 ulla
763 2719 928 2778 miseratio?
959 2715 1016 2778 ulla
1043 2717 1210 2796 poenitudo?
1233 2699 1332 2796 Siquid
1355 2723 1397 2776 ta·

113 2832 190 2884 ‘men
208 2820 368 2882 acerbitate
383 2820 615 2900 interemptionis
637 2838 724 2889 mea,
747 2825 790 2886 tot
804 2820 914 2880 iteratis
932 2817 1117 2908 vulneribus,
1141 2827 1199 2880 taur
1216 2818 1398 2880 horrendum

113 2924 151 2984 ‘in
168 2922 290 2984 modurn
308 2928 423 3000 raptato
444 2920 496 2982 abs
518 2927 546 2983 te
568 2927 684 2981 mortuo
703 2937 762 2981 non
783 2921 840 2982 ianr
862 2923 999 2982 restincta
1020 2927 1068 2981 tua
1090 2921 1152 2982 sitis
1175 2927 1233 2993 est,
1256 2920 1306 2982 sed
1329 2919 1399 2980 levi·

81 3033 168 3086 uter
191 3025 228 3086 ad
251 3030 367 3102 tempus
388 3021 492 3094 lenita,
514 3040 569 3101 per
590 3023 729 3101 quioquid
752 3040 874 3103 usquam
898 3041 998 3084 earum
1019 3016 1126 3092 babes,
1154 3040 1208 3100 per
1232 3037 1296 3083 mea
1319 3024 1347 3083 in
1370 3031 1399 3084 te

113 3127 237 3196 'officia,
258 3143 311 3205 per
333 3127 424 3203 patris
445 3127 475 3186 in
497 3132 526 3184 te
548 3126 611 3210 mei·
627 3122 821 3195 benemerita,
844 3143 912 3196 oro,
936 3126 1073 3186 miserum
1097 3141 1205 3202 corpus
1227 3126 1321 3203 patrio
1350 3143 1396 3185 se·

113 3227 251 3306 ‘pulchro
272 3227 377 3288 dones!
399 3226 500 3288 saltem
524 3225 553 3287 id
574 3225 627 3286 abs
649 3234 677 3287 te
696 3227 848 3304 impetrari
867 3229 940 3288 sine.
985 3244 1076 3288 unum
1095 3226 1124 3306 id
1148 3244 1281 3286 meorum
1305 3225 1395 3286 luctui

114 3329 271 3398 ‘concede
295 3328 385 3389 utibi
403 3337 583 3406 putrescam,
603 3326 655 3389 ubi
675 3327 712 3388 ab
733 3326 789 3388 illis
813 3327 959 3406 deplorari
980 3329 1103 3406 possim!
1125 3329 1211 3389 1111
1234 3327 1315 3397 vale,
1338 3345 1466 3397 εει-1111.

113 3432 239 3492 ‘rissima
259 3431 366 3508 patria,
395 3431 440 3491 oui
466 3447 520 3508 ego
533 3428 688 3508 prodesse
710 3428 857 3498 volebam,
879 3447 1041 3507 coeperam,
1062 3448 1120 3491 non
1138 3431 1300 3508 permissus
1317 3447 1398 3488 sum:

83 3543 106 3584 ³⁰
116 3539 218 3592 ‘testor
232 3530 296 3591 baee
311 3530 483 3592 umbramm
497 3529 569 3601 loca,
583 3531 637 3592 hos
653 3519 779 3592 latorum
795 3530 933 3592 authores
950 3531 1029 3604 deos,
1043 3529 1113 3593 nihil
1125 3540 1154 3590 te
1170 3531 1252 3610 prius
1269 3528 1399 3608 nihilque

113 3635 223 3711 ‘potius
239 3634 267 3700 in
286 3633 340 3694 rita
358 3633 447 3694 luisse
463 3632 550 3702 mibi;
572 3650 667 3710 neque
682 3630 832 3694 molestius
850 3634 1004 3712 quicquam
1021 3633 1098 3692 lcrre
1116 3651 1193 3692 nunc
1213 3649 1301 3710 quam
1319 3629 1398 3708 quod

114 3735 256 3796 ‘noudum
267 3734 318 3796 tibi
332 3732 397 3795 talis
409 3732 523 3805 luerim,
536 3732 629 3813 qualis
643 3751 708 3795 esse
721 3733 911 3795 laborabam:
930 3734 980 3794 tibi
996 3735 1072 3794 enirn
1085 3735 1181 3799 rivere
1197 3735 1312 3794 animus
1326 3739 1398 3802 erat,

114 3847 180 3915 ‘pro
204 3843 291 3916 teque
312 3838 396 3898 mori.
429 3834 498 3897 Vale
513 3842 559 3906 tu,
582 3853 738 3898 erumnose
752 3843 851 3916 pater,
871 3835 1034 3898 miserande
1050 3853 1158 3909 senex,
1181 3835 1228 3920 eui
1244 3841 1399 3910 egotantar

114 3940 188 4018 ‘spei
203 3937 278 4000 lilios
292 3936 486 4000 ineluctabilis
507 3935 575 4014 proli
596 3956 682 4018 causa
701 3955 765 3998 esse
786 3937 896 3998 merui:
919 3945 1044 4016 quantos
1065 3939 1143 4000 euim
1171 3923 1231 3996 tibi
1244 3953 1396 4006 maerores,

83 4047 265 4120 ³⁵·quantum
277 4031 429 4109 dolorem,
444 4056 519 4117 quos
534 4041 658 4118 gemitus
673 4038 792 4118 reliqui,
815 4058 880 4120 quae
898 4040 1037 4118 suspiria!
1061 4059 1078 4100 o
1101 4037 1234 4100 lallaeem
1258 4044 1336 4098 tuam
1360 4037 1397 4098 de

115 4153 172 4203 ‘rne
187 4158 284 4220 spem,
302 4159 319 4201 o
335 4143 436 4202 inanes
451 4131 653 4220 cogitationes,
671 4161 688 4202 o
705 4143 786 4202 irrita
800 4141 966 4220 desyderial
983 4139 1073 4220 Egon'
1087 4147 1222 4219 speratus
1238 4158 1318 4202 eram
1333 4145 1466 4210 tuaeqror.

115 4243 245 4304 ‘delectae
256 4245 399 4304 senectuti
409 4240 561 4304 solatium?
573 4245 601 4304 in
614 4262 711 4316 meum
725 4242 818 4303 robur
832 4249 911 4304 tuam
927 4243 1047 4304 senilem
1064 4242 1262 4304 infirmitatem
1276 4239 1397 4302 inclina·

115 4352 209 4406 ‘turus
225 4344 308 4404 erasi
323 4342 436 4413 Valete,
451 4345 569 4406 iucundi
584 4345 701 4415 iratres,
719 4342 798 4405 dulci
817 4347 950 4412 convictu
966 4344 1072 4406 orbati!
1090 4363 1140 4405 vos
1157 4343 1263 4414 valete,
1283 4342 1396 4412 Franci,

182 4561 262 4615 'uon
279 4565 363 4616 caess.
377 4567 402 4615 1.
421 4565 523 4616 1111111.
586 4563 597 4597 ⁴
615 4565 765 4614 .l·¹orsiton
777 4569 806 4614 11.
859 4563 869 4596 ⁸
887 4561 1010 4632 poetico]
1032 4579 1064 4614 ex
1082 4565 1187 4616 Pacuui
1200 4563 1340 4614 Armorum
1358 4563 1398 4611 in·

115 4649 191 4701 dicio
209 4665 250 4716 op.
264 4649 339 4700 Suet.
355 4648 426 4699 Caes.
438 4647 479 4700 84.
504 4649 546 4701 Oi.
560 4651 639 4700 Hutt.
657 4649 800 4716 Deplorat.
819 4664 845 4699 v.
859 4651 900 4700 ab.
964 4649 974 4681 ⁸
998 4653 1130 4700 essent
1145 4648 1300 4716 perderent.
1326 4645 1396 4697 Suet.

115 4737 167 4785 tc.
219 4731 669 4786 11111111111.11111111111111.
721 4733 743 4768 ²¹
761 4733 812 4784 Vel
829 4739 858 4785 11.
911 4733 934 4767 ¹⁰
951 4738 1062 4784 autores
1080 4736 1104 4784 1.
1157 4731 1179 4765 ⁸⁸
1198 4747 1309 4782 rerumn.
1330 4735 1355 4780 2.
