3464 5526
1359 405 1367 422 a

234 469 358 502 HVTTBM
378 469 405 502 ΙΝ
427 468 518 504 uvctt!
537 469 813 514 wlu'rtsttt’uttottttsstt
832 463 934 504 ORAT'IO
953 471 996 504 tlt.
1015 469 1130 506 tttlvtts.
1149 470 1173 506 Δ.
1191 463 1247 504 1517.
1337 439 1378 509 51

109 623 283 683 recumbatis
305 623 457 701 adigemur
479 596 626 704 protecto,
651 625 705 692 nisi
728 625 780 684 ista
803 641 871 684 mox
893 624 1055 685 severitatis
1070 630 1181 685 restrae
1195 623 1298 687 aculeo
1315 642 1384 686 con·

109 723 230 784 fodiatur
251 726 351 802 pestis,
394 723 479 803 Atqui
503 743 552 784 vos
575 726 712 801 ignorare
736 742 795 786 oon
817 724 948 794 dehetis,
979 725 1141 805 principes,
1169 745 1233 806 quar
1263 726 1385 788 desertis
1394 740 1453 791 §.aa

109 823 186 885 nobis
209 825 361 886 bominum
384 827 501 904 opbrio‚·
529 826 608 906 quod
631 826 768 888 iudicium
792 845 842 888 vos
864 834 994 892 maneat:
1022 821 1168 889 ¹irascetur
1195 830 1290 891 omnis
1313 831 1385 891 Ger·

106 929 205 988 umiae
226 926 325 1006 plebs.
348 926 492 1004 lugebunt
514 927 648 1006 Equites,
678 936 841 1008 querentur
863 946 967 990 omnes
988 927 1074 990 liberi
1100 929 1249 1001 homines,
1279 929 1384 1008 passim
1409 917 1414 932 ⁸

92 1029 140 1088 ade
158 1028 299 1108 superbia
322 1037 351 1089 et
373 1029 543 1091 crudelitate
567 1032 655 1092 res'tri
678 1001 788 1093 ordinis
802 1030 1048 1110 proclamabitnr;
1071 1032 1180 1110 quippe
1196 1030 1274 1094 baud
1289 1033 1386 1092 ruinas

107 1132 132 1191 in
152 1149 320 1210 quenquam
342 1137 472 1192 restrum
494 1131 556 1194 baec
577 1132 683 1193 recidit
704 1133 851 1194 accusatio
873 1134 922 1212 qui
946 1133 1043 1202 tertis,
1072 1150 1159 1211 quam
1188 1136 1219 1196 in
1247 1152 1313 1194 eum
1336 1133 1385 1212 qui

107 1235 283 1312 perpetravit
304 1231 430 1306 seelera,
453 1234 532 1312 quod
556 1235 609 1295 iste
631 1234 755 1306 audere,
778 1252 832 1316 vos
851 1235 1016 1314 approbare
1036 1235 1221 1301 videbimini:
1250 1253 1304 1295 nec
1326 1233 1452 1298 ullatsr.
1495 1215 1499 1226 ’

107 1334 237 1396 audietur
260 1337 406 1418 excusatio
429 1341 492 1408 non
511 1336 677 1398 restitutum
705 1355 722 1397 a
749 1336 832 1397 robis
858 1355 942 1398 reum
973 1339 1104 1400 extreme
1132 1355 1227 1415 nuper
1251 1336 1384 1406 tractum,

107 1455 217 1504 smnme
239 1445 439 1516 peremptum:
463 1456 500 1498 an
523 1455 583 1498 uon
604 1437 654 1498 diu
676 1456 731 1518 pro
747 1437 966 1522 damnatissimo
983 1440 1037 1500 luit
1050 1439 1123 1502 istel
1145 1446 1195 1502 aut
1210 1438 1280 1516 quid
1295 1438 1387 1500 reiert

83 1553 156 1598 usna
169 1540 295 1618 quisque
310 1538 503 1618 conscientia,
526 1542 587 1602 suis
603 1527 687 1602 lactis
702 1539 872 1612 damnetur,
889 1559 927 1602 an
943 1541 1071 1605 iudicum
1086 1539 1240 1609 sententia,
1257 1541 1387 1602 omnium
1436 1591 1443 1610 .

107 1639 256 1701 bominum
279 1641 415 1719 opinione
443 1660 479 1702 an
508 1659 566 1702 uno
595 1641 722 1721 quodam
742 1635 890 1704 'verbulo‘l
917 1643 940 1704 t
968 1643 1051 1706 uobis
1078 1644 1123 1704 aio
1152 1643 1304 1704 restitutus
1330 1642 1386 1707 iste

107 1740 270 1820 putabitur;
301 1759 355 1820 per
377 1760 427 1805 vos
449 1744 563 1804 stetisse
586 1761 644 1828 quo
667 1745 765 1806 minus
784 1743 928 1828 supplicio
951 1746 1072 1806 allectus
1098 1746 1136 1806 sit
1161 1745 1385 1806 nocentissimus

107 1862 185 1912 reus,
209 1842 367 1922 loquentur
388 1843 531 1906 homines.
575 1844 627 1906 Cui
648 1846 878 1908 incommoditati
900 1849 1048 1909 occurrite
1075 1863 1174 1926 queso
1201 1851 1454 1924 vestramqrema.
1490 1839 1494 1848 '

107 1945 231 2014 iamomr
251 1953 375 2006 vestram
398 1947 642 2008 existimationem
665 1946 781 2010 salvate.
827 1948 887 2010 Nec
913 1949 972 2010 iam
1002 1949 1089 2010 vestri
1118 1949 1173 2009 iste
1201 1949 1312 2010 ordinis
1335 1953 1386 2016 est,

82 2049 154 2124 requi
175 2065 236 2126 quo
258 2045 305 2107 die
328 2047 385 2110 boc
406 2048 545 2110 conscivit
570 2049 666 2120 nelos,
689 2068 749 2110 non
772 2051 827 2112 bac
850 2057 962 2112 tautum
985 2049 1139 2128 dignitate,
1162 2050 1214 2112 sed
1237 2050 1414 2110 consortio·

107 2149 222 2228 quoque
244 2155 274 2210 et
296 2151 501 2212 communione
523 2151 643 2212 humaui
664 2153 782 2230 generis
803 2151 948 2212 abdicavit
968 2170 1048 2223 sese,
1072 2158 1101 2214 et
1120 2153 1149 2214 io
1166 2150 1245 2212 nullo
1260 2167 1385 2214 numero

107 2267 165 2312 csse
187 2253 305 2313 meruit.
350 2251 502 2314 Neminem
524 2253 657 2331 vitupero
678 2261 792 2324 tamem
815 2254 863 2314 cui
886 2255 991 2314 maneb
1013 2271 1080 2316 cum
1094 2252 1153 2314 illo
1176 2247 1293 2340 ruperis
1316 2267 1453 2319 con-tuo.

107 2349 189 2422 duim
213 2361 258 2423 te,
282 2353 437 2416 Saxonum
453 2356 593 2434 princeps
614 2355 800 2426 Fridericbe,
825 2356 1015 2418 vehementer
1036 2353 1215 2417 laudandum
1233 2359 1313 2433 puto,
1337 2354 1386 2432 qui
1447 2399 1450 2414 .

107 2456 244 2533 tantisper
266 2455 422 2516 amicitiam
445 2455 497 2521 tibi
519 2456 595 2517 banc
618 2456 770 2520 colendam
793 2463 873 2518 ratus
895 2475 941 2526 es,
966 2456 1060 2518 dorico
1083 2457 1218 2518 nomano
1239 2456 1387 2517 societatis

78 2572 100 2612 u
109 2557 253 2636 particeps
264 2559 329 2619 *iste
352 2557 524 2636 putabatur;
547 2567 701 2640 postquam
723 2581 755 2622 se
774 2577 845 2620 vero
860 2558 965 2622 sceleri
980 2577 1015 2620 oc
1029 2558 1208 2637 improbitati
1223 2554 1401 2623 obstrinxit.'

107 2663 133 2716 et
154 2677 186 2718 ee
210 2660 391 2738 perpetrarit
412 2677 478 2738 qum
500 2662 524 2721 si
545 2663 576 2722 in
598 2659 710 2722 nullum
733 2679 863 2741 unquam
886 2661 1025 2742 iudicium
1042 2663 1201 2729 venisseut,
1225 2665 1328 2738 suapte
1345 2665 1387 2720 ta·

107 2777 172 2820 tuen
194 2763 222 2821 ri
243 2779 279 2821 oc
300 2767 405 2824 natura
432 2761 459 2838 iri
488 2763 668 2833 ettecissent,
703 2771 736 2836 ut
764 2761 844 2824 nullo
872 2765 926 2826 istc
954 2763 1106 2825 bominum
1136 2760 1329 2826 contubernio
1359 2767 1388 2822 et

107 2863 253 2931 convictu,
288 2864 397 2924 nedum
419 2865 560 2943 principis
583 2867 636 2926 riri
659 2865 870 2928 consuetudine
892 2865 1014 2941 diguus,
1048 2864 1100 2926 sed
1129 2871 1210 2925 extra
1237 2864 1311 2925 lines
1331 2861 1387 2924 bu÷

108 2965 181 3024 mani
204 2965 321 3042 generis
344 2966 517 3050 eliciendus,
542 2967 780 3028 exterminandus
803 2985 838 3028 ac
860 2967 997 3030 adieras
1018 2964 1126 3048 bestias
1149 2963 1324 3044 relegandus
1338 2971 1388 3024 eut

77 3065 135 3123 asin
155 3063 282 3145 aliquem
305 3067 453 3130 desertum
475 3067 589 3136 locum,
617 3067 667 3128 ubi
697 3087 781 3130 nemo
804 3087 838 3130 ex
862 3067 939 3130 ioedo
962 3085 1121 3146 congressu
1144 3065 1241 3128 labem
1262 3085 1296 3128 ac
1318 3060 1406 3128 con·'

108 3168 214 3244 tagium
236 3167 351 3238 trabat,
375 3169 594 3248 protrudendus
617 3170 785 3240 cistercium,
804 3171 970 3249 continuisti
992 3176 1021 3231 te
1043 3178 1072 3231 et
1093 3170 1311 3231 existimationis
1334 3169 1385 3229 ba·

107 3267 229 3331 bendam
251 3277 310 3332 tuae
332 3273 475 3334 rationem
498 3275 614 3351 putasti.
640 3273 700 3335 >Tc
723 3273 811 3349 igitur
834 3280 913 3334 recte
935 3272 1111 3350 prudentem
1133 3289 1168 3331 ac
1182 3270 1289 3332 fortem
1305 3269 1455 3346 prio-tar.

108 3372 198 3449 eiperu
226 3380 255 3434 et
282 3361 402 3451 dignum
431 3375 495 3452 eius
524 3376 617 3453 gentis
645 3375 782 3453 torperis,
812 3391 877 3453 quae
905 3372 965 3434 sola
996 3373 1209 3435 Germanarum
1237 3371 1387 3433 nationum

107 3491 220 3552 semper
242 3475 347 3536 brricta
372 3473 448 3536 bello
471 3476 564 3544 stetit,
587 3494 652 3553 quae
675 3495 732 3536 una
755 3481 908 3537 externum
929 3491 1078 3553 rrunquam
1094 3473 1210 3536 admisit
1224 3472 1385 3541 dominius,

80 3587 171 3652 equas
192 3576 365 3638 iustissimos
385 3575 472 3638 nobis
493 3576 802 3654 imperatoresdedit,
826 3575 1081 3656 praestantissimos
1103 3575 1209 3644 duces,
1232 3573 1312 3634 unde
1326 3579 1387 3634 tres

108 3675 248 3746 bibones,
276 3678 331 3738 tria
354 3678 518 3740 Germanis
545 3662 669 3746 lumina,
698 3677 888 3756 prodierunt·
923 3679 959 3740 Et
987 3679 1044 3738 boc
1071 3684 1102 3738 tu
1130 3676 1301 3753 integritatis
1329 3681 1455 3735 tuero.

109 3776 313 3842 documentum
336 3779 469 3847 dederim
497 3798 548 3840 vos
570 3786 684 3852 autem,
716 3778 821 3858 reliqui
844 3779 997 3846 Germani,
1027 3796 1064 3840 ne
1091 3779 1176 3840 sinite
1200 3777 1306 3839 trustra
1330 3775 1387 3836 boc

109 3879 188 3942 tobis
209 3883 393 3960 propositum
408 3879 598 3960 exemplum.
628 3889 658 3942 et
685 3881 835 3943 tortissimi
866 3881 917 3941 riri
938 3881 1047 3940 lactum
1069 3881 1229 3943 imitatione
1251 3897 1387 3957 compro-

109 3979 183 4044 bate.
223 3983 306 4062 Nego
334 3987 456 4062 propter
483 3959 749 4061 aliquem'optime
778 3982 814 4044 de
843 3983 899 4044 boc
927 3982 1049 4060 imperio
1071 3983 1208 4042 meritum
1229 3979 1267 4042 ab
1290 3979 1387 4040 cilicio

81 4099 144 4142 sac
164 4083 300 4160 dignitate
322 4084 466 4146 decedere
489 4101 539 4144 vos
561 4085 743 4162 oportuisse,
767 4091 875 4162 quanto
898 4085 994 4144 miuus
1015 4084 1045 4142 in
1069 4081 1239 4144 tractatione
1260 4081 1322 4144 eius
1338 4080 1387 4160 qrri

111 4185 150 4244 sic
172 4203 252 4256 reus,
275 4182 321 4248 sic'
339 4186 493 4256 damnatus
515 4185 577 4250 esti
600 4186 650 4264 qui
672 4186 697 4246 si
718 4183 797 4246 aliud
813 4183 884 4248 nihil
899 4185 1093 4246 commisisset
1107 4201 1195 4274 qupm
1210 4181 1288 4261 quod
1304 4166 1387 4244 suam

111 4303 242 4358 uxorem,
265 4283 476 4352 nobilissimam
497 4285 663 4357 foeminam,
687 4287 767 4348 omni
781 4287 869 4348 animi
884 4304 918 4346 ac
931 4285 1064 4363 corporis
1079 4283 1296 4364 pulchritudine
1311 4301 1386 4361 prae·

110 4385 271 4460 wilentona,
304 4395 365 4450 tam
383 4383 513 4466 spurce,
543 4395 604 4454 mm
629 4388 718 4466 bnpie
746 4387 893 4457 uerterit,
923 4386 1074 4463 iudignum
1096 4386 1215 4466 quicum
1237 4385 1386 4461 negotium

177 4605 343 4660 'incumbat
359 4614 417 4673 poet
435 4607 528 4672 opinio
546 4609 675 4658 adadun.
745 4609 805 4666 nos]
824 4619 872 4656 vos
891 4608 915 4656 2.
939 4611 1030 4656 eonem
1046 4617 1152 4656 marum.
1222 4601 1284 4652 leo
1307 4605 1328 4651 1.
1359 4605 1388 4650 et

111 4697 217 4742 mma.
266 4694 350 4746 'non
368 4692 533 4760 restitutum]
546 4710 581 4736 ω
593 4693 673 4755 quasi
691 4707 738 4742 vos
757 4705 811 4742 uon
827 4689 1021 4773 restituissetis
1072 4686 1094 4724 ι*
1112 4686 1177 4752 iste]
1194 4686 1308 4738 current.
1328 4685 1383 4740 edri.

113 4773 165 4823 isto
211 4773 283 4830 “aa
303 4781 325 4828 1.
346 4783 374 4826 et
391 4791 459 4826 corr.
474 4779 501 4824 n.
541 4773 834 4826 encaemorum

1113 4857 1167 4914 4*
