3464 5526
224 497 349 532 EVTTENI
368 498 397 532 lli
417 495 510 534 DVCB!
529 497 805 534 wrnvsttrnnmtnsn
823 497 925 532 ORATIO
945 497 1002 531 1111.
1023 496 1050 531 Ι.
1064 495 1129 532 AVG
1142 497 1169 534 Δ.
1182 491 1240 533 1517.
1326 467 1432 537 61

94 653 170 711 tium
187 653 347 713 continent.
391 651 439 712 Pr
431 670 521 712 mrum
544 653 632 729 igitur
654 651 706 714 abs
734 659 762 712 te
791 669 906 731 quaero,
935 652 1072 753 numquis
1100 654 1229 713 omnium
1257 660 1375 712 tororum
1446 641 1471 730 J

80 753 255 818 'amicorum
277 773 312 814 ac
334 755 473 815 comitum
496 741 610 831 ignoret
632 753 708 833 quod
738 753 816 814 illem
843 753 956 831 perdite
984 753 1142 813 amaveris?
1175 751 1279 813 deiude
1301 748 1325 812 si
1347 759 1376 812 te

94 855 271 923 offenderat,
304 863 335 915 ut
357 853 399 919 illi
418 853 536 934 longo'
529 873 586 916 ram
608 858 740 933 tempore
768 853 964 934 capitaliter
956 854 1139 922 nascereris,
1169 869 1261 932 quare
1290 851 1376 931 paulo

94 965 160 1017 ante
183 955 292 1054 casdem
314 957 398 1018 dictis
420 976 454 1018 ac
476 957 590 1035 scriptis
611 955 749 1035 precibus
771 945 930 1034 retinuisti,
958 973 993 1016 ac
1020 951 1097 1014 illam
1120 953 1249 1014 obtulisti
1271 953 1374 1032 praefe-

77 1067 210 1120 acturam
231 1041 326 1138 stupri
347 1059 534 1120 mercedem?
557 1075 648 1137 quare
670 1075 737 1119 eum
760 1058 809 1138 qui
831 1074 885 1136 per
906 1054 1090 1118 maleficium
1103 1057 1196 1118 occidi
1217 1063 1374 1126 meruerat,
1386 1074 1444 1124 §Mu

95 1162 123 1220 in
146 1168 195 1222 tua
218 1159 283 1223 aula
305 1177 370 1222 esse
391 1159 525 1222 voluisti?
551 1177 643 1238 quare
671 1177 759 1237 prece
789 1177 824 1219 ac
846 1158 940 1238 pretio
963 1166 1084 1218 conatus
1106 1161 1233 1220 retinere
1256 1175 1287 1220 cs
1308 1175 1376 1238 per·

96 1263 209 1330 iurum,
232 1261 430 1339 proditorem,
454 1261 638 1330 insidiosum,
663 1263 714 1340 qui
735 1279 834 1322 coram
857 1260 911 1322 abs
926 1267 954 1321 te
969 1261 1135 1320 missionem
1152 1261 1252 1330 oravit,
1275 1277 1377 1339 quem·

96 1383 154 1444 que
174 1363 417 1460 paternae01iterae
439 1371 471 1424 ut
493 1364 659 1440 necessaria
681 1362 717 1424 de
740 1381 826 1424 causa
855 1362 1031 1424 avocabant?
1067 1362 1139 1423 llam
1168 1362 1247 1441 quod
1277 1361 1377 1424 huius·

96 1465 175 1528 modi
198 1466 319 1526 crimina
342 1465 457 1534 obiicis,
481 1457 607 1544 longiori
628 1466 760 1526 bradone
783 1459 974 1525 refellendum
997 1482 1055 1524 non
1053 1472 1164 1546 puin,
1189 1464 1267 1542 quod
1290 1481 1376 1524 nemo

73 1580 172 1636 ivnon,
195 1569 224 1628 in
240 1575 288 1627 tua
304 1570 430 1630 maxime
445 1566 510 1629 aula
527 1575 634 1647 tuoque
650 1568 804 1635 comitatu,
797 1567 952 1654 agnoscit
966 1582 1057 1644 quarn
1069 1575 1100 1626 tu
1115 1565 1272 1663 improbe
1263 1582 1292 1626 vn
1308 1583 1375 1627 enm

98 1671 143 1730 cui
164 1669 277 1730 nefaria
300 1669 378 1730 crede
401 1669 601 1730 defensionem
622 1667 772 1737 ademisti,
795 1639 953 1729 mentiaris.
979 1661 1091 1728 lPorro
1114 1669 1197 1730 aliter
1219 1669 1406 1731 existimarit.
1412 1679 1445 1724 ιθ.

98 1789 156 1832 non
176 1779 289 1850 potest,
319 1771 414 1850 siquid
436 1771 489 1832 tibi
512 1773 613 1834 luisset
634 1778 737 1832 eovvtra
759 1769 870 1831 illum'
861 1771 934 1831 ruris
955 1777 1006 1830 aut
1027 1771 1131 1850 siquod
1153 1771 1272 1831 omnino
1296 1767 1373 1850 flagi·

98 1875 166 1933 tium
190 1874 398 1943 commisisset,
423 1876 496 1952 quin
517 1881 550 1934 tu
573 1871 643 1936 illud
658 1872 777 1952 planum
793 1871 905 1933 faceres
920 1889 954 1933 ac
969 1870 1091 1933 testibus
1108 1873 1243 1942 doceres,
1267 1874 1377 1952 potios·

99 1993 153 2052 que
178 1993 214 2036 re
241 1977 305 2052 ipsa
332 1993 419 2052 quam
447 1976 526 2036 iuaui
553 1960 671 2037 nomine¹
700 1984 781 2036 tuum
810 1975 918 2034 factum
946 1973 1129 2035 defenderes.
1175 1973 1258 2045 Quod
1281 1973 1376 2056 siquid
1387 1984 1444 2034 §.tt
1528 2025 1530 2030 .

74 2076 223 2137 uiamdum
246 2075 353 2145 babes,
377 2075 445 2146 ede,
469 2083 519 2139 aut
533 2066 604 2139 ¹illos
626 2077 728 2138 saltem
748 2077 848 2155 profer
870 2074 947 2152 apud
970 2091 1044 2154 quos
1067 2075 1210 2137 detexisse
1232 2083 1260 2138 te
1282 2073 1379 2138 scelus

99 2178 207 2246 aiebas,
231 2178 338 2259 quibus
360 2177 477 2240 arbitris
499 2180 651 2257 perfidiam
673 2179 713 2240 illi
729 2177 902 2246 bbiiciebas,
925 2195 960 2237 ac
974 2175 1044 2237 illud
1060 2195 1174 2256 expone
1189 2177 1282 2250 nobis,
1305 2197 1377 2258 qun·

100 2279 182 2340 modo
206 2282 382 2342 conscientia
405 2282 534 2347 criminis
556 2301 623 2344 cum
645 2301 677 2342 se
699 2279 851 2360 adfligeret
872 2297 906 2340 ac
928 2281 1050 2357 patriam
1074 2279 1228 2354 deserere,
1252 2289 1376 2341 mortem

101 2383 176 2444 adire
199 2381 301 2452 vellet,
330 2389 432 2444 contra
461 2390 489 2444 te
518 2391 614 2445 tamen
644 2382 777 2462 petulans
806 2399 869 2444 esse
896 2382 1003 2460 potuit,
1034 2387 1066 2441 ut
1092 2380 1144 2440 tibi
1174 2381 1378 2444 malediceret?

101 2484 160 2564 quis
186 2485 216 2544 in
238 2501 352 2580 summa
374 2484 577 2563 desperatione
599 2485 764 2566 petulantie
786 2483 886 2546 locust
908 2483 945 2544 lit
966 2482 1041 2543 scire
1063 2482 1181 2554 laboro,
1204 2501 1274 2545 uum
1298 2484 1376 2562 apud
1386 2497 1446 2547 tn.

73 2603 149 2646 oens
169 2588 198 2646 in
220 2595 249 2647 te
270 2582 411 2666 loquutus
432 2588 483 2656 sit,
506 2587 582 2666 apud
606 2605 679 2667 quos
702 2593 732 2649 tu
756 2605 823 2648 eum
845 2583 1023 2647 accusabas?
1045 2603 1082 2645 an
1105 2584 1177 2645 alios
1198 2585 1328 2648 habebas
1348 2595 1378 2647 tu

102 2687 202 2765 quibus
223 2694 307 2748 tuum
331 2687 462 2749 dolorem
486 2688 527 2766 (ut
549 2687 861 2772 inquisl‘mauifestum
890 2687 1016 2755 faceres,
1045 2687 1117 2748 alios
1138 2685 1189 2748 ille
1205 2688 1283 2766 apud
1305 2705 1378 2768 quos

102 2787 263 2851 lasciviret?
285 2788 399 2850 Rursus
421 2797 518 2852 autem
541 2791 610 2870 quid
633 2799 660 2852 te
682 2792 778 2867 coegit
800 2791 828 2850 in
850 2787 900 2850 tna
922 2787 988 2848 aula
1010 2787 1089 2848 ferre
1116 2807 1184 2850 eum
1213 2791 1296 2851 cuius
1317 2791 1378 2869 pri·

103 2909 177 2952 mum
198 2890 350 2970 perfidiam
374 2892 631 2971 deprehendisses,
655 2892 761 2954 deinde
783 2891 901 2952 insidias
923 2907 1039 2969 queque
1067 2889 1197 2952 videres?
1224 2909 1260 2952 an
1283 2891 1328 2952 vel
1349 2893 1379 2954 in

104 2991 155 3052 boc
177 3000 323 3053 conventu
345 2991 389 3054 vel
413 2993 521 3074 ubique
538 3003 588 3056 est
609 2996 659 3074 qui
681 2993 734 3055 tibi
762 2993 878 3064 credat,
906 2993 931 3052 si
958 2991 1045 3054 talem
1071 2991 1154 3054 illum
1183 2995 1377 3071 cognovisses,

75 3097 167 3172 oquin
189 3113 226 3156 ue
249 3112 341 3156 unum
364 3095 481 3176 quidem
504 3094 619 3157 tulisses
641 3097 735 3157 diemi
767 3097 828 3174 Age
857 3099 955 3156 autem
976 3093 1032 3172 ‚illa
1061 3083 1148 3173 quam
1171 3103 1203 3157 tu
1225 3097 1303 3176 quud
1323 3097 1446 3159 tro-§.u

105 3203 181 3256 nesto
201 3203 267 3256 nata
291 3197 328 3256 sit
348 3195 430 3268 loeo,
453 3216 513 3258 nou
535 3198 613 3278 quod
636 3199 757 3260 honeste
779 3199 902 3266 vixerit,
926 3195 973 3258 bic
997 3197 1200 3268 commendas,
1230 3197 1379 3277 quomodo

105 3296 152 3356 abs
173 3307 199 3359 te
221 3298 405 3380 defenditur?
427 3317 465 3360 an
486 3318 653 3380 quenquam
676 3299 781 3370 babes,
805 3319 865 3363 non
879 3299 1021 3367 iudicem,
1045 3299 1097 3359 sed
1111 3301 1236 3388 amicum
1253 3309 1282 3360 et
1297 3301 1379 3361 fami·

106 3379 285 3468 liarem,'cui
307 3399 499 3478 persuasibile
521 3401 557 3462 sit
580 3420 638 3464 non
661 3409 801 3464 tentatam
823 3402 876 3462 abs
897 3408 926 3463 te
948 3409 1079 3462 autnon
1101 3410 1269 3480 corruptam
1293 3404 1379 3464 etiam

107 3517 165 3578 quae
186 3504 241 3562 iam
263 3519 358 3572 nvrnc,
386 3493 561 3582 postquam
589 3509 619 3566 tu
650 3505 711 3566 eius
739 3505 876 3566 maritum
897 3502 1084 3569 interfecisti,
1115 3509 1172 3564 tuae
1202 3503 1280 3564 domi
1303 3505 1378 3572 vivit,

79 3617 158 3661 nnec
177 3601 271 3680 luget,
297 3609 326 3662 et
346 3603 511 3681 turpissima
534 3605 662 3676 muscha,
686 3605 857 3670 detestabile
878 3614 1022 3676 scortum,
1052 3605 1137 3668 nobis
1158 3605 1206 3666 bic
1227 3586 1307 3666 luctu
1330 3605 1379 3666 de·

108 3701 243 3772 formatis.
266 3705 296 3766 iu
318 3710 369 3764 tuo
391 3707 452 3784 ipsa
469 3706 622 3785 complexu
639 3710 839 3770 ureretricium
852 3708 953 3770 induta
969 3707 1078 3768 cultum
1095 3708 1149 3768 sibi
1165 3706 1276 3787 placet,
1300 3715 1379 3768 tuam

109 3805 250 3867 vesaniam
278 3807 361 3866 nous
384 3804 507 3870 subinde
530 3808 677 3870 illecebris
698 3811 803 3872 excitat
824 3829 860 3872 ac
880 3811 975 3872 fovet?
997 3817 1047 3871 aut
1069 3829 1126 3871 uon
1149 3829 1251 3872 omnes
1271 3807 1470 3877 scientae·

109 3923 159 3982 qua
178 3905 253 3970 illius
273 3909 365 3970 utaris
388 3927 491 3992 opera,
515 3929 580 3990 quae
601 3918 697 3990 potest
720 3914 827 3974 aruisse
850 3897 975 3992 coiviuge
997 3911 1061 3982 tali,
1092 3915 1173 3975 utin
1197 3901 1379 3992 elususque

110 4007 222 4070 formam
244 4029 340 4090 neque
362 4021 475 4072 etatem
497 4031 593 4094 neque
615 4023 714 4076 more's
735 4005 790 4075 aut
807 4032 900 4092 genus
922 4015 1012 4078 ullum
1036 4017 1142 4080 cadere
1164 4018 1263 4080 odium
1287 4017 1381 4078 credi·

83 4106 161 4170 sibile
181 4111 334 4184 fuerit,.et
355 4112 446 4176 laetavi
470 4122 498 4176 et
520 4115 575 4176 coli
598 4123 628 4176 et
650 4118 759 4188 vivere,
783 4116 871 4196 idque
893 4128 1005 4189 tecum,
1034 4137 1196 4200 perquem
1221 4121 1304 4183 vidua
1328 4129 1380 4189 est,
1404 4121 1409 4134 ’

169 4381 309 4451 tnunquis
329 4387 352 4434 f.
421 4381 483 4436 ²se
503 4389 527 4437 1.
548 4395 576 4437 et
593 4397 710 4462 correxit
727 4395 755 4440 H.
826 4384 953 4456 'quentin
972 4394 996 4441 1.
1072 4391 1093 4426 ¹²
1109 4400 1206 4446 contre
1224 4401 1382 4450 coneedit.
1406 4409 1412 4416 ·

110 4464 134 4514 in
151 4471 172 4518 f.
221 4467 241 4502 ¹⁸
259 4469 376 4521 fecisses
393 4476 422 4522 n.
475 4471 616 4525 docuisses
633 4479 662 4524 tt.
716 4471 737 4508 ¹⁴
754 4475 903 4526 defendere
919 4475 968 4528 'ded
984 4479 1083 4529 sualmis
1104 4482 1307 4544 praecedentibus
1324 4499 1380 4532 nera·

111 4545 144 4598 lia
159 4553 295 4620 potiusque
315 4571 343 4604 re
362 4555 423 4624 ipsa
439 4561 470 4607 11.
490 4573 562 4624 quan
584 4562 779 4610 emendationem
802 4567 912 4626 pumnafs
933 4565 1018 4627 tepere
1040 4567 1194 4630 nequiverit,
1217 4573 1300 4617 smnen
1322 4569 1381 4618 inde

110 4645 287 4704 coaequalem
304 4639 448 4703 infinitivum
466 4642 614 4694 defendere
633 4647 746 4696 aenda
799 4645 820 4676 ¹⁸
839 4647 923 4696 aisn.
935 4662 986 4698 see.
999 4649 1024 4696 2.
1042 4650 1091 4698 sed
1106 4651 1138 4700 de
1156 4658 1249 4701 malo
1268 4651 1381 4701 obiicie-

112 4714 156 4768 bu
172 4721 229 4772 aldit
243 4726 328 4774 adnot.
342 4727 367 4774 2.
420 4723 441 4758 ¹⁷
458 4727 600 4779 desereret
615 4743 682 4779 corn
696 4733 725 4778 if.
779 4729 798 4762 ¹⁸
816 4731 868 4780 tibi
881 4733 960 4782 detes.
973 4735 1003 4782 11.
1048 4731 1070 4766 ²⁸
1085 4741 1146 4798 poet
1164 4737 1209 4784 cul
1227 4735 1380 4800 adqofdaal·

112 4801 179 4853 divor
195 4821 247 4857 esse
268 4807 301 4858 ab
318 4812 347 4859 11.
350 4811 446 4876 ,quod
461 4827 510 4862 non
528 4821 633 4878 saperet
651 4815 824 4913 adnotandi.
877 4812 899 4846 ¹⁸
916 4797 988 4866 inne
1006 4821 1080 4881 post,
1101 4831 1180 4882 quem
1201 4820 1223 4866 1.
1238 4819 1262 4866 2.
