3410 5524
313 477 317 486 ,
337 407 409 484 130
428 423 550 478 acicam
564 439 600 475 so
611 438 759 489 rainerus
769 437 854 474 oran.
863 437 900 474 vr
910 437 1022 474 amaru
1034 437 1134 474 acacia
1148 435 1288 474 insanas
1300 419 1611 486 sacramentnm)

336 599 423 668 ecrit,
446 597 528 675 quasi
551 597 647 674 prisca
669 595 789 656 desierit
810 594 911 666 uirtus.
956 591 1052 653 Nolite
1074 594 1177 670 igitur,
1200 590 1407 670 opriucipes,
1434 592 1492 670 ipsi
1515 592 1612 672 dmps-

336 717 402 760 rare
424 695 491 767 ios,
519 697 556 758 de
584 696 691 774 quibus
719 697 828 774 optime
850 711 905 756 nos
926 711 1095 772 speramus;
1125 692 1214 756 nolite
1241 696 1297 755 ista
1324 701 1384 757 tam
1408 697 1531 772 uegeta,
1558 703 1612 756 um
1667 733 1674 762 ι

335 799 410 886 bene
432 799 567 860 babentia
590 815 624 860 ac
647 798 807 876 composita
830 796 987 875 repudiare
1008 795 1141 857 membra
1169 783 1203 856 ac
1224 797 1414 874 peregrinum
1435 795 1555 858 aliunde
1575 803 1613 856 at-

335 901 472 971 tr'udere;
493 899 585 960 nolite
608 917 673 961 curn
696 907 739 960 tot
759 900 817 958 sint
838 900 867 960 iu
890 898 1047 960 Germania
1069 897 1220 958 lortissimi
1242 916 1276 958 ac
1292 883 1468 958 nobilissimi
1488 898 1612 966 iuvenes,

335 1010 378 1064 tot
400 1005 515 1082 optinere
537 1003 600 1080 spei
622 999 837 1070 adolescentes,
861 1007 1015 1062 externum
1037 1017 1178 1078 arrogare
1199 1000 1379 1078 prinoipem,
1402 998 1432 1059 id
1448 1006 1494 1060 est
1508 1005 1632 1060 carneot

336 1123 371 1165 ac
392 1123 463 1166 vero
484 1105 603 1182 corpori
625 1121 694 1164 snos
715 1102 882 1164 subducere
903 1101 993 1180 pedes
1015 1107 1067 1162 aut
1086 1117 1204 1170 manus,
1233 1104 1263 1162 et
1289 1099 1402 1180 ligneos
1429 1105 1483 1162 aut
1503 1099 1613 1162 suberi·

268 1214 403 1268 turonos
424 1190 462 1267 ac
478 1207 561 1266 suctos
583 1223 742 1284 apponere.
788 1203 872 1274 Quod
894 1205 918 1264 si
941 1203 990 1282 qui
1011 1211 1082 1264 suut
1100 1205 1151 1282 qui
1173 1219 1232 1264 non
1253 1203 1407 1263 admittant
1420 1201 1574 1264 consilium
1589 1207 1615 1261 et

336 1307 444 1388 quibam
464 1309 562 1368 omnia
583 1305 673 1374 libeat
694 1308 856 1376 invertere,
884 1304 931 1365 bis
953 1323 1009 1384 ego
1031 1323 1099 1366 cum
1121 1305 1277 1366 innocente
1303 1303 1361 1366 boc
1382 1303 1613 1368 blaximiliauoa

336 1411 393 1472 dlis
413 1407 629 1472 immortalibus
650 1405 730 1468 illum
754 1425 841 1486 quem
864 1414 1017 1486 tantopere
1039 1407 1176 1467 affectant
1198 1413 1349 1472 externum
1376 1405 1530 1468 dominnm
1551 1423 1614 1484 pre·

336 1510 444 1580 eebor,¹
479 1517 510 1570 ut
537 1511 620 1570 istam
649 1511 691 1570 eis
712 1517 924 1590 praeposteram
945 1506 1110 1570 libertatem
1132 1509 1163 1568 ln
1184 1507 1402 1570 acerbissimam
1431 1527 1467 1569 ac
1493 1507 1641 1586 ignaui-¹⁰

337 1614 531 1675 niosissimanr
553 1611 786 1690 subiugatlonam
808 1618 916 1672 vertat:
939 1611 1072 1690 iniquum
1092 1617 1136 1672 est
1151 1611 1229 1671 enirn
1244 1607 1316 1670 illud
1331 1608 1437 1670 borum
1453 1607 1613 1677 consilium,

336 1715 482 1775 celarium
504 1719 533 1774 et
555 1712 711 1776 scelestum
734 1731 768 1774 ac
790 1730 904 1774 summo
925 1713 1133 1792 perniciosum.
1171 1729 1247 1796 quos
1268 1711 1293 1774 si
1314 1709 1372 1772 ulla
1388 1711 1506 1772 virtutis
1519 1729 1614 1776 recor·

339 1815 416 1876 datio
438 1822 553 1891 ageret,
582 1815 610 1888 id
634 1821 678 1876 est
699 1817 723 1876 si
744 1833 813 1876 rere
835 1815 973 1876 Germani
1002 1821 1113 1884 essent,
1144 1813 1219 1874 mori
1246 1819 1314 1874 anto
1342 1811 1440 1874 decuit
1467 1831 1557 1892 quam
1582 1829 1615 1873 eo

270 1913 526 1996 t.¹t⁸·cogerentiri
549 1919 607 1995 quo
629 1916 758 1978 scultro
780 1933 859 1978 nuuc
879 1916 1041 1976 intrudunt.
1086 1914 1145 1976 Sed
1176 1915 1280 1976 missos
1307 1915 1447 1976 iaciamus
1477 1913 1535 1976 bos
1553 1931 1615 1974 urm

254 2009 258 2018 “
338 2020 399 2080 suls
420 2016 645 2096 cogitationibus
666 2019 781 2098 ineptos
803 2016 996 2080 consultores.
1033 2016 1104 2087 Vos,
1127 2017 1292 2096 principes,
1316 2015 1394 2094 quod
1409 2013 1549 2094 pluribus
1562 2015 1645 2076 lor-¹⁵

337 2129 414 2182 tasse
436 2136 525 2199 quam
545 2120 675 2198 oportuit
697 2120 757 2197 egi,
787 2120 853 2198 quia
881 2125 1081 2198 opportunum
1110 2123 1168 2189 est,
1198 2119 1264 2197 quia
1292 2134 1413 2178 neceoee
1435 2125 1483 2180 cst
1505 2119 1617 2197 etqua

307 2217 315 2246 '·
338 2223 450 2285 dillerri
470 2238 530 2282 non
553 2226 703 2300 potestat
726 2226 827 2281 contra
851 2220 963 2281 Tuscos
985 2237 1067 2282 arma
1088 2225 1242 2281 sumantur
1268 2218 1326 2281 boc
1352 2225 1508 2297 tempore,
1537 2229 1618 2299 atque

338 2325 366 2385 id
390 2323 445 2386 alio
467 2340 527 2386 non
549 2323 599 2384 fist
621 2320 743 2384 consilio
765 2340 852 2401 quarn
875 2323 899 2383 si
921 2339 972 2384 vos
994 2339 1181 2383 communem
1203 2319 1409 2400 amplexemini
1431 2321 1618 2384 concordiam

339 2443 374 2486 sc
396 2425 519 2486 moisem
541 2424 668 2485 redeatis
689 2425 719 2484 iu
742 2425 884 2500 gratiam
907 2425 1000 2502 agite,
1022 2421 1194 2486 nobilissimi
1208 2439 1364 2503 proceres,
1387 2422 1544 2486 lortissimi
1558 2424 1617 2492 viri,

339 2523 437 2605 proles
459 2525 713 2594 Friderichorum,
745 2542 838 2604 genus
860 2523 1024 2596 Othonum,
1055 2525 1174 2604 sanguis
1203 2525 1437 2592 lleuricborum,
1465 2526 1647 2604 postmitastt

270 2635 338 2687 tuo.
353 2625 540 2696 carolorum,
569 2628 659 2705 agite,
692 2627 828 2705 iuquam,
857 2625 952 2687 redite
973 2627 1162 2708 ingratiam!
1190 2625 1274 2688 lacile
1296 2626 1353 2688 boo
1374 2624 1458 2688 vobis
1481 2635 1542 2698 est,
1571 2625 1618 2687 sed

339 2747 505 2807 quanquam
528 2727 627 2792 facile,
650 2729 687 2788 ita
711 2733 807 2789 umen
829 2726 957 2788 salutare
979 2728 1118 2807 imperio,
1147 2728 1249 2806 patrie
1276 2745 1312 2789 ac
1333 2727 1619 2790 Christianistomui·

339 2829 409 2901 bus,
431 2838 464 2891 ut
485 2831 568 2914 istam
590 2831 615 2891 si
631 2829 712 2890 robis
735 2829 822 2910 (quod
838 2830 936 2910 mero)
959 2829 1147 2900 concordiam
1166 2829 1239 2890 deus
1254 2827 1498 2912 indiderit„iure
1513 2831 1619 2909 optimc

340 2949 524 2992 communem
546 2929 670 2991 salutem
692 2927 841 3008 appellare
863 2927 957 2992 liceat.
1002 2930 1040 2992 Et
1068 2931 1246 2992 cunctamini
1273 2947 1307 2990 ac
1335 2935 1428 2992 totum
1455 2930 1620 2994 mnumiu
1703 2995 1704 3012 ἶ

327 3031 468 3118 ⁸medium
491 3031 561 3092 dare
582 3030 628 3094 rel
650 3037 830 3095 momentum
852 3031 991 3092 dillertisl
1013 3031 1082 3112 quin
1103 3049 1156 3092 ros
1177 3049 1295 3094 omnem
1316 3031 1365 3092 bic
1386 3050 1503 3094 moram
1525 3031 1649 3096 enisos
1703 3023 1704 3109 l

268 3187 271 3196 ,
341 3135 436 3202 iuvat,
460 3139 489 3193 et
509 3131 662 3221 confestim
684 3131 820 3194 omnibus
842 3132 980 3203 salutem,
1007 3131 1089 3193 vobis
1112 3134 1198 3194 etiam
1219 3132 1336 3196 laudam
1363 3139 1400 3196 ac·
1425 3133 1553 3212 gloriam
1575 3153 1622 3214 pa·

272 3247 339 3298 tiso.
351 3252 435 3296 rere:
457 3243 565 3312 urgent
587 3253 637 3297 vos
658 3235 811 3296 bominum
834 3234 1001 3316 desyderia,
1021 3233 1144 3314 impellit
1165 3233 1285 3315 publica
1306 3235 1474 3302 necessitas.
1513 3237 1559 3296 An
1574 3233 1622 3296 ali·

340 3337 406 3415 quis
427 3345 555 3398 vestrum
579 3345 622 3398 cst
642 3338 727 3397 cuius
748 3335 868 3396 auribus
890 3354 951 3396 non
972 3337 1156 3400 insonuerint
1187 3338 1240 3398 ista
1269 3337 1425 3417 ‘Respicite
1447 3355 1520 3410 nos,
1545 3339 1624 3417 priu-

340 3439 435 3516 cipes,
459 3437 606 3500 defendite
626 3415 915 3508 lortuuasnostras,
944 3444 1115 3500 conservate
1143 3437 1326 3517 dignitatem,
1356 3436 1510 3530 depelbtc·
1522 3439 1623 3542 ipteri·
1702 3417 1703 3470 3

339 3540 431 3600 tum'l
466 3540 544 3618 Ergo
577 3541 652 3617 agite
682 3558 728 3606 ex,
745 3537 795 3600 illo
823 3538 952 3601 obscuro
985 3539 1103 3600 desidia
1137 3558 1172 3600 ac
1208 3542 1400 3604 cunctationis
1434 3557 1566 3603 carcere·
1592 3543 1652 3601 us

271 3642 581 3720 §conpetentissimurn
603 3659 680 3701 verae
702 3639 803 3718 gloria
825 3659 961 3720 campum
984 3641 1143 3719 erumpite!
1165 3641 1262 3721 Prope
1284 3642 1374 3704 hostis
1396 3649 1453 3714 est,
1477 3661 1541 3706 non
1556 3659 1624 3704 coc-

342 3741 515 3803 temuendus
537 3741 600 3812 ille,
629 3760 667 3803 ne
689 3742 882 3820 negligendus
903 3743 1021 3820 quidem
1043 3741 1173 3806 autnon
1195 3743 1309 3822 magnis
1330 3743 1522 3823 apparatibus
1549 3746 1626 3806 exci-

340 3842 478 3922 piendus,
503 3845 552 3922 qui
574 3863 641 3905 cunr
664 3845 739 3906 intra
762 3833 877 3913 Asiam,
902 3861 990 3922 qnam
1012 3843 1201 3922 possidebat‚·
1217 3847 1369 3906 continere
1392 3863 1424 3906 se
1438 3861 1499 3906 uon
1515 3853 1625 3925 posset,

341 3944 448 4005 bonam
469 3944 596 4023 Europae
617 3953 732 4023 partem
754 3946 878 4024 imperio
900 3962 954 4006 suo
980 3944 1127 4022 adiunxit,
1156 3945 1223 4007 iude
1251 3931 1376 4007 rursum¹
1398 3947 1504 4026 quietis
1534 3949 1625 4028 impa-

340 4046 440 4110 tientia
461 4045 588 4106 dlricom
610 4047 713 4107 invasit
734 4065 768 4106 ac
791 4045 879 4108 veluti
899 4047 1035 4108 immanis
1050 4043 1318 4128 bestia'humauum
1333 4047 1434 4108 sitiens
1448 4051 1654 4127 augumento

341 4143 451 4206 devicta
474 4146 557 4226 Syria
585 4153 614 4208 et
641 4147 778 4226 quiequid
807 4149 886 4210 iuxta
914 4147 1073 4210 Sulthanus
1100 4147 1283 4228 possidebat,
1313 4147 1399 4215 simul
1414 4151 1563 4230 aegypto
1591 4149 1625 4211 ad
1675 4137 1701 4152 '¹

341 4245 441 4322 iugum
464 4247 560 4318 ducta,
584 4267 685 4309 omnes
707 4250 737 4308 iu
759 4266 814 4308 nos
836 4250 1027 4328 cogitationes
1049 4268 1084 4310 ac
1106 4251 1269 4311 universam
1292 4248 1362 4310 belli
1377 4247 1484 4312 molem
1501 4269 1625 4314 conru-

341 4355 406 4406 tens
428 4345 540 4408 cladem
561 4325 650 4409 ltaliae
659 4395 671 4434 ,γ
689 4350 852 4410 vastitatem
874 4351 1046 4420 Pannoniis,
1076 4350 1190 4430 lllyrico
1219 4369 1253 4412 ac
1280 4350 1445 4422 Sarmatiae,
1470 4360 1626 4430 postremo

274 4465 340 4515 ersa.
354 4447 585 4533 uoltisquoque
613 4448 777 4529 pericrdunr
805 4453 937 4516 intentat.
981 4451 1056 4514 Huic
1083 4452 1133 4514 tali
1161 4451 1367 4514 tam0luriosae
1388 4451 1482 4514 bene
1505 4454 1627 4522 simnos

350 4585 430 4592 -ι--η

411 4649 421 4682 ⁸
438 4648 527 4701 libeat
542 4667 611 4702 corr.
625 4659 654 4700 Η.
673 4651 742 4702 libet
761 4657 783 4702 1.
794 4657 818 4702 2.
871 4652 892 4686 ¹⁴
909 4636 1019 4705 missum
1037 4657 1095 4706 edd.
1152 4653 1174 4687 ²⁸
1192 4653 1447 4708 tantum'2.'red11.
1463 4670 1539 4706 corr.
1558 4663 1586 4707 ut
1606 4660 1627 4708 l.

342 4733 521 4786 badettotom
571 4735 895 4788 *talamascas
947 4736 1022 4789 ”ac
1035 4743 1091 4790 1.2.
1112 4745 1141 4790 at
1157 4745 1187 4790 Η.
1238 4737 1378 4791 “bellare
1395 4743 1422 4790 1.
