3468 5512
537 483 646 520 COMBA
659 485 753 520 mvn
766 484 944 526 rabbinorum
957 483 1035 521 MVS-
1238 515 1242 522 .
1351 453 1425 524 463

140 639 192 717 quii
216 637 286 700 velit
307 641 434 701 suaviter
455 641 567 710 vivere,
599 639 681 718 quasi
708 639 772 720 bec
800 637 865 700 iilos
896 640 1039 716 imprimis
1062 641 1117 700 viia
1140 639 1253 700 deceat.
1295 639 1347 699 llvi
1369 640 1494 712 maican.

140 740 294 803 Laurentii
315 741 434 802 liutteni
463 743 492 802 in
521 740 622 803 literas
648 741 805 802 referenda
837 739 988 816 frugalitas
1014 757 1120 818 magno
1149 739 1235 801 nobis
1263 739 1299 800 ad
1326 737 1428 817 gloriae

139 841 286 906 ambitum
308 845 495 904 incitamento
518 861 581 904 csse
604 841 706 904 debet:
734 845 760 902 is
789 861 855 903 cum
877 839 1025 920 locuplete
1047 848 1124 902 esset
1141 858 1235 902 censu
1258 859 1292 902 ac
1313 841 1344 900 in
1365 859 1427 903 ma·

140 947 209 1021 gnis
229 947 316 1006 etiam
339 947 504 1024 principum
524 953 696 1030 ¹nostrorum
719 944 842 1021 negotiis
857 942 934 1004 domi
950 944 1061 1020 pariter
1076 961 1111 1003 ac
1124 942 1234 1004 militiae
1249 949 1426 1026 versaretur,

103 1067 116 1105 s
142 1049 173 1108 in
196 1065 280 1111 suam
302 1047 421 1114 domum
444 1050 543 1126 piper,
567 1065 698 1116 motum,
721 1044 850 1106 zinziber
873 1051 902 1105 et
915 1044 945 1106 id
960 1061 1054 1121 genus
1069 1045 1225 1123 peregrina
1241 1045 1426 1109 condimenta

138 1165 293 1228 nunquam
315 1149 445 1219 admisit,
469 1167 524 1211 nec
546 1148 602 1210 allo
624 1149 688 1226 ipse
710 1165 799 1226 quam
822 1165 856 1206 cx
880 1154 980 1207 nostra
995 1145 1062 1206 laun
1077 1148 1252 1240 vestimento
1268 1148 1310 1208 uti
1325 1147 1427 1212 solitus

139 1259 201 1321 est,
225 1269 292 1313 cum
316 1251 354 1312 ob
376 1251 453 1313 bene
474 1259 586 1328 gestam
608 1269 672 1312 rem
694 1250 830 1328 pretiosae
852 1246 892 1309 iili
915 1247 1091 1328 quandoque
1118 1255 1213 1310 vestes
1235 1249 1424 1313 donarentur.

138 1353 232 1432 idque
254 1370 312 1413 non
333 1361 446 1414 tantum
469 1353 595 1416 iaciebat
615 1354 704 1430 ipse,¹
718 1351 768 1412 scd
792 1365 898 1428 magno
921 1352 1008 1410 eiiam
1030 1350 1108 1430 apud
1130 1349 1256 1430 equales
1270 1368 1340 1414 suos
1355 1370 1494 1424 con-cm,

139 1456 216 1516 vicio
231 1473 330 1519 mores
345 1454 497 1516 bominum
512 1454 722 1525 insectabatur,
747 1454 840 1533 ‘quasi
862 1470 920 1512 non
941 1451 1021 1532 apud
1038 1452 1099 1512 nos’
1122 1453 1257 1532 inquiens
1279 1461 1426 1519 ‘nascatur

106 1577 130 1618 io
141 1575 203 1636 quo
218 1559 244 1618 si
258 1557 333 1644 gule
348 1555 569 1619 oblectamentis
585 1575 659 1635 opus
674 1557 719 1626 sit,
736 1554 849 1616 condiri
864 1563 964 1616 nostra
981 1556 1102 1632 possint,
1118 1560 1169 1616 aut
1186 1556 1424 1619 vestimentorum

140 1661 277 1738 corporis
298 1661 425 1738 pretium
447 1661 536 1720 animi
564 1658 731 1738 qualitatem
761 1657 883 1733 arguat'.
929 1655 987 1718 Sed
1014 1656 1053 1717 de
1079 1656 1136 1717 hoe
1163 1659 1238 1728 viro,
1266 1675 1303 1719 ne
1330 1677 1494 1736 nicampns,

139 1757 182 1822 ibi
204 1760 328 1838 gloriam
351 1769 469 1838 captare
486 1760 606 1830 videar,
630 1759 711 1839 loqui
735 1759 865 1822 desinam
888 1760 912 1819 si
934 1758 991 1818 boc
1013 1759 1096 1836 prius
1118 1759 1235 1830 dixero,
1258 1761 1295 1820 ita
1318 1763 1426 1834 sentire

138 1881 204 1932 me,
232 1880 293 1923 non
316 1863 440 1941 perinde
462 1862 617 1940 pulchrum
642 1881 705 1924 esse
728 1880 762 1923 er
785 1861 841 1922 bac
863 1859 986 1930 tamilla,
1016 1860 1066 1920 ubi
1093 1861 1226 1938 quaedam
1255 1861 1363 1942 alioqui
1384 1864 1425 1928 it·

140 1966 278 2050 ctaticuis
300 1965 422 2030 materia
445 1965 616 2034 invenitur,
631 1977 718 2042 quam
741 1963 818 2026 illius
840 1969 979 2043 nepotem
1001 1963 1050 2040 qui
1073 1962 1115 2022 sic
1137 1964 1239 2024 vixerit
1261 1967 1350 2026 nasci.
1389 1965 1492 2040 Elim.

104 2068 271 2131 asmaiores
293 2067 411 2144 quidem
434 2067 526 2126 nostri
548 2085 583 2126 ac
604 2065 659 2136 illi,
690 2083 764 2146 quos
785 2065 881 2125 adbuc
905 2053 1028 2125 vidimus
1056 2066 1157 2143 pueri,
1186 2083 1273 2128 senes
1295 2083 1363 2128 cum
1384 2069 1427 2129 sic

138 2169 307 2237 cenarem,
335 2169 377 2229 sio
405 2170 596 2239 vestirentur,
624 2167 702 2230 bene
731 2168 894 2229 constitutis
922 2165 1098 2241 corporibus
1126 2166 1245 2228 luerunt
1273 2175 1303 2230 ct
1324 2175 1426 2230 contra

138 2271 251 2332 famem
272 2288 306 2332 ac
328 2271 419 2339 sitim,
443 2270 536 2348 frigus
559 2277 587 2330 et
608 2279 710 2332 astum
733 2287 787 2347 per
808 2267 918 2332 laboris
932 2268 1098 2345 patientiam
1115 2269 1266 2339 induratis,
1289 2289 1356 2332 cum
1373 2289 1427 2332 ttos

139 2373 176 2433 ad
200 2373 310 2450 primas
331 2373 428 2432 statim
450 2374 572 2450 pruinas
594 2389 697 2433 manus
719 2389 754 2431 ac
776 2370 866 2449 pedes
888 2354 1111 2440 contrahamus,
1133 2388 1169 2430 ac
1189 2372 1347 2451 incipiente
1368 2383 1426 2437 sla·

137 2475 192 2534 tim
215 2473 321 2553 hyeme
341 2473 506 2552 triplicibus
527 2475 695 2536 muniamur
716 2471 857 2551 pellibus,
886 2479 938 2540 aut
964 2473 1040 2532 intra
1067 2469 1116 2532 illa
1148 2489 1202 2534 nos
1232 2475 1427 2540 recondamus

101 2576 302 2654 rotepidaria,
331 2575 409 2637 unde
436 2594 495 2637 non
519 2577 632 2637 eximus
654 2577 710 2636 uisi
733 2575 768 2635 ad
790 2575 919 2640 mediam
941 2575 999 2634 iam
1021 2581 1149 2634 estatem
1173 2582 1304 2638 torrente
1327 2585 1356 2638 et
1378 2597 1426 2640 ca·

138 2675 254 2740 loribus
276 2679 374 2738 omnia
396 2677 538 2739 adurente
554 2678 629 2747 sole:
654 2696 735 2746 cum,
758 2678 887 2756 inquam,
910 2678 955 2736 vix
979 2676 1110 2738 decimus
1132 2678 1255 2756 quisque
1277 2697 1357 2742 nune
1378 2699 1493 2756 ronan

137 2781 271 2858 periatur
292 2782 322 2839 in
346 2780 503 2842 Germania
526 2779 685 2850 nobilium,
715 2780 765 2858 qui
793 2797 851 2840 non
880 2786 930 2839 aut
957 2779 1087 2857 podagra
1109 2777 1224 2842 laboret
1245 2790 1295 2842 aut
1317 2785 1424 2866 arti-cu,-

138 2881 196 2942 lari
219 2871 327 2943 morbo
349 2867 497 2944 crucietur
519 2889 569 2942 aui
590 2882 742 2962 hydropisi
768 2881 938 2950 infestetur,
967 2881 1071 2950 ischia,
1099 2878 1182 2958 lepra
1210 2889 1261 2943 aut
1288 2881 1335 2946 illa
1364 2903 1424 2946 ma-

137 2985 218 3047 nima
246 3001 346 3048 eccum
375 2982 451 3044 mala
478 2984 634 3046 invebente
661 2983 766 3045 morbo
795 2981 905 3044 Gallico
939 2975 1101 3044 divsxetu‘n
1146 2983 1308 3064 Aliquando
1335 2987 1493 3065 igiturest.

100 3109 129 3148 ea
140 3085 179 3146 ad
202 3103 256 3171 nup
279 3086 411 3148 redimus
432 3085 564 3148 atillam
585 3087 641 3151 bac
664 3087 796 3154 natione,
820 3084 886 3162 boc
900 3083 1164 3164 imperio'dignam
1187 3087 1370 3166 ingredimur
1387 3091 1426 3150 vi·

137 3187 215 3248 tam!
238 3207 325 3267 quam
349 3189 435 3250 etiam
459 3190 522 3268 qui,
547 3198 579 3249 ut
600 3189 630 3248 bt
654 3206 728 3266 quos
751 3189 825 3256 diti,
849 3185 977 3248 molliter
999 3191 1085 3250 nimis
1108 3191 1221 3260 vivunt,
1244 3199 1341 3252 tamen
1364 3190 1426 3254 lau·

138 3289 205 3348 dari
227 3289 304 3368 apud
327 3307 358 3350 se
381 3293 546 3370 patiuntur:
575 3309 671 3369 neque
701 3293 777 3352 euim
807 3308 984 3369 quemquam
1014 3290 1075 3350 lere
1104 3292 1225 3352 istorum
1256 3311 1320 3354 esse
1342 3302 1424 3372 puto,

138 3393 191 3469 qui
215 3392 350 3452 etiamsi
373 3393 469 3452 studio
492 3395 572 3455 omni
594 3392 745 3454 mollitiem
769 3391 847 3452 colat
890 3399 917 3452 et
946 3389 1198 3467 indulgentissime
1221 3395 1300 3456 circa
1323 3395 1425 3458 luxum

138 3481 236 3562 volvat}
257 3511 315 3554 non
339 3495 368 3584 in
392 3493 455 3556 aliis
477 3500 574 3554 tamen
598 3483 696 3555 oderit
716 3513 779 3554 cam
804 3495 905 3560 vitam;
928 3494 984 3553 nisi
1008 3500 1051 3553 est
1073 3493 1146 3554 adeo
1168 3511 1221 3572 per
1243 3493 1425 3558 incontioeb·

98 3619 127 3661 ευ
141 3595 213 3654 tiam
236 3603 398 3657 excaecatus
421 3596 501 3675 quis,
525 3596 650 3656 utlaius
671 3602 750 3658 amet
771 3596 884 3673 perdite
907 3603 1035 3656 moratos
1058 3595 1271 3676 Sardanapalos
1286 3605 1314 3658 ct
1328 3597 1425 3660 Helio·

137 3845 164 3884 n
183 3832 242 3886 inm
260 3830 345 3896 mbtiti
362 3831 508 3907 emmelim
524 3825 555 3898 ³¹⁰¹
574 3834 631 3888 itii.
667 3833 714 3898 lira
733 3835 771 3888 iob
790 3832 822 3895 id)
840 3834 905 3886 mein
918 3833 1100 3898 atticotorum
1113 3837 1154 3888 uir
1166 3835 1255 3900 iprum
1269 3835 1318 3900 tiri
1330 3838 1358 3890 io
1371 3837 1421 3904 tritt
1432 3853 1492 3903 pro.

136 3914 190 3981 buit
211 3915 299 3978 iuml,
318 3922 366 3968 aab
385 3931 422 3971 mr
439 3925 525 3972 onom
540 3924 569 3972 ri
587 3921 727 3984 aasentias
746 3920 835 3972 ivirimr
854 3910 911 3984 tritu
929 3920 955 3984 [o
973 3921 1007 3972 im
1023 3922 1076 3980 rodi
1100 3919 1141 3984 otii
1165 3923 1219 3974 amb
1243 3921 1319 3986 icium
1341 3924 1423 3986 attilii

135 4003 209 4056 ocari
222 3999 283 4054 nita
297 4001 407 4068 baltildis
427 4004 517 4056 litium
534 4005 659 4070 primumn
679 4009 766 4060 morbi.
805 4001 870 4068 bilo
889 4004 950 4069 [einr
969 4019 1009 4057 om
1026 4005 1297 4072 circumdatione}
1320 4009 1491 4072 bultio-§.re

137 4088 183 4150 tid)
202 4084 239 4150 ci
253 4101 366 4152 mimia,
391 4085 414 4152 [o
433 4086 466 4154 [ίε
482 4089 527 4152 lats
543 4090 594 4141 irai
613 4092 650 4142 σε’
669 4091 720 4144 tier
738 4091 797 4154 betta
814 4091 906 4154 octab}
929 4091 957 4142 in
980 4089 1064 4156 [roban
1088 4091 1136 4154 iiii
1159 4089 1200 4154 biii
1222 4089 1259 4154 oti
1277 4101 1320 4145 om
1343 4094 1424 4146 mittet

99 4174 223 4240 assumet
239 4171 287 4224 alit
306 4173 423 4236 nantino
447 4176 511 4225 taren
531 4165 563 4237 ab
586 4175 701 4240 tritium,
726 4175 750 4240 ia
774 4188 832 4228 mon
856 4177 900 4240 itu
923 4182 998 4227 onom
1015 4179 1086 4240 seban
1109 4180 1264 4229 maimonem
1287 4177 1346 4230 tum
1370 4181 1492 4242 cinitot,

135 4257 243 4322 actuosi
260 4256 341 4320 tinet,
359 4266 399 4311 mr
417 4257 457 4309 nit
473 4257 512 4312 rit
528 4263 603 4322 onim
622 4255 655 4315 mi
672 4260 774 4312 iteruri
793 4263 833 4322 tat
856 4261 893 4313 oo'
917 4268 1001 4313 tarem
1026 4262 1191 4326 itenditur,
1212 4269 1239 4327 m
1261 4263 1423 4328 obictumst

136 4353 189 4393 narr
208 4341 244 4392 iri
262 4337 345 4406 ircim
363 4333 396 4393 mi
415 4339 514 4406 [cupro.
550 4341 635 4408 bertii
655 4341 705 4406 itit
724 4358 771 4396 ons
787 4347 840 4408 bod)
858 4345 898 4398 siu
917 4349 966 4398 mot
985 4346 1054 4408 colet
1071 4351 1122 4400 alti
1141 4352 1242 4411 rupturi
1260 4350 1491 4412 emendicabat.

137 4425 197 4490 [cib
212 4426 307 4490 territat)
325 4425 391 4478 trbm
410 4425 524 4493 uiritim
544 4435 571 4494 m
594 4436 667 4482 meum
689 4442 737 4482 ons
760 4432 814 4494 aab
836 4428 933 4482 ricmis
957 4434 1003 4483 net
1026 4445 1059 4483 on
1082 4431 1159 4502 itari,
1178 4438 1207 4488 oi
1231 4443 1317 4498 rupem
1341 4435 1372 4502 itt
1390 4423 1423 4504 Ji

136 4511 192 4564 lobi
210 4513 267 4575 nod>
285 4512 481 4565 commeantia
498 4512 531 4578 [ίε
548 4514 656 4584 nitjtbi
674 4514 711 4564 ου’
729 4513 825 4578 irunt,
848 4514 931 4579 onim
948 4515 1044 4582 boatum
1062 4521 1135 4582 bonit
1159 4532 1202 4584 mr
1226 4517 1366 4586 mriiuttidp
1383 4533 1424 4586 m-

207 4711 338 4778 ¹iprimia
356 4717 380 4766 2.
427 4715 562 4767 ²litieras
581 4719 606 4768 3.
657 4714 768 4768 ⁸aensu
785 4721 810 4768 2.
861 4718 1009 4786 lpretiose
1029 4723 1147 4774 tm.
1198 4721 1221 4756 ²⁰
1239 4721 1304 4788 iam]
1324 4729 1378 4774 tem
1395 4726 1422 4774 2.

135 4796 158 4830 ²²
178 4796 222 4846 Gi.
236 4798 353 4848 Lucina.
368 4814 393 4863 p.
407 4800 465 4850 lbi,
480 4801 513 4850 ad
532 4817 557 4852 v.
571 4803 596 4851 4.
611 4803 660 4852 cit.
711 4801 733 4834 ²⁸
751 4803 882 4854 molitiem
902 4809 927 4854 2.
985 4803 1118 4860 3ίίιιίείτίασ
1138 4823 1162 4857 o.
1216 4815 1342 4871 tumis.
