3464 5526
350 405 397 476 66
479 433 602 472 mrum
620 437 649 470 nt
669 437 761 472 DVGBU
780 437 1059 479 WIRTENPERGENSE!
1078 438 1181 473 ormo
1199 439 1256 476 1111.
1276 440 1305 476 Ι.
1319 439 1382 476 AVG.
1396 439 1422 476 A.
1438 435 1496 476 llll.

349 597 405 652 est:
421 590 506 652 ¹illam
530 597 579 682 tuo¹
602 590 756 673 complexu
777 590 912 668 dignatus
935 611 967 652 es
988 587 1148 661 uruecbam;
1177 592 1235 654 boc
1263 599 1290 654 le
1319 594 1436 656 nomine
1458 594 1528 658 buic
1551 613 1629 656 cnm-

281 707 338 757 §.as
351 693 473 754 mendas
494 694 643 763 sexui‚·et
664 694 769 764 vincis,
791 689 891 754 salvus
911 711 951 754 es.
990 713 1078 774 quam
1099 701 1130 756 tu
1154 694 1240 756 aliam
1263 697 1342 758 enim
1363 696 1630 771 mulierembono·

345 796 417 856 rasti
439 813 582 875 unquam,
606 793 841 876 quandoquidem
864 793 1012 860 bonorare
1034 796 1111 875 apud
1135 805 1164 858 tc
1186 775 1244 858 est‘
1260 799 1355 876 stupri
1377 797 1540 860 collusione
1563 817 1628 878 per·

347 887 488 960 lu'nderel
510 897 635 976 proinde
647 897 732 961 istud
756 895 855 958 desine
877 896 972 960 velum
1002 901 1137 978 nequitiae
1166 907 1223 960 tuac
1250 899 1426 962 obtendere:
1455 908 1558 964 notum
1589 907 1629 962 est
1717 957 1718 960 ,

347 1014 434 1079 quam
457 1005 657 1060 conservatam
679 997 750 1063 selis
772 999 928 1062 mulierum
951 1001 1137 1079 pudicitiam,
1167 1002 1217 1079 qui
1244 1003 1331 1062 unius
1360 1009 1389 1062 et
1410 1000 1529 1064 alterius
1552 1001 1644 1063 raia-⁵

279 1104 445 1164 sao-mirare
468 1103 598 1162 omnium
621 1103 701 1162 inte
724 1101 823 1162 odium
846 1103 1006 1190 concitasti.
1052 1101 1196 1164 Caeterum
1226 1109 1259 1164 ut
1279 1109 1310 1163 te
1331 1101 1478 1164 absolvam
1502 1104 1627 1174 tandem.
1717 1141 1718 1168 r

346 1205 387 1265 sic
409 1205 468 1273 aio,
491 1204 545 1264 nisi
567 1203 625 1265 tuis
647 1204 709 1264 istis
731 1205 835 1275 armis,
859 1221 924 1285 qum
946 1203 983 1265 ad
1005 1203 1124 1266 sceleris
1145 1205 1189 1266 tui
1209 1205 1305 1266 ioedus
1323 1207 1534 1284 conquisivisti,
1560 1224 1627 1267 con·

345 1307 415 1368 fisus
437 1315 539 1374 esses,
553 1322 702 1384 nunquam
726 1306 756 1366 in
777 1305 835 1366 boc
857 1305 981 1367 concilio
1003 1311 1062 1366 tam
1085 1304 1190 1368 bedam
1211 1325 1248 1368 ac
1269 1324 1407 1384 spurcam
1428 1307 1627 1368 defensionem
1717 1329 1718 1380 l

345 1409 471 1478 inesses,
494 1425 550 1468 nec
572 1406 666 1484 siquid
689 1407 753 1467 iure
775 1415 908 1487 peteres,
931 1407 976 1470 bis
993 1411 1093 1470 contra
1109 1425 1164 1470 nos
1179 1409 1324 1486 tigmentis
1338 1427 1410 1472 usus
1424 1419 1513 1470 esses.
1536 1427 1627 1489 quare
1717 1401 1718 1486 i

347 1517 379 1570 ut
402 1507 445 1570 vel
467 1526 526 1570 uno
548 1507 638 1570 verbo
661 1515 750 1568 totam
774 1507 852 1572 illam
875 1517 955 1571 tuam
978 1508 1177 1572 defensionem
1201 1511 1317 1590 penitus
1338 1509 1467 1589 iugulem
1490 1519 1520 1573 et
1536 1513 1656 1573 extio-rr
1717 1491 1718 1528 i

278 1623 448 1690 §.anguem
477 1597 534 1671 boc
559 1609 679 1671 tandem
706 1609 816 1670 dicam:
845 1611 876 1672 Si
909 1629 976 1672 cum
1006 1619 1055 1673 tuo
1084 1611 1161 1672 lacto
1188 1610 1247 1672 ulla
1270 1615 1424 1676 coniuncta
1447 1620 1529 1682 esset
1545 1615 1626 1682 ratio,
1717 1639 1718 1696 ἦ

345 1731 405 1774 noo
427 1719 456 1774 te
478 1719 521 1774 tot
542 1709 715 1774 nobilissimi
736 1711 870 1774 homines
900 1714 929 1774 in
957 1719 1008 1774 tua
1035 1715 1117 1792 prius
1141 1713 1208 1778 aula
1232 1720 1341 1794 tuoque
1363 1717 1503 1777 comitatu
1525 1715 1628 1778 versati

346 1813 567 1876 ob·inaudilam
589 1812 709 1875 sceleris
730 1815 774 1876 tui
795 1814 940 1876 diritatem
962 1815 1176 1889 deseruissent,
1198 1825 1295 1893 neque
1317 1824 1348 1878 tu
1369 1823 1431 1878 tras
1454 1815 1628 1878 clarissimos

275 1995 279 2006 .
345 1919 508 1995 principes,
537 1917 617 1978 huuc
645 1914 808 1977 Palatinum
836 1924 864 1978 et
892 1919 954 1979 eius
983 1916 1104 1979 lratrcm
1126 1917 1330 1980 Fridericbum
1353 1936 1412 1980 una
1435 1936 1503 1980 cum
1525 1919 1628 1980 Wirci·

270 2060 276 2072 ·
344 2019 486 2098 burgensi
514 2018 659 2098 Episcopo
689 2021 899 2081 intercessores
926 2009 1004 2098 apud
1032 2037 1086 2082 nos
1114 2018 1322 2090 subornasses,
1351 2022 1400 2100 qui
1429 2026 1480 2080 tuo
1511 2022 1627 2082 nemim
1637 2033 1657 2072 ¹⁵
1715 2015 1718 2096 l

345 2123 486 2184 alternent
507 2119 560 2182 llll
581 2117 659 2180 milia
682 2116 841 2182 aureorum
863 2139 1030 2191 nummum,
1054 2128 1087 2182 ut
1109 2122 1324 2182 accusationem
1335 2121 1572 2194 dimitteremus:
1592 2125 1629 2184 si·

346 2215 465 2302 mulque
489 2223 674 2298 consignatas
695 2229 745 2282 tuo
769 2231 797 2284 et
818 2221 936 2284 illorum
958 2225 1046 2301 signis
1069 2221 1195 2294 litteras,
1219 2223 1326 2304 quibem
1347 2225 1378 2284 in
1400 2232 1579 2303 perpetuum
1594 2224 1628 2286 dc
1717 2217 1718 2296 l

244 2377 247 2384 .
347 2329 460 2388 iuvenis
481 2325 647 2386 innocentia
671 2331 700 2384 et
722 2325 800 2402 quod
822 2330 852 2384 tu
876 2323 958 2386 illum
979 2324 1059 2386 nulla
1081 2343 1134 2390 sua
1156 2325 1336 2404 culpa,·sed
1358 2327 1402 2386 ira
1424 2328 1557 2404 percitus
1578 2325 1629 2386 ob·

278 2435 337 2486 §.ts
346 2429 543 2496 truncaveris,
566 2431 704 2488 testatum
727 2433 811 2486 esset.
856 2425 956 2488 Recita
979 2425 1146 2505 exemplum
1167 2425 1332 2488 litterarum
1355 2447 1427 2506 quas
1442 2427 1530 2489 nobis
1544 2427 1629 2488 obtu·

345 2529 444 2592 lerunt
463 2537 524 2591 tres
547 2529 709 2609 principes:
739 2528 819 2588 rides
848 2544 935 2607 quam
961 2527 1063 2606 paucis
1092 2527 1189 2590 verbis
1216 2535 1354 2608 quantam
1384 2537 1502 2592 tuorum
1532 2530 1660 2590 consi-a
1717 2515 1718 2522 ἵ

235 2661 238 2668 v
346 2632 460 2694 ciorum
487 2639 598 2692 struem
627 2630 793 2702 deiecerim.
842 2627 912 2690 illud
941 2647 1010 2690 vero
1039 2627 1222 2700 addendum,
1255 2629 1334 2710 quod
1368 2632 1422 2692 nisi
1455 2633 1555 2692 omnia
1588 2631 1629 2690 sic
1717 2637 1718 2690 Ὺ

345 2733 491 2795 baberent
511 2739 545 2792 ut
566 2751 582 2793 a
604 2731 689 2793 nobis
711 2731 860 2810 proposita
887 2740 969 2802 sunt,
998 2748 1059 2792 nen
1087 2731 1175 2792 istud.
1193 2739 1270 2794 esset
1297 2733 1424 2794 nominis
1452 2735 1493 2794 tui
1521 2731 1629 2800 odium,
1713 2769 1718 2802 a

346 2837 401 2898 ista
423 2833 539 2914 publica
561 2831 726 2903 detestatio,
755 2851 814 2896 nec
832 2831 880 2894 illa
902 2839 952 2894 tua
974 2833 1016 2894 sic
1038 2840 1140 2912 aperte
1161 2841 1373 2913 agnosceretur
1401 2835 1500 2894 vitatio
1529 2831 1630 2894 oculo·

346 2955 427 3004 rum,
450 2934 539 3005 lucis,
561 2933 680 2996 urbium
702 2953 736 2996 ac
759 2936 995 2997 conventionum.
1026 2933 1142 3008 ¹coritr'a
1163 2943 1262 2998 autem
1283 2942 1397 2997 tantum
1418 2941 1461 2996 tot
1487 2933 1629 2996 nobilium

347 3039 476 3099 virorum
499 3037 658 3098 exercitum
682 3054 789 3115 cogere
811 3038 959 3117 quomode
982 3038 1193 3116 potuissemus,
1216 3040 1242 3100 si
1263 3045 1312 3100 aut
1333 3035 1453 3100 talis'tu
1474 3054 1534 3098 non
1550 3050 1662 3098 essese
1717 3091 1718 3094 ,

275 3189 278 3202 ,
348 3146 399 3201 aut
421 3139 482 3200 eius
504 3157 591 3218 quem
614 3144 644 3198 tu
667 3137 825 3209 crudeliter
846 3141 1033 3212 interemisti,
1062 3140 1226 3201 innocentia
1255 3157 1315 3202 nen
1346 3139 1483 3201 omnibus
1505 3146 1574 3200 nota
1597 3157 1631 3199 ac

281 3253 338 3302 §.re
349 3247 450 3304 testata
471 3238 649 3302 haberetur?
670 3240 798 3326 Proinde
819 3241 866 3302 dic
886 3239 1094 3302 insidiatorem¹
1108 3241 1249 3302 occidisse
1270 3247 1315 3312 te,
1345 3250 1375 3304 et
1402 3243 1429 3303 ei
1456 3243 1508 3320 qui
1536 3249 1631 3302 morte

346 3362 400 3424 per
422 3351 450 3404 te
472 3342 586 3405 ablatus
606 3343 788 3422 respondere
811 3361 870 3402 uon
891 3347 1005 3424 potest,
1028 3342 1173 3422 perfidiae,
1193 3343 1374 3425 'proditionis
1396 3361 1430 3404 ac
1453 3341 1631 3405 maledicen-

347 3447 394 3506 tisa
416 3447 526 3508 crimen
549 3445 694 3523 impinge,
717 3444 805 3524 teque
826 3445 981 3507 occidendi
1000 3463 1119 3506 causam
1140 3444 1276 3506 babuisse
1291 3453 1320 3508 et
1335 3448 1400 3507 iure
1416 3463 1526 3507 cusum
1540 3446 1630 3512 refer,

348 3547 418 3610 dum
440 3565 542 3610 omnes
563 3545 725 3625 intelligant
747 3548 797 3629 qui
819 3563 897 3608 uunc
919 3548 1033 3616 vivunt,
1057 3545 1136 3608 nulla
1151 3549 1320 3625 ignoratum
1335 3549 1373 3608 sit
1386 3548 1552 3626 posteritas,
1574 3547 1663 3606 nisia

347 3655 406 3712 tarn
428 3647 627 3728 truculentum
650 3667 684 3709 ac
706 3655 895 3711 abortuum
918 3649 1025 3710 lactum
1048 3656 1140 3717 esset,
1162 3654 1275 3710 utnon
1298 3649 1387 3710 modo
1409 3667 1529 3710 omnem
1550 3649 1633 3728 peni·

345 3759 394 3813 tns
416 3751 615 3813 defensionem
638 3751 802 3829 relegeret,
825 3767 927 3812 verum
950 3752 1036 3834 etiam
1058 3749 1170 3826 nudum
1192 3749 1229 3811 ad
1245 3751 1355 3812 veniam
1373 3750 1484 3814 aditum
1499 3733 1633 3821 baberet,

348 3869 498 3932 nimquam
519 3857 549 3912 te
571 3853 724 3930 pecuniam
747 3852 913 3914 oblaturum
941 3852 1034 3915 ⁴luisse
1062 3871 1117 3931 qua
1144 3853 1365 3916 accusationem
1393 3852 1480 3920 nobis
1502 3869 1634 3917 emerca-

281 3955 434 4020 s.so.reris.
479 3951 550 4036 Quae
571 3971 638 4013 cum
662 3955 700 4014 ita
723 3956 795 4024 sint,
819 3960 848 4014 et
867 3961 896 4013 tu
913 3960 942 4014 ta
958 3953 1088 4016 omniurn
1102 3954 1265 4026 irriensione
1283 3951 1377 4017 teneri
1391 3956 1515 4026 sentias,
1538 3955 1634 4016 nostri

348 4072 418 4117 sero
445 4055 701 4117 commiseratione
727 4073 829 4117 omues
856 4056 1043 4118 vehementer
1071 4065 1233 4126 commotas
1260 4056 1314 4120 libi
1341 4075 1445 4120 necem
1473 4077 1507 4119 ac
1535 4055 1666 4135 ammos

349 4156 477 4218 atrocius
498 4173 570 4216 nece
593 4157 763 4234 imprecari,
788 4175 846 4236 quo
868 4158 986 4220 taudem
1009 4157 1129 4220 consilio
1151 4165 1194 4218 tot
1209 4157 1438 4224 clarissimorum
1454 4159 1633 4238 principum,

288 4331 289 4334 Ἴ
348 4265 393 4320 tot
414 4257 639 4324 fortissimorum
662 4260 900 4334 sitorumaures
922 4259 1086 4332 onerandas
1108 4259 1230 4329 duxisti,
1260 4266 1290 4322 et
1316 4262 1413 4339 potius
1441 4259 1554 4324 voluisti
1583 4258 1634 4320 illa

349 4359 435 4422 nobis
458 4366 577 4423 esterna
600 4359 704 4422 auxilia
728 4359 870 4430 obiicere,
900 4381 999 4441 quam,
1014 4362 1051 4424 ad
1078 4363 1171 4426 reniae
1197 4347 1376 4442 petitionem*
1393 4361 1544 4426 devolutus
1564 4362 1634 4423 eitae

284 4461 584 4525 §.scemandationem
605 4459 756 4541 polliceri?
778 4463 835 4525 Sed
857 4462 930 4526 nibil
952 4464 981 4524 iu
1004 4470 1032 4524 tc
1055 4466 1201 4544 quietarm,
1224 4461 1299 4524 nibil
1318 4471 1364 4525 est
1377 4464 1525 4528 sedatum:
1544 4480 1636 4525 ,mens

352 4597 553 4614 W

411 4639 430 4702 ’Β
448 4685 481 4719 se
501 4670 523 4718 1
542 4671 570 4717 et
587 4673 616 4716 H.
657 4663 678 4698 ¹⁰
697 4671 724 4716 ct
741 4673 771 4717 H.
791 4681 825 4717 ac
843 4631 946 4730 1.¹§§.
962 4667 1002 4716 77.
1016 4671 1086 4732 sqq.]
1107 4667 1216 4718 (livol.
1232 4667 1252 4717 l.
1266 4683 1292 4732 p.
1306 4665 1403 4732 84:sq.
1440 4663 1635 4718 “veraces

351 4753 374 4788 ¹⁴
393 4771 427 4806 no
445 4757 468 4804 1.
489 4760 516 4805 et
534 4757 564 4804 ll.
616 4749 684 4803 liet
702 4755 725 4802 1.
745 4753 820 4804 illum
838 4767 907 4804 corr.
920 4758 949 4802 H.
967 4768 1019 4818 rep.
1032 4757 1057 4806 2.
1075 4755 1123 4804 sed
1138 4753 1223 4818 petiam
1239 4750 1375 4816 scripserit
1393 4757 1422 4802 st
1439 4751 1513 4802 illum
1531 4751 1593 4800 iure
