3382 5516
178 457 201 500 ².
214 463 393 500 axuoansrro
406 462 443 498 an
456 461 602 500 rsrncrras
617 462 651 498 nu
665 461 693 498 ru
707 461 802 498 nseru.
811 455 1252 501 sanarer.consensissemus.
1287 432 1350 503 171

76 597 193 698 fatigare
215 622 397 682 Christianum
419 629 447 679 et
469 622 545 682 novis
569 639 682 680 onerare
709 620 754 694 (ne
774 619 860 680 dicam
890 621 1053 698 exenterare)
1084 622 1207 696 ,quotidie
1237 622 1355 685 tributis,

76 717 99 766 et
125 708 268 765 excoriare
289 723 431 783 pauperes.
476 707 604 766 Provenit
625 707 747 764 Pontlllei
770 723 802 763 ex
824 723 873 764 sua
896 715 967 764 terra
989 706 1102 781 reetlgal
1130 717 1259 782 quantum
1289 705 1356 764 nulli
1366 709 1424 764 §.rs

77 811 173 868 regum
196 792 428 854 Christianorum
456 799 485 849 et
506 801 596 849 tamen
617 791 698 869 pallia
721 791 849 854 emimus.
879 800 906 848 et
933 799 1019 850 umen
1041 793 1132 848 asinos
1154 809 1221 850 auro
1244 801 1358 850 onustos

76 879 190 936 llomsm
210 878 356 950 mittimus,
380 876 502 952 patibula
523 877 623 934 Christi
650 877 792 952 erigimus,
822 893 931 933 munera
958 877 1154 953 promittimus,
1185 895 1279 936 aurum
1307 895 1358 953 pro

60 961 194 1038 tplumho
216 972 365 1026 mutannis,
388 961 570 1036 negligentias
593 961 678 1035 (hem,
701 961 793 1037 lapsus
816 979 874 1018 sum
894 959 1005 1036 calamo)
1028 962 1208 1036 indulgentias
1237 963 1357 1037 undique

77 1048 256 1106 admittimus.
300 1048 321 1105 0
349 1047 488 1106 avamtiam
515 1048 672 1104 immensam
702 1055 837 1106 carentem
867 1047 963 1110 lundo,
989 1065 1083 1106 saurim
1112 1048 1357 1123 impurissimorum

77 1133 258 1191 nescientium
281 1133 468 1197 saturitatem,
492 1140 522 1193 ut
544 1140 587 1190 est
609 1133 680 1208 spud
702 1133 873 1209 prophetam.
916 1133 1030 1190 llandum
1058 1142 1131 1190 certe
1157 1141 1239 1208 puto,
1268 1140 1426 1192 emerem¹

78 1219 159 1292 pallis
183 1228 306 1276 sanetum
327 1219 411 1282 duco.
440 1218 521 1276 morlo
544 1217 571 1274 id
600 1219 688 1292 prosit
715 1227 762 1275 aut
789 1218 883 1292 pietati
912 1227 958 1275 aut
984 1218 1067 1275 nalem
1095 1218 1127 1274 ad
1149 1220 1358 1278 conservandam

77 1321 251 1360 communem
273 1303 437 1367 utilitatem:
459 1303 506 1361 sed
527 1317 588 1362 eum
612 1311 748 1377 utrunque
771 1304 869 1360 horum
892 1306 933 1360 tot
955 1303 1114 1360 saeculorum
1136 1304 1300 1379 experientia
1315 1323 1358 1362 ne·

47 1390 162 1450 illutet.
193 1395 221 1446 et
249 1388 331 1464 pallia
359 1397 462 1446 tantum
491 1387 631 1445 extiterint
657 1387 782 1446 simulata
810 1389 987 1446 instrumenta
1012 1388 1202 1462 perditissimae
1230 1390 1357 1452 avaritiae,

78 1482 175 1548 surgat
198 1475 250 1532 iam
272 1471 386 1549 aliquis.
408 1475 506 1531 iustam
528 1491 636 1532 causam
658 1473 737 1530 dandi
760 1473 882 1548 prolerat
904 1473 930 1530 in
953 1473 1089 1542 medium.
1111 1473 1153 1530 vel
1168 1475 1269 1532 timeat
1288 1475 1358 1532 Pon·

79 1559 158 1615 tiheis
180 1559 285 1618 lulmeu
308 1558 411 1634 probus
433 1559 578 1634 episeopus
600 1557 714 1634 aliquis,
742 1559 887 1618 eoncordia
916 1559 1027 1616 lratrum
1050 1575 1170 1633 puraque
1191 1560 1358 1643 conscientia

79 1643 195 1706 electus.
219 1645 266 1704 sed
288 1659 420 1719 respuens
442 1643 537 1701 multis
558 1645 656 1701 modiis
678 1654 823 1701 aureorum
846 1645 1093 1702 emereltomauum
1115 1647 1275 1702 centonem?
1297 1643 1424 1724 horsus.
1470 1659 1475 1664 ·

82 1729 159 1786 laniet
184 1736 261 1803 puto:
298 1747 351 1786 nou
374 1729 474 1805 prohat
494 1728 594 1787 Paulus
616 1729 758 1804 apostolus
779 1729 828 1804 qui
851 1747 901 1786 nos
923 1731 1063 1792 devorant,
1087 1729 1133 1802 qui
1154 1745 1205 1786 nos
1220 1732 1247 1786 in
1262 1729 1357 1788 taciem

54 1814 201 1877 ¹laedunt,
225 1814 272 1888 qui
294 1832 344 1871 uos
366 1815 393 1871 in
415 1815 572 1872 servitutem
595 1815 738 1888 redigunt,
762 1815 977 1890 quandoquidem
998 1831 1052 1870 non
1073 1813 1249 1872 Christianam
1271 1815 1358 1872 ehari-

80 1907 160 1956 tatem
185 1899 233 1956 sed
255 1916 356 1956 meram
376 1899 547 1976 ‘tyrannidem
571 1899 611 1956 illi
633 1917 690 1975 prae
713 1915 741 1956 se
765 1899 870 1962 lerunt,
899 1900 966 1956 larris
994 1899 1065 1956 laeto
1095 1898 1156 1957 lueo
1185 1900 1214 1957 in
1241 1897 1358 1974 pellibus

80 1983 166 2040 ovinis
190 1983 264 2040 intus
292 1983 372 2060 lupos
400 2001 511 2060 rapaces
537 1991 630 2059 agunt.
674 1985 791 2042 lantum
818 1985 908 2048 abest,
936 1985 965 2042 ll.
988 1983 1150 2047 venerande,
1178 1983 1358 2058 quod'velinr

80 2067 176 2144 Christi
201 2068 329 2126 vicariurn
350 2069 478 2127 conviciis
500 2069 691 2145 proscindere,
715 2076 745 2126 ut
768 2069 833 2127 mihi
855 2069 935 2128 etlam
957 2068 1001 2126 ille
1023 2083 1127 2126 summo
1150 2069 1177 2126 in
1192 2070 1297 2126 honore
1312 2057 1358 2128 ha·

80 2152 182 2210 hendus
204 2153 242 2210 sit
263 2171 343 2229 quern
365 2163 545 2230 conspureuta
567 2154 695 2228 sullragia
717 2163 888 2218 crearemur,
911 2155 945 2211 de
967 2171 1019 2228 quo
1041 2153 1123 2210 iocari
1146 2155 1246 2229 possis,

52 2245 75 2284 ²⁰
408 2239 528 2298 Vendere
550 2240 609 2298 iure
631 2247 737 2316 potest.
760 2247 861 2297 emerat
883 2239 928 2296 ille
950 2239 1032 2315 prius.
1087 2299 1097 2324 ο
1229 2291 1232 2300 .

81 2321 140 2379 llihi
164 2323 255 2380 iustus
276 2323 356 2382 dolor
386 2333 429 2383 est
456 2325 490 2382 oh
519 2325 649 2383 nefariam
677 2323 814 2382 avaritiam
839 2332 925 2391 totum
948 2324 1072 2382 mundum
1100 2323 1151 2381 suh
1179 2324 1273 2382 umbra
1295 2323 1426 2382 mli-§.¹⁶-

80 2408 167 2481 gionis
190 2405 324 2484 pollutum
347 2409 537 2486 Christumque
559 2427 621 2468 oum
643 2411 710 2485 ipsis
732 2410 786 2468 aris
809 2419 1012 2485 proponentem.
1048 2427 1127 2484 quem
1143 2417 1172 2466 tu
1188 2410 1252 2466 mihi
1268 2409 1356 2469 loeurn

81 2495 250 2566 quantumvis
273 2494 419 2553 ohseumm
441 2494 487 2552 illa
508 2496 672 2570 eonugiorte
694 2511 748 2552 non
770 2495 980 2554 contaminatum
1001 2495 1145 2552 ostendes?
1173 2510 1234 2569 quae
1262 2513 1357 2572 respu-

81 2575 149 2634 blica
172 2595 229 2636 non
250 2579 336 2636 multa
358 2581 466 2638 amisit?
489 2581 551 2655 quis
572 2581 701 2655 princeps
722 2581 764 2637 ius
787 2579 886 2642 avitum
909 2588 996 2639 servat
1018 2577 1171 2654 integrum?
1194 2599 1255 2656 quae
1271 2599 1359 2640 sacer·

52 2663 175 2720 ²idolum
196 2662 312 2738 collegia
335 2683 388 2722 non
404 2674 469 2723 sunt
483 2666 680 2724 contaminata?
703 2665 763 2740 quis
778 2665 1026 2742 pessimosmores,
1050 2682 1146 2723 nomen
1162 2666 1232 2741 apud
1249 2675 1374 2736 nostros¹

81 2748 195 2804 maiores
217 2748 433 2813 abhorrendum,
455 2751 608 2808 introduxit
630 2751 657 2806 iu
680 2750 848 2810 Germaniam
876 2759 904 2808 et
932 2769 991 2825 qum
1012 2751 1127 2810 honeste
1149 2752 1283 2808 nominari
1304 2769 1358 2809 non

82 2841 197 2905 possunt
215 2834 328 2892 doouit?
350 2836 397 2910 qui
419 2835 556 2894 loedarunt
577 2836 717 2893 hominum
739 2837 902 2896 societates?
931 2835 977 2911 qul
1001 2829 1102 2893 norunt
1123 2837 1234 2911 egregie
1256 2836 1358 2900 fallere,

40 2896 50 2920 ¹
83 2915 220 2992 deripere,
242 2920 379 2994 peierare,
403 2927 564 2979 testamenta
587 2934 756 2997 supponere,
784 2919 873 2979 diviua
903 2931 932 2978 et
957 2921 1071 2978 humana
1092 2921 1280 2996 prophanare,
1311 2923 1359 2980 mi·

149 3183 359 3244 ¹Christlaunm
411 3188 531 3244 tributis.
544 3189 667 3254 omis.Sp.
715 3189 777 3241 eins
793 3189 914 3254 quotidie
932 3201 1066 3256 pauperes
1084 3189 1208 3251 tributis,
1229 3193 1257 3240 at
1275 3206 1307 3241 ex
1326 3205 1359 3241 eo

83 3285 170 3320 errore
187 3288 323 3339 pauperes
342 3274 436 3325 faeere
448 3273 512 3326 2..3.'
555 3271 704 3340 lplumbo]
723 3273 815 3326 bullis.
862 3271 935 3340 hem]
951 3275 1106 3326 heu!.5.d.
1154 3273 1231 3340 lapso
1250 3273 1358 3340 polemo

83 3357 142 3405 2.3.
175 3355 305 3426 undique]
325 3360 428 3425 passim
440 3361 498 3410 edd.
551 3358 745 3424 'Prophetam
758 3358 911 3412 Danielem.
931 3357 1050 3425 [Daniel.
1064 3361 1092 3410 3.
1114 3359 1272 3410 Danielem:
1291 3357 1359 3425 Μ]

83 3437 162 3490 Certe
174 3457 263 3494 emere
281 3445 340 3494 edd.
373 3445 458 3508 salso:
474 3445 551 3496 undu
569 3457 668 3495 eanum
687 3445 785 3509 impnr.
798 3460 874 3495 nese.
887 3447 971 3496 satur.
990 3459 1025 3495 ee
1037 3444 1117 3494 Isaiae
1128 3444 1200 3494 LVI.
1209 3443 1248 3494 ll.
1260 3451 1360 3508 sumpto

82 3531 139 3572 snat
155 3527 316 3579 etDandum
329 3543 378 3580 aon
397 3529 486 3580 deesse
504 3529 586 3580 dedet.
622 3525 642 3560 ¹¹
662 3532 745 3595 atque
758 3528 869 3594 (ΝΜ.)
882 3529 1126 3580 emeiustamedd.'
1157 3525 1219 3594 Vel]
1233 3529 1287 3590 Qut
1299 3529 1357 3580 edd.

84 3609 204 3674 medium,
218 3613 264 3679 qui
276 3617 302 3664 2.
312 3617 337 3665 3.
374 3611 517 3664 ¹²·lulmen
528 3612 634 3664 Probus
647 3615 672 3662 2.
680 3617 706 3664 3.
742 3612 762 3646 ¹⁸
781 3612 901 3675 eleetos,
919 3627 973 3664 non
991 3613 1079 3664 faeiat
1096 3610 1175 3678 pu'lo,
1194 3611 1243 3662 ssd
1261 3627 1359 3664 eoneu-

84 3693 189 3758 placens
205 3695 299 3749 multis
312 3697 411 3749 mediis
424 3713 449 3748 a.
464 3715 487 3749 e.
501 3699 532 3748 R.
547 3703 699 3749 centonem.
713 3701 738 3748 2.
747 3703 773 3750 3.
809 3695 863 3732 ¹⁸⁴⁴
879 3699 939 3750 Non
952 3699 1038 3748 saciet
1050 3701 1115 3764 puto
1127 3701 1196 3750 orsu.
1207 3696 1253 3762 Sp.
1266 3703 1292 3746 et
1304 3701 1357 3749 23.

85 3775 105 3808 ¹⁴
118 3779 188 3830 Panl.
201 3799 244 3848 ep.
257 3781 295 3833 11.
310 3782 345 3832 ad
358 3782 421 3834 Cor.
434 3781 531 3835 ΚΗΘ.
550 3798 600 3835 uos
613 3781 733 3847 (selein)
746 3785 816 3835 omis.
829 3785 888 3836 edd.
925 3781 978 3833 ¹⁴.¹⁵
996 3783 1141 3837 canutam
1154 3783 1201 3847 Sp.
1234 3785 1300 3834 vera
1311 3782 1357 3847 Sp.

85 3877 188 3916 marram
200 3869 224 3916 1.
260 3864 281 3898 ¹⁸
300 3863 376 3934 loeo]
396 3867 492 3927 loreia.
529 3867 936 3933 ¹'ouiumedd.„1staovium
954 3868 1035 3920 miros
1052 3854 1358 3936 ves'titimagolupos’¹.

87 3943 183 4002 neuen.
219 3951 314 4002 noem
325 3951 483 4002 Tantum...
497 3951 545 4004 ille
563 3954 648 4020 prins.
666 3956 808 4005 omts.edd.
843 3953 866 3988 ²⁰
883 3953 1047 4005 Vendere...
1060 3949 1146 4019 prius]

277 4035 380 4087 Vendit
391 4036 549 4088 Alexander
567 4035 593 4104 [t.
606 4054 629 4089 e.
643 4037 692 4104 Vt]
712 4037 820 4100 slaves,
840 4038 956 4103 altaris,
975 4037 1128 4090 Christum:

329 4119 441 4172 Emerat
458 4121 507 4174 ille
527 4119 595 4188 [ieta
607 4121 654 4189 nh]
672 4125 761 4191 prins,
780 4123 900 4174 vendere
919 4125 977 4174 iure
995 4127 1094 4188 potest

87 4204 137 4250 ele.
154 4203 194 4254 ct
207 4203 408 4272 Pasquillosnm
420 4207 499 4257 Tomi
511 4206 573 4258 duo.
592 4224 617 4273 p.
625 4209 667 4260 24.
686 4209 752 4259 item
764 4207 898 4260 Lndoviei
910 4207 1063 4260 Tuberonis
1077 4223 1170 4260 eornm.
1184 4207 1218 4258 de
1231 4211 1360 4275 tempori-

86 4285 135 4335 bus
150 4289 203 4340 sole
221 4287 493 4352 (1490...1522.)‘1ip.
510 4289 556 4343 VI.
574 4293 598 4353 Β.
616 4293 641 4343 7.
660 4293 732 4359 apud
748 4292 954 4354 Schwandtner.
973 4293 1086 4359 Seriptt.
1104 4309 1156 4344 rer.
1174 4294 1359 4359 Hungariear.

87 4377 147 4422 tom.
160 4373 192 4424 ll.
210 4389 236 4440 p.
250 4373 308 4426 216.
339 4413 356 4438 ‚‚
366 4375 487 4442 ...pallia
503 4376 600 4427 vende.
614 4377 733 4429 sinent
753 4379 863 4428 Ilutleat
873 4380 1017 4444 epigroram.
1052 4376 1076 4443 Ρ
1092 4378 1259 4446 polluentem
1273 4382 1296 4430 1.
1304 4384 1328 4430 5.
1335 4383 1359 4432 6.

87 4453 222 4509 Christ.
239 4465 444 4526 proponentem.
464 4465 534 4512 omts.
548 4463 606 4514 edd.
660 4463 747 4525 Quem
766 4463 837 4512 enim
855 4461 944 4514 loeum
960 4465 1020 4515 edd.
1071 4461 1094 4496 ²⁸
1111 4462 1187 4513 illins
1204 4464 1294 4528 stagio
1312 4465 1358 4529 Sp.

88 4539 197 4592 obseura
213 4543 261 4594 illa
279 4541 443 4612 contagione
458 4549 484 4596 3.
524 4542 692 4614 nid-hninatir
704 4546 751 4614 sp.
792 4547 920 4598 ostendas
937 4549 997 4600 edd.
1042 4546 1064 4580 ¹⁴
1082 4547 1140 4610 Qua
1152 4547 1199 4613 Sp.
1246 4549 1300 4611 Qut
1312 4549 1376 4613 Sp..

92 4625 149 4672 Μ.
181 4627 291 4697 avitum]
312 4635 494 4684 anetum2.3.
545 4629 576 4682 ,ἥ
595 4634 765 4684 culminata
777 4631 824 4698 Sp.
882 4629 991 4698 nomen]
1011 4631 1184 4684 einaedormn.
1238 4632 1360 4698 (quorum

92 4707 172 4760 etiarn
188 4727 282 4765 nornen
301 4717 363 4766 erat
380 4715 452 4781 apud
469 4720 580 4772 nostros
595 4719 713 4769 maiores
731 4713 939 4782 abhorrendum)
959 4717 1066 4768 induxit
1084 4721 1108 4770 1.
1116 4723 1139 4768 a.
1147 4721 1170 4766 o'.
1186 4717 1238 4768 'CC
1255 4716 1359 4779 ΡΒΉ.

87 4789 183 4846 ²3.l·l.
213 4793 372 4850 visseleam
384 4798 564 4854 abhorrentes
576 4799 622 4867 Sp.
658 4799 680 4834 ¹⁸
698 4802 806 4854 induxit
817 4804 892 4852 etiosa
903 4805 929 4853 2.
937 4805 963 4852 3.
998 4799 1021 4834 ²⁸
1038 4803 1207 4869 supprimere
1220 4804 1273 4852 Μ.
