3468 5512
310 447 383 519 502
505 475 632 512 aanramr
645 475 751 511 anonas
764 475 881 512 sunacm
895 472 947 511 raa
960 475 1120 514 urrunnu.
1139 475 1175 512 sx
1188 469 1387 512 naarrotrrnva.

766 731 815 782 EX
834 732 999 784 SALVSTII
1017 732 1135 785 mero,

866 805 1040 862 Intestabilis.

392 889 485 964 Neque
507 907 536 946 se
558 889 638 946 aliter
660 896 748 945 tutum
771 897 874 965 putet‚-
892 907 970 964 quam
993 891 1016 946 si
1039 893 1118 966 peior
1145 899 1227 966 atqua
1250 890 1434 948 intestabilior
1455 897 1527 948 metu
1548 907 1589 946 re·

308 983 366 1032 stro
389 974 480 1032 luerit.
1098 987 1101 996 ¹

697 651 739 708 ax
761 649 1052 710 enarmonium
1074 651 1116 708 in
1138 652 1209 710 ron.

827 1058 920 1116 'lutari
941 1059 1070 1135 pericula.

394 1144 422 1200 Si
445 1144 632 1220 provideritis.
657 1143 683 1199 in
707 1143 826 1202 tutandis
848 1144 977 1218 periornlis
999 1145 1085 1220 magis
1108 1163 1189 1220 quem
1211 1145 1366 1203 ulciscendo
1389 1145 1540 1204 teneamini.

650 1260 698 1310 EX
717 1259 904 1310 ORATIONE
924 1259 1087 1312 PHILIPPI
1105 1261 1251 1315 SALVST.

769 1331 773 1339 '
864 1331 944 1390 Noxia
966 1349 1036 1390 esse.

1724 1103 1725 1128 l

1724 1197 1725 1236 t

392 1415 476 1473 Prava
498 1414 612 1474 consilia
633 1413 838 1473 consultoribus
861 1433 939 1474 nonas
962 1413 1031 1474 esse.

422 1517 427 1528 ·
870 1501 1036 1560 Postremus.
1229 1543 1234 1564 ,

395 1585 428 1640 ll.
452 1586 589 1662 demylius
613 1587 733 1642 omnium
756 1585 954 1659 flagitiosorum
978 1593 1143 1660 postremus.

1724 1999 1725 2024 l

630 1701 678 1751 Ex
697 1699 883 1751 ORA'PIONE
903 1700 934 1750 C.
954 1700 1086 1752 COT'PAE
1105 1701 1278 1754 sauvsrn.

859 1773 925 1829 iliae
949 1773 1057 1846 partim.

395 1854 515 1924 Quorum
538 1856 589 1912 alia
613 1855 740 1920 toleravi,
763 1859 860 1931 partim
883 1856 972 1933 repuli
994 1859 1109 1916 Deorum
1132 1858 1253 1922 auxiliis,
1278 1869 1306 1916 et
1328 1860 1433 1923 virtute,
1451 1877 1517 1916 mea.
1603 1868 1623 1907 ¹⁵

862 1941 904 1998 liis
927 1943 1045 2016 genitus.

396 2027 460 2084 Nam
484 2027 507 2083 si
529 2025 662 2086 Parricida
686 2027 768 2082 vestri
791 2045 866 2089 sum.
890 2036 918 2083 et
939 2027 981 2084 bis
1003 2029 1113 2102 genitus
1135 2029 1192 2091 bie.
1215 2029 1283 2086 ileos
1305 2029 1420 2087 Penates
1443 2047 1525 2096 meos,
1548 2048 1593 2104 pa·

313 2113 447 2188 triamque
469 2120 497 2170 et
520 2129 652 2168 sunnnurn
677 2112 819 2185 imperium
842 2111 904 2168 vilia
926 2112 1013 2168 babeo
1037 2111 1086 2170 dae.

546 2227 594 2276 Ex
612 2226 799 2277 ORATIONE
818 2225 932 2354 ΜΑΟΙΒΙ
949 2227 1044 2278 Turn.
1064 2229 1169 2279 PLEB.
1188 2227 1362 2284 SALVSTII.
1599 2279 1604 2290 ,

894 2307 1028 2372 inpotens.
1599 2315 1623 2354 ar

396 2385 488 2460 Neque
511 2401 553 2440 me
576 2383 707 2458 praeterit,
732 2391 845 2457 quantas
868 2401 935 2458 opes
952 2381 1106 2447 nobilitati,
1129 2383 1220 2450 solus,
1243 2383 1392 2461 impotens.
1416 2387 1487 2444 inani
1508 2389 1594 2462 speeie
1672 2411 1675 2418 ·

315 2470 492 2544 magistratus
514 2467 616 2542 pellere
638 2467 821 2524 dominatione
845 2468 978 2543 incipiam.

837 2553 951 2620 Militare
973 2571 1080 2612 nomen.

395 2639 445 2708 uui
461 2656 511 2714 per
526 2637 641 2694 militare
657 2655 771 2699 nomen,
794 2637 932 2700 aerarium.
956 2640 1099 2701 exereitus.
1123 2658 1215 2713 regne.
1238 2640 1400 2714 provincias,
1423 2657 1592 2716 oocupaaere.

587 2754 635 2804 EX
654 2753 832 2803 EPIS'l'OLA
853 2753 1084 2881 GNAEOMPBII
1102 2755 1150 2806 AD
1169 2754 1222 2806 Sl).
1242 2754 1317 2806 SAL.
1599 2757 1622 2798 ²⁵

960 2842 1001 2882 uc,

395 2911 465 2968 Nihil
488 2910 604 2986 amplius
627 2914 653 2968 in
676 2909 815 2967 absentem
837 2927 880 2966 me
903 2911 1081 2974 statuissetis,
1105 2929 1185 2986 quam
1208 2911 1296 2968 adbuc
1317 2913 1406 2986 agitis.
1428 2911 1456 2968 P.
1480 2911 1507 2968 G.

420 3023 422 3028 ·
833 2995 933 3051 Contra
956 3002 1072 3053 aetatem.
1339 3057 1363 3072 ..

396 3081 478 3150 Quem
500 3088 594 3139 eontra
617 3083 738 3137 Aetatem
761 3081 911 3154 proiectum
933 3079 966 3135 ad
990 3079 1089 3136 bellum
1112 3080 1288 3138 suavissimum
1311 3077 1361 3138 ibe.

1057 3165 1328 3172 m-W—,-.
1336 3165 1375 3171 .-.
1388 3163 1583 3172 —.—.—-

473 3197 522 3248 nx
540 3192 829 3248 annonramoun
846 3193 945 3322 Mitti
965 3193 1144 3246 cassanen
1163 3195 1211 3246 ns
1231 3195 1310 3246 nnn.
1330 3183 1429 3246 onmss
1601 3193 1623 3234 a

935 3282 1018 3322 litere.

395 3354 443 3411 Po.
465 3354 512 3411 lio.
536 3362 615 3411 antea
639 3350 793 3414 obtinebat.
820 3367 904 3426 regua
926 3359 1013 3445 atque·
1031 3350 1144 3426 imperia
1167 3351 1312 3408 Fortunam
1334 3352 1407 3408 dono
1429 3352 1501 3409 dare.

396 3523 446 3592 Qui
471 3531 573 3582 tantum
597 3523 664 3582 alios
686 3538 855 3596 praegressus
878 3435 1083 3595 {trigariidiirius
1110 3521 1208 3577 delessi
1237 3522 1292 3578 sint
1320 3521 1444 3578 borsines
1466 3521 1592 3600 laudando

229 3613 231 3617 ’
311 3612 380 3667 laeta
404 3619 462 3670 tua,
486 3625 566 3682 quum
590 3615 618 3664 lu
641 3607 719 3664 laude
742 3606 820 3680 digna
845 3605 976 3662 iaciendo.
993 3604 997 3616 “
1326 3631 1328 3634 ·
1598 3615 1620 3655 u

509 3723 558 3773 EX
576 3723 662 3772 ALIA
680 3723 729 3773 AD
749 3721 908 3848 EVNDEM1
919 3721 1219 3847 nxutrlnrt'ssouu.
1256 3722 1401 3774 SALVST.

909 3811 926 3848 ll
948 3810 1012 3850 elce
1024 3811 1064 3850 80.

397 3882 479 3939 Cuius
503 3898 569 3955 opes
592 3879 619 3936 in
641 3879 747 3936 excelso
770 3884 843 3934 sunl.

798 3961 908 4036 Agitare
930 3979 990 4019 uum
1013 3962 1111 4020 auimo.

371 4051 432 4108 .lta
456 4050 519 4106 mihi
543 4050 625 4106 multe
649 4067 710 4106 oum
733 4048 822 4106 animo
851 4047 980 4120 agitanti.
1008 4047 1152 4104 eonsilium
1180 4048 1231 4104 luit
1261 4049 1357 4106 lamam
1385 4049 1620 4122 modestiamque*

311 4154 412 4199 meam.
436 4144 500 4211 post
523 4144 595 4192 tuam
617 4134 776 4208 dignitatem
798 4131 907 4190 habere.
984 4177 998 4208 a

797 4217 863 4274 Post
884 4216 998 4278 habere,
1021 4233 1112 4290 supra.

835 4385 945 4443 Naturae
967 4387 1072 4444 cedere.

397 4473 444 4529 Vbi
468 4474 553 4531 anima
576 4484 679 4531 uaturae
701 4473 797 4534 cessit.
821 4470 937 4546 demptis
960 4470 1189 4535 obtrectatoribus
1212 4471 1269 4546 ipsa
1293 4489 1322 4528 se
1343 4472 1430 4529 virtus
1445 4472 1530 4548 magis
1545 4477 1622 4528 mar-⁴³

310 4560 408 4634 gisque
430 4558 545 4615 entollit.

313 4655 513 4669 -ι--ΙΙ

378 4689 524 4742 testiculi
545 4689 584 4742 ie.
636 4688 918 4740 triemitonium.
973 4686 994 4721 ¹⁸
1012 4687 1130 4738 unicurt
1147 4651 1190 4738 rs
1226 4687 1247 4721 ¹⁸
1264 4689 1354 4755 »agur
1372 4692 1396 4739 1.
1445 4687 1465 4722 ¹·
1482 4686 1592 4740 arbem

276 4776 352 4857 Α14.
415 4773 574 4826 “Articuli
595 4771 634 4826 lb.
697 4772 720 4806 ³⁰
738 4773 854 4824 Articuli
871 4773 914 4823 24.
979 4771 1000 4807 ⁴¹
1018 4772 1195 4826 anteatino.
1259 4771 1282 4806 ⁴⁴
1300 4773 1355 4824 liin
1372 4774 1467 4826 liuram
1484 4773 1591 4828 &laelii

311 4860 421 4911 ultimus
439 4865 490 4913 est.
541 4858 565 4893 ⁴⁵
583 4859 616 4910 Iu
633 4861 650 4908 2
668 4859 772 4909 additur
789 4873 875 4908 risis.
1318 4875 1325 4886 ν
