3382 5516
129 439 262 476 monacos
276 439 449 478 sancsooasa
463 439 566 478 enarro
579 441 614 478 oa
628 441 816 479 sarsorrrons
830 441 938 480 cosona
951 440 1057 480 urucas
1071 440 1263 478 arsetrrnana.
1300 411 1370 484 251

96 597 276 672 magnitudine
304 599 393 674 seipsa
422 601 562 658 continere
590 601 631 658 cis
661 601 815 676 potuerint:
850 601 896 658 sed
923 609 1069 676 postquam
1091 617 1186 658 eorum
1208 599 1375 676 respublicas

95 683 218 746 avaricia,
240 684 388 758 cupiditas,
410 685 524 742 ambitio
546 694 574 742 et
596 685 688 742 lubido
710 687 882 748 dominandi,
911 687 1000 743 omnia
1027 685 1157 743 viciorum
1184 694 1305 743 monstra
1333 686 1374 744 in·

96 784 196 832 rasere,
225 769 360 826 discordia
382 770 500 827 laborari
522 779 641 846 emptum
669 781 725 835 est,
756 781 784 828 et
811 772 884 845 quod
911 770 1072 846 longissimo
1100 779 1253 844 temporum
1281 771 1373 845 spacio

95 853 170 909 variis
193 861 222 910 et
243 853 379 912 diuturnis
401 854 480 912 bellis
502 857 697 930 acquisierant,
724 856 797 912 brevi
825 857 1003 914 amiserunt..
1025 855 1095 912 ldem
1127 855 1274 918 Thebanis,
1304 855 1372 914 idem

74 937 347 1012 tl'arthaginensibos
365 939 421 998 sub
442 940 585 1002 Annibale.
617 957 732 1016 quorum
755 959 800 997 res
822 949 893 998 terra
917 941 1037 1015 marique
1060 935 1232 1016 amplissime
1253 941 1373 1004 luerunt,

94 1023 214 1096 contigit.
258 1024 344 1098 Igitur
365 1041 425 1082 cum
447 1025 681 1099 inpresentiarum
704 1027 737 1084 dc
761 1026 858 1082 tuenda
880 1025 1025 1083 Christiani
1054 1025 1170 1090 nominis
1192 1025 1319 1085 libertate
1341 1033 1428 1084 acl-⁸.

94 1107 200 1164 domani
223 1109 329 1184 imperii
352 1109 440 1183 gloria
463 1118 497 1167 et'
512 1111 644 1184 dignitate
668 1120 777 1185 agatur,
807 1119 839 1167 ut
860 1109 928 1167 nibil
950 1111 1035 1186 magis
1057 1109 1218 1184 pestiferum
1238 1111 1374 1169 discordia

94 1209 150 1248 esse
164 1201 271 1267 potest,
288 1194 325 1250 ita
341 1195 422 1252 etiarn
436 1196 580 1252 eoncordia
596 1196 690 1253 utilius
705 1213 765 1254 esse
780 1195 847 1252 nihil
857 1203 968 1271 potest:
992 1203 1122 1270 quantum
1143 1195 1213 1252 enim
1233 1213 1266 1252 en
1286 1195 1373 1252 altero

94 1277 200 1334 iacturas
223 1297 255 1335 ac
277 1278 431 1344 dedecoris,
455 1288 573 1344 mutum,
597 1281 619 1338 si
642 1281 756 1338 alterum
772 1290 952 1354 assectamur,
974 1280 1109 1338 commodi
1124 1288 1152 1337 et
1166 1281 1279 1338 honoris
1294 1280 1373 1337 nobis

67 1363 230 1419 revendicare
252 1381 406 1439 possumus.
449 1363 621 1442 Quapropter
642 1367 695 1423 hoe
716 1365 898 1429 Catholicum,
926 1367 952 1422 id
979 1374 1022 1423 est
1050 1365 1199 1422 universale
1221 1366 1429 1424 concordiens.

94 1447 238 1510 vinculum,
263 1467 317 1522 quo
339 1451 373 1506 de
395 1451 423 1507 in
445 1451 497 1507 hoe
520 1459 610 1509 vestro
632 1451 799 1526 amplissimo
814 1460 948 1509 conventu
963 1451 1059 1525 agitis,
1082 1451 1113 1506 od
1130 1450 1283 1508 libertatem
1299 1451 1374 1508 Chri·

94 1531 168 1588 stiani
191 1533 325 1596 nominis,
354 1535 386 1592 ad
413 1553 583 1593 communem
605 1536 720 1612 gloriam
748 1546 776 1594 ct
804 1536 1008 1610 amplitudinem
1031 1535 1142 1592 Romani
1170 1536 1276 1611 imperii
1304 1534 1373 1592 tanti

94 1615 148 1672 lore
168 1617 305 1681 arbitror,
328 1628 358 1676 ιιι
380 1621 439 1676 eius
462 1621 521 1678 iura
543 1639 597 1678 non
619 1621 709 1679 solum
730 1622 838 1680 delendi
860 1621 981 1696 possint,
1005 1637 1096 1678 verum
1112 1619 1193 1679 ctiam
1208 1621 1227 1676 ii
1243 1619 1290 1695 qui
1306 1637 1374 1695 quo·

95 1702 161 1758 tidie·
180 1719 250 1758 nova
279 1705 399 1777 quaedam
414 1722 574 1780 regnorum
602 1707 756 1764 accessione
784 1706 964 1764 blenarchiam
992 1706 1165 1764 consecuturi
1197 1705 1372 1768 arbitrantur,

68 1789 159 1843 rosires
185 1786 331 1862 aliquando
361 1800 471 1848 nostras
500 1791 768 1852 sinttormidmuri:
796 1791 847 1850 bae
874 1793 945 1848 enisu
973 1791 1118 1848 concordia
1146 1791 1228 1866 capiti
1254 1789 1374 1848 membra

93 1871 235 1936 uniuntur.
258 1891 414 1949 novumque
433 1893 547 1951 eorpus,
570 1878 644 1952 quod
665 1879 742 1952 prius
764 1893 833 1951 pene
856 1875 1005 1940 occiderat,
1034 1875 1193 1932 Christiane
1216 1874 1373 1950 reipublice

93 1957 254 2015 renascitur:
283 1960 357 2033 quod
379 1961 487 2036 quidem
510 1962 547 2018 ita
569 1961 741 2020 firmissimis·
754 1960 949 2019 benevolentis
977 1961 1068 2018 nervis
1095 1961 1232 2035 compingi
1261 1977 1373 2018 necesse

92 2050 143 2106 est,
165 2051 196 2099 ut
218 2060 275 2102 nou
296 2044 376 2122 facile
398 2046 425 2102 iu
448 2055 589 2121 posterum
611 2047 729 2104 membra
745 2047 872 2104 'enervari
895 2065 926 2104 ac
947 2045 1061 2103 distrahi
1084 2046 1206 2120 possint:
1233 2039 1269 2102 it'
1283 2054 1372 2104 numm

92 2126 156 2183 baud
178 2127 259 2186 aliter
280 2128 338 2186 lieri
360 2140 466 2205 potest,
489 2132 542 2189 nisi
565 2133 639 2206 quod
661 2151 711 2208 pro
733 2132 868 2192 communi
892 2140 948 2188 tum
970 2139 1060 2188 restra
1082 2139 1139 2188 tum
1162 2131 1281 2188 omnium
1296 2131 1373 2187 Chri·

65 2212 240 2270 cristianorum
262 2221 291 2270 ιι
311 2213 436 2272 libertate
458 2225 491 2274 et
507 2207 650 2276 commodo
679 2219 847 2292 perfecistis,
877 2217 943 2273 illud
971 2217 998 2273 in
1025 2215 1172 2290 pernicicm
1200 2215 1371 2274 fortunarum

92 2304 234 2354 vestrarum
259 2317 289 2356 ae
303 2299 448 2358 Christiani
471 2303 589 2359 nominis
603 2301 782 2360 calamitatem
798 2301 906 2358 minime
921 2309 1102 2359 convertatur.
1125 2298 1261 2368 Quorsum
1276 2301 1371 2358 buius·
1381 2303 1440 2354 §.¹⁰-

91 2383 157 2438 modi
179 2384 274 2441 tendat
296 2383 398 2449 oratio,
421 2385 590 2461 intelligetis.
634 2389 745 2446 Romani
767 2405 828 2445 com
856 2387 889 2443 ab
911 2385 1041 2444 Annibale
1061 2387 1145 2442 Poeno
1172 2394 1371 2461 premerentur,

90 2483 145 2524 eum
164 2467 293 2544 Philippo
315 2487 396 2544 rege,
419 2473 465 2546 qui
488 2489 520 2528 en
541 2473 644 2530 loedcre
665 2473 871 2548 Carthaginensi
892 2471 1006 2529 classem
1028 2471 1161 2528 missuros
1189 2477 1264 2534 erat,
1292 2489 1372 2546 quas·

91 2551 145 2608 dam
166 2555 243 2630 pacis
265 2555 437 2614 conditiones
460 2557 602 2633 pepigere:
625 2559 696 2620 victu
718 2557 866 2617 llaunibale
889 2556 965 2614 novis
980 2557 1013 2613 de
1028 2557 1161 2612 industria
1178 2556 1294 2630 repertis
1309 2575 1372 2614 cau·

63 2637 139 2700 casis,
160 2655 210 2696 nec
233 2640 342 2712 quidem
364 2641 457 2704 iustis,
479 2642 635 2718 Philippum
657 2643 730 2700 bello
754 2643 876 2718 aggressi
898 2642 1059 2700 blaccrlouin
1083 2657 1166 2714 regno
1189 2641 1371 2714 privaverunt.

90 2721 217 2780 Caeterum
243 2723 295 2782 hoc
316 2743 331 2781 a
355 2734 397 2790 tc,
418 2727 606 2804 sacratissime¹
623 2729 727 2792 Cesar,
758 2738 861 2786 tantum
890 2727 984 2786 abesse
1013 2726 1114 2789 sentio,
1144 2734 1246 2801 quantu
1268 2728 1372 2801 magni·

90 2807 149 2864 tudo
171 2809 254 2866 animi
278 2811 317 2866 tui
339 2812 372 2868 ad
393 2829 536 2870 commune
558 2831 666 2889 semper
687 2814 802 2877 bonum,
825 2813 858 2870 ad
880 2812 1025 2870 utilitatem
1053 2819 1082 2868 ct
1102 2811 1273 2868 commodum
1295 2812 1375 2869 Chri-¹

90 2893 232 2951 stianornna
255 2895 409 2971 principum
431 2899 595 2973 propensior
618 2917 678 2956 esse
699 2899 813 2956 videtur.
856 2897 933 2966 Quod
956 2897 1079 2972 quidem.
1103 2897 1211 2954 tametsi
1226 2897 1303 2954 aunis
1318 2897 1437 2958 iamt-tt.

90 2977 171 3034 tribus
198 2979 300 3056 elapsis
327 2999 388 3038 eum
417 2984 650 3058 prestantissimis
671 2984 791 3058 Regibus
812 2984 958 3041 Pannoniae
980 2983 1150 3055 Boemiaequc
1178 2999 1209 3040 ac
1231 2982 1371 3040 Sarmatic

63 3071 140 3136 ttprae
162 3064 314 3128 tecultsn,
344 3075 431 3124 tamen
454 3068 497 3124 bis
520 3071 623 3126 nostris
645 3069 815 3146 temporibus
839 3077 883 3128 tun
906 3070 957 3125 ista
979 3067 1067 3124 diviua
1097 3068 1182 3123 virtus
1210 3085 1240 3124 ac
1268 3069 1369 3126 incom-

89 3148 209 3219 parabilis
230 3149 374 3208 elementia
395 3153 548 3210 eommunia
570 3155 785 3212 Christianorum
807 3155 947 3212 commoda
968 3153 1089 3227 propriis
1116 3152 1267 3210 commodis
1289 3171 1368 3228 quam

89 3229 162 3306 longe
183 3243 346 3310 anteponat,
370 3247 542 3314 perspectum
565 3248 616 3297 est.
660 3242 748 3315 htque
771 3241 797 3296 irl
819 3241 852 3296 de
875 3238 951 3294 robis
971 3255 1031 3294 cum
1047 3237 1117 3294 baud
1134 3236 1213 3294 aliter
1227 3238 1436 3314 mibi·per·t.tt.

89 3333 189 3376 suasum
212 3320 262 3383 sit,
284 3323 469 3395 potentissimi
492 3324 644 3399 principes,
667 3325 744 3382 video
768 3325 819 3382 iam
842 3323 961 3400 populos
983 3322 1102 3384 renasci,
1134 3322 1310 3380 reflorescere
1332 3325 1371 3380 ei·

88 3401 191 3466 vitales,
213 3421 277 3461 arva
299 3406 446 3464 obductum
469 3408 623 3483 squalorem
653 3410 794 3473 omittere,
823 3408 996 3466 mercimonia
1024 3407 1156 3470 exerceri,
1186 3409 1310 3481 portoria
1339 3427 1371 3467 ac

61 3489 219 3562 evmttgalia
249 3489 398 3550 vestrarum
427 3494 566 3552 civitatum
594 3511 624 3552 ac
651 3495 806 3562 fluminum,
840 3511 900 3567 quae
927 3493 1004 3548 vobis
1031 3489 1166 3548 bellorum
1194 3493 1268 3548 nervi
1296 3501 1369 3558 sunl,

87 3573 206 3639 conduci:
229 3581 272 3638 ct,
295 3585 326 3634 ut
348 3577 466 3634 breviter
486 3579 585 3643 dicam,
614 3579 686 3637 nibil
704 3581 736 3636 ad
760 3588 880 3637 nostram
908 3577 1061 3634 libertatem
1089 3577 1273 3640 commodius,
1302 3577 1369 3636 nibil

88 3655 186 3722 utilius,
208 3661 291 3718 modo
314 3663 383 3719 iacta
404 3665 557 3722 concordiae
580 3681 611 3722 ac
633 3665 822 3722 benivolentiae
844 3663 1017 3720 fundamenta
1038 3661 1153 3718 tirmiter
1168 3662 1237 3725 sint,
1260 3663 1367 3720 avobis

88 3743 174 3800 cochei
197 3753 304 3820 potest,
335 3748 390 3811 vol,
419 3756 450 3804 ut
472 3751 562 3806 verius
584 3751 702 3807 tortasse
723 3751 823 3812 dicam,
852 3749 938 3822 magis
965 3746 1158 3803 necessarium.
1201 3747 1304 3805 Bellum
1332 3749 1368 3805 si·
1377 3753 1396 3804 l.
1406 3759 1436 3804 ¹³.

89 3827 186 3900 quidem
209 3831 393 3896 formidabile,
422 3830 605 3908 periculosum
629 3853 666 3908 ,ae
695 3834 955 3910 perniciosissimum
982 3830 1132 3888 cervicibus
1154 3831 1368 3892 Christianorum

61 3909 212 3976 ttimminet,
235 3918 416 3974 sacratissime
438 3919 539 3983 Cesar,
564 3921 636 3995 quod
659 3921 768 3994 quidem
789 3927 817 3976 et
839 3920 862 3975 si
885 3916 1046 3974 sanctissimi
1070 3917 1171 3973 domini
1193 3917 1280 3974 nostri
1302 3919 1369 3976 beo·

88 3995 124 4050 nis
138 3997 165 4053 X.
182 4001 318 4074 pontilicis
341 4002 447 4060 maximi
470 4002 557 4065 literis
581 4005 706 4062 omnibus
721 4005 937 4062 Christianorum
960 4001 1129 4077 principibus
1150 4009 1177 4058 et
1197 4001 1246 4058 tibi
1270 4003 1296 4060 in
1312 4003 1368 4078 prl-

147 4264 338 4321 ’vitiosorum
373 4267 487 4335 ⁸ceptis
497 4276 520 4322 1.
557 4269 740 4322 ‘Hannibale
754 4277 778 4322 2.
792 4271 958 4335 etsietnsre.
1004 4269 1062 4320 ‘iu
1080 4271 1268 4335 presentiae.
1306 4271 1328 4304 ¹⁰
1339 4271 1368 4322 id

80 4347 133 4414 cst]
151 4351 178 4400 .i.
192 4357 216 4402 1.
234 4355 293 4404 sive
306 4360 331 4406 2.
379 4353 400 4388 ¹⁸
418 4359 520 4406 utnon
538 4357 722 4408 s.ei.iurs2.
771 4355 791 4388 ¹⁴
809 4373 839 4406 se
859 4359 1053 4406 consecuturos
1065 4359 1090 4404 2.
1142 4353 1162 4387 ²¹
1182 4372 1331 4422 ‚quorsum
1343 4362 1366 4408 1.

87 4427 409 4505 ”chilelllqum
456 4437 479 4472 ²⁸
497 4441 592 4492 ledere
605 4446 629 4492 1.
676 4441 729 4474 Μ
749 4441 988 4506 sutuimsgn.2.
1029 4439 1367 4493 28Α.1515.ιιὶιιιιοιιοιιιι

88 4513 263 4581 Fordinsndc,
277 4523 462 4576 maximiliani
475 4527 580 4592 nepoti,
598 4527 678 4578 Anus
691 4525 829 4578 Vlsdislsi
840 4527 992 4590 Hungeriae
1005 4526 1199 4592 bohemiraquc
1213 4527 1287 4590 regis
1299 4525 1366 4586 tilia,

88 4599 217 4658 Ludovieo
233 4607 370 4660 Vladislsi
387 4608 457 4670 fibo,
476 4610 582 4673 Meris,
601 4611 791 4670 ltaxtmssinnt
801 4610 905 4676 neptis,
926 4611 960 4660 eb
978 4611 1045 4676 ipsis
1062 4611 1174 4676 regibus
1190 4611 1312 4676 itemque
1324 4611 1365 4660 Si·

89 4686 221 4748 gismundo
233 4692 354 4745 Polonine
372 4709 447 4760 rege,
461 4695 599 4747 Vlodislsi
611 4696 707 4758 fratrc,
722 4694 904 4761 praesentibus
916 4694 1118 4760 desponssntur
1130 4699 1273 4746 contractu
1286 4695 1311 4744 d.
1324 4694 1365 4746 ²².

88 4769 133 4822 lul·
146 4771 177 4836 (ο.
191 4791 231 4842 gr.
239 4793 283 4843 sp.
296 4779 342 4829 Du
353 4779 430 4830 Mout
442 4779 690 4846 lv.1.p.2tt.sq.)‚
703 4780 740 4832 cl.
748 4779 831 4831 etiem
842 4780 929 4830 Vitelli
940 4783 1009 4830 orat.
1017 4777 1072 4840 §.a
1109 4777 1130 4812 ³⁸
1142 4779 1328 4846 perniciosum
1338 4781 1363 4830 2.
