3464 5526
219 437 343 474 annunt
362 437 391 472 Ill
411 437 503 472 DVCEU
523 435 801 472 winrunrntsuuttuutn
820 435 923 470 omnmo
941 435 999 470 1111.
1019 437 1046 472 ll.
1060 435 1124 472 nvn.
1138 434 1164 470 Δ,
1180 431 1238 474 ibit.
1333 407 1380 480 69

95 591 321 670 gubernatione,
352 593 434 672 quasi
457 610 491 652 er
515 593 651 653 auctione
673 596 723 652 aut
748 589 803 664 sub
827 591 909 652 basta
931 591 1052 652 emisses
1072 589 1167 662 illam,
1195 594 1295 654 omnia
1325 613 1380 654 vm-

96 695 167 768 nalia
197 693 339 762 habuisti,
372 711 474 754 rerum
501 693 668 772 capitalium
684 677 888 772 deamones,
917 690 1017 762 exilia,
1050 693 1296 772 proscriptiones,
1329 713 1380 756 nc-

97 815 156 865 ces,
180 795 406 874 ‚deportationes
433 813 493 854 non
521 796 684 856 secuudum
711 794 791 872 leges
820 793 871 856 sed
901 794 938 854 ad
967 801 1050 854 tuum
1077 793 1191 856 libitum
1214 798 1379 868 exercuisti,

97 897 207 958 illicitas
229 915 297 958 cnm
318 899 378 958 reis
401 898 554 975 pactiones
576 898 685 967 iecisti,
717 897 1009 966 redemistiiuiustc,
1038 896 1180 958 damnasti
1209 897 1379 970 crudeliter,

72 999 242 1060 sanetum
264 997 515 1068 libidinosissime3
538 1005 605 1060 tuos
626 997 817 1077 depeculatus
839 1015 886 1066 es,
915 996 1026 1060 alienos
1048 997 1209 1082 diripuisti;
1238 1001 1379 1080 insonteis

96 1101 240 1170 occidisti;
272 1100 511 1162 sacrisneiarias
532 1119 637 1164 manus
660 1098 815 1162 admolitus
838 1117 878 1160 es.
900 1101 1003 1180 'atque
1025 1100 1131 1162 horum
1159 1101 1213 1162 tibi
1242 1104 1376 1162 conscius
1387 1081 1453 1181 ω,

96 1221 214 1282 sperare
235 1213 333 1263 tamen
355 1202 446 1272 audes
468 1209 501 1264 ut
522 1210 551 1264 te
572 1202 679 1262 tui-sic
701 1201 754 1262 abs
776 1207 804 1262 te
832 1199 924 1263 habiti
952 1207 1047 1263 tutum
1078 1201 1181 1272 velint,
1214 1218 1312 1282 neque
1341 1222 1377 1264 er

96 1324 127 1366 eo
148 1303 203 1365 tibi
224 1312 321 1366 metm
343 1305 486 1384 estquod
509 1310 537 1366 te
560 1305 673 1382 cdiupn,
697 1302 886 1365 acerbitatem
909 1321 943 1364 ac
965 1321 1120 1364 commune
1135 1303 1232 1374 scelus
1246 1323 1305 1365 non
1320 1307 1379 1368 iem

96 1408 273 1476 exbdmant,
297 1406 348 1468 sed
370 1405 467 1486 palam
489 1405 688 1486 proclamant:
718 1421 755 1466 au
782 1402 903 1472 alicuius
934 1403 1093 1468 obscurum
1122 1405 1159 1466 de
1187 1413 1215 1468 te
1238 1407 1377 1474 iudicium

71 1517 151 1576 itast,
175 1527 245 1572 cum
267 1507 383 1588 publice
405 1510 515 1588 scripte
535 1511 565 1568 in
588 1517 616 1582 te
638 1509 769 1568 carmina
791 1508 854 1585 ipse
877 1504 999 1584 legeris,
1023 1508 1087 1585 ipse
1108 1506 1238 1570 audieris
1260 1488 1289 1569 te
1312 1527 1375 1569 car-

94 1612 209 1672 nificem
233 1611 535 1688 Wirtenpergensem,
558 1626 618 1671 non
639 1628 694 1688 per
716 1607 891 1670 calumniam
913 1608 999 1686 tingi,
1029 1610 1082 1670 sed
1111 1611 1168 1671 tuis
1190 1611 1324 1689 pessimis
1346 1612 1375 1670 in

95 1731 144 1773 uos
165 1713 277 1774 meritis
298 1717 379 1774 recte
401 1717 430 1772 et
451 1711 592 1790 graphice
613 1710 759 1772 describi?
781 1711 884 1772 Vivere
906 1711 994 1788 igitur
1017 1711 1100 1790 cupis
1122 1713 1172 1791 qui
1189 1731 1225 1773 ex
1240 1713 1374 1791 principe
1386 1719 1445 1768 §.aa

95 1815 221 1878 caruiica
245 1832 278 1874 es
298 1814 408 1876 metus?
431 1821 480 1878 aut
501 1823 567 1874 uon‘
584 1811 629 1874 vel
652 1818 764 1874 tantum
788 1812 818 1872 in
842 1815 872 1872 te'
884 1811 1008 1891 pudoris
1022 1813 1143 1883 residet,
1166 1820 1199 1873 ut
1214 1813 1290 1874 banc
1306 1833 1375 1874 con·
1420 1818 1437 1896 J

96 1915 257 1985 tumeliam,
280 1934 335 1993 qua
358 1916 500 1992 insignior
522 1915 632 1978 nemini
655 1913 799 1975 hocloco
824 1915 874 1991 qui
897 1920 975 1975 esset
997 1915 1134 1996 contigit,
1165 1916 1267 1996 quovis
1298 1933 1376 1976 mor-

70 2021 128 2078 etis
148 2031 260 2094 genere
283 2015 355 2078 velis
376 2017 524 2094 elingere?
547 2017 683 2084 Proiecto
705 2017 764 2078 nisi
785 2022 816 2078 tu
839 2017 919 2079 vivus
940 2024 1062 2094 propter
1084 2017 1169 2078 insita
1185 2014 1239 2076 tibi
1254 2017 1374 2086 scelera,

96 2117 256 2197 perfidiam,
280 2117 498 2188 crudelitatem,
521 2119 652 2179 furorem
675 2137 709 2180 ac
731 2116 927 2200 pestilentiam
949 2117 1086 2179 omnibus
1108 2117 1256 2178 formidini
1285 2137 1373 2188 esses,

95 2221 178 2280 credo
201 2221 351 2282 neminem
377 2222 417 2282 ita
439 2219 492 2281 tibi
513 2221 674 2290 infensum,
708 2221 746 2281 ita
769 2227 915 2281 commoto
937 2219 965 2280 in
989 2227 1018 2279 te
1040 2221 1152 2290 animo,
1187 2221 1236 2298 qui
1263 2225 1292 2280 te
1314 2237 1373 2310 nou

96 2324 133 2384 sic
152 2323 252 2383 virere
272 2341 360 2402 quam
381 2315 533 2402 utcunque
553 2323 629 2383 mori
650 2318 738 2382 malit.
782 2321 851 2382 llaec
881 2319 1006 2388 obscure
1035 2323 1138 2390 sentis,
1167 2328 1217 2381 aut
1244 2339 1372 2400 unquam
1383 2325 1442 2376 tut

97 2443 149 2484 non
170 2425 273 2486 audis?
301 2431 351 2486 aut
372 2443 440 2486 cum
462 2424 560 2494 audis,
588 2424 684 2484 vivere
706 2425 807 2502 petes?
836 2422 860 2482 0
882 2423 979 2489 miuus
1008 2441 1078 2502 erge
1103 2423 1230 2484 miseros
1252 2441 1303 2482 eos
1325 2424 1375 2502 qui

69 2544 126 2586 use
147 2545 210 2588 csse
232 2543 293 2587 non
315 2527 458 2596 sentiunt,
486 2533 513 2587 te
535 2527 666 2586 omnium
687 2511 901 2596 miserrimum,
929 2525 979 2603 qui
1006 2542 1072 2586 cum
1096 2541 1160 2585 esse
1181 2531 1211 2584 te
1233 2525 1373 2587 miserum

98 2629 213 2697 sentias,
238 2633 298 2706 quc
319 2628 416 2690 miuus
437 2629 491 2694 sis,
512 2635 563 2688 aut
584 2633 616 2702 ut
637 2626 810 2689 miserabilis
828 2625 932 2688 saltem
948 2626 1016 2695 iias,
1039 2623 1119 2686 nullo
1135 2611 1271 2695 consilio,
1294 2625 1380 2688 nulla*

98 2731 265 2806 cogitatione
288 2723 406 2791 efficere
428 2735 526 2808 petes:
556 2747 674 2810 quoquo
702 2735 741 2789 te'
759 2731 847 2790 vertis
875 2731 968 2800 enim,
1003 2727 1101 2788 edium
1130 2729 1173 2788 tui
1200 2735 1257 2796 cst,
1286 2736 1373 2808 atquc
1400 2775 1404 2788 .

97 2832 196 2892 iccirco
218 2833 314 2908 magis
331 2845 368 2892 'es
389 2832 478 2891 miser
500 2817 538 2892 ab
561 2831 591 2892 id
607 2831 693 2908 'qued
715 2849 751 2892 ee
774 2849 857 2893 cares
878 2831 966 2892 unico
988 2829 1105 2898 solatio,
1130 2835 1163 2890 ut
1180 2828 1306 2908 aliquem
1322 2829 1373 2890 bu-

98 2930 161 2992 beas
181 2935 228 2994 cui
250 2941 318 2994 tuos
339 2933 488 2994 intraneos
510 2932 628 2994 dolores
651 2933 863 3001 communices,
894 2933 945 3011 qui
966 2933 990 2992 si
1012 2938 1110 2992 tecum
1138 2930 1249 3002 doleat,
1278 2933 1372 2992 mitio·

70 3052 155 3094 arem
174 3034 229 3096 tibi
250 3019 369 3096 delendi
391 3034 579 3096 acerbitatem
601 3033 706 3095 efficiat
728 3034 855 3096 derivata
877 3035 907 3094 in
929 3036 961 3094 'se
983 3032 1093 3094 doloris
1115 3040 1214 3111 parte,
1243 3033 1372 3114 uutlique

99 3135 228 3208 aillictus,
252 3135 361 3216 ubique
382 3137 484 3203 miser,
507 3141 586 3196 totus
607 3133 715 3196 infelix.
753 3134 837 3205 Quod
860 3153 928 3196 cum
949 3136 987 3196 sit
1008 3142 1037 3196 et
1054 3132 1090 3195 'tu
1112 3126 1153 3194 sic
1176 3153 1239 3195 esse
1255 3137 1441 3208 sentiacam.

98 3245 141 3298 tua
162 3247 259 3324 tamen
281 3239 398 3298 interim
420 3237 495 3302 niala
517 3235 681 3298 dissimules
702 3255 736 3297 ac
758 3255 812 3316 per
834 3238 963 3316 speciem
986 3236 1142 3298 alacritatis
1171 3236 1256 3296 uobis
1282 3235 1372 3300 insul-

99 3346 151 3410 tes,
172 3347 200 3402 et
221 3348 250 3402 te
272 3340 443 3402 adsecutum
465 3340 542 3420 quod
565 3339 708 3410 voluteris,
737 3347 769 3400 ut
794 3339 994 3400 insidiatorem
1016 3341 1114 3418 (quem
1138 3338 1232 3418 vocas)
1256 3339 1371 3398 occide-

99 3441 148 3510 ris,
169 3441 264 3518 dicas,
286 3442 481 3521 despiciamus
504 3439 574 3510 boc,
604 3447 703 3501 utrum
730 3441 849 3520 tandem
871 3439 974 3502 melius
995 3439 1105 3501 babeas
1127 3457 1214 3518 quam
1236 3440 1261 3500 is
1283 3458 1387 3517 quem,

72 3549 126 3603 actu
146 3545 283 3616 miserum
305 3544 430 3605 reddere
451 3543 600 3612 studuisti,
630 3561 666 3604 au
696 3561 765 3603 vero
793 3543 877 3623 peius
904 3541 1051 3621 affligaris.
1097 3543 1170 3602 Cum
1198 3558 1234 3600 ex
1256 3539 1369 3602 duabus
1378 3555 1438 3607 ter.

101 3645 222 3720 partibus
243 3645 333 3706 bomo
354 3653 484 3715 constet,
507 3648 605 3710 auimo
628 3652 657 3707 et
678 3663 818 3724 corpore,
842 3644 1015 3723 digniorque
1038 3644 1152 3704 animus
1173 3642 1224 3713 sit,
1248 3641 1326 3721 quod
1342 3642 1370 3702 in

102 3744 142 3804 illc
163 3747 211 3808 tibi
232 3746 331 3817 licuit,
354 3765 462 3827 corpus
484 3748 626 3832 ailliristi,
650 3748 712 3825 ipse
734 3748 824 3808 animi
845 3745 982 3810 morbum
1005 3744 1188 3807 contraxisti:
1204 3737 1297 3823 'quod
1320 3762 1383 3804 aus

101 3853 152 3908 tem
172 3849 304 3927 eorporis
325 3848 500 3929 supplicium
523 3867 591 3912 cum
613 3849 702 3911 animi
724 3850 854 3910 cruciatu
876 3846 1087 3909 conserendum
1111 3845 1172 3906 est?
1200 3844 1240 3905 illi
1263 3844 1371 3904 doloris

101 3947 179 4010 [inem
199 3969 280 4028 murs
302 3951 384 4020 lecit;
407 3953 464 4012 tuis
486 3951 624 4012 crucibus
646 3950 743 4016 nullus
765 3951 870 4012 medus
892 3957 950 4035 est:
974 3967 1041 4010 nam
1064 3948 1144 4026 quod
1158 3949 1189 4008 in
1204 3945 1253 4006 illu
1269 3945 1383 4044 doluit„

75 4049 234 4114 ncaducum
258 4049 309 4114 luit
332 4060 361 4114 et
382 4054 460 4132 quod
481 4053 518 4116 ad
539 4059 655 4132 tempus
684 4060 775 4121 esset;
805 4054 834 4112 in
863 4058 903 4112 te.
918 4069 989 4112 vero
1014 4050 1094 4131 quod
1122 4048 1227 4110 morbo
1256 4055 1371 4110 tenetur

102 4157 232 4214 eternum
254 4160 299 4214 est
320 4159 349 4213 et
369 4141 606 4233 inextinguibile,
635 4171 786 4233 nunqnam
808 4155 989 4234 periturum,
1016 4169 1168 4231 nunquam
1195 4149 1295 4212 dolere
1323 4157 1372 4210 aut

102 4256 221 4332 torqueri
248 4254 392 4321 desinens.
429 4257 475 4317 iac
504 4257 592 4334 igitur
620 4275 684 4323 rem
711 4253 796 4318 nobis
823 4257 981 4334 ingratam,
1018 4253 1155 4314 omnibus
1188 4251 1368 4322 invidiosam,
1380 4265 1438 4314 eoo.

104 4353 187 4430 ipsum
208 4365 235 4418 te
257 4355 371 4434 iugula,
400 4359 560 4438 suspende,
583 4358 762 4437 praecipitem
786 4356 838 4426 da,
861 4373 919 4434 uon
943 4355 1115 4433 adsequeris
1136 4363 1234 4418 tamen
1256 4359 1288 4414 ut
1303 4373 1370 4414 cru·

104 4455 180 4516 ciatui
198 4459 263 4518 imis
284 4459 337 4518 sit:
360 4476 431 4536 ergo
454 4460 542 4536 igitur
564 4459 670 4531 semel,
693 4477 748 4520 nec
769 4457 927 4522 admodum
950 4459 1000 4519 diu
1021 4457 1172 4532 miserille
1186 4457 1255 4526 luit,
1279 4474 1370 4534 quan·

104 4587 289 4605 -—...
1095 4573 1114 4614 ο

162 4657 294 4713 ’venalia
307 4665 332 4712 2.
398 4659 548 4714 ⁵insonter
566 4666 592 4713 2.
655 4660 677 4694 ²³
694 4661 798 4714 idcireo
815 4664 841 4712 2.
893 4661 927 4711 ob
946 4657 975 4732 id
992 4661 1113 4712 deleam
1176 4657 1199 4693 ¹⁵
1215 4664 1275 4726 poet
1292 4661 1369 4725 parte

103 4744 188 4808 aliquid
202 4741 303 4798 addidit
313 4751 341 4797 n.
360 4748 409 4796 sed
425 4751 510 4813 tepere
527 4749 635 4814 nequiuit
653 4750 678 4797 2.
739 4745 762 4778 ³⁷
778 4749 860 4796 malim
875 4749 1003 4812 torquere
1059 4805 1061 4810 ι
