3410 5524
218 419 246 462 ·1.
267 413 379 477 (assu
391 427 426 464 os
440 410 499 476 vro)
511 427 615 466 osonio
627 428 800 465 nucruxnvsr.
814 428 878 466 svn.
893 429 969 468 utun.
983 429 1061 466 rnor.
1074 429 1103 465 as.
1113 428 1177 466 suu.
1191 429 1217 466 t.
1229 424 1289 470 tals.
1333 401 1402 471 167
1485 451 1487 456 ,

115 587 228 644 iurandi
250 585 446 649 cultum.·uon
468 586 600 644 excedunt
620 587 678 646 binc
701 594 796 646 vestrae
818 586 918 644 limites
947 589 1107 664 potestatis,
1137 607 1191 648 non
1219 589 1334 647 obsunt·
1347 591 1405 652 hren

113 672 264 728 absentum
286 670 413 730 libertati.
459 669 557 730 Tollite
581 672 672 747 itaquo
699 689 802 733 moras:
827 691 939 747 semper
966 674 1060 731 nocuit
1086 675 1195 731 differre
1223 671 1471 749 paralisiantos.
1512 677 1514 684 '

113 774 176 814 non
198 763 293 832 parata
320 765 384 817 suot
412 757 501 814 omnia
530 757 562 813 ad
591 757 788 832 expeditionem
817 756 1001 829 indicendam..
1032 759 1139 832 quando
1167 777 1290 826 universa
1314 759 1404 816 oblata

31 895 36 906 ‚
112 843 203 898 sunt?
235 842 299 916 quid
321 840 436 916 amplius
458 841 531 898 enim
553 860 567 899 a
589 841 709 900 Romana
730 841 843 900 eeclesia
865 841 999 916 exigitor?
1034 845 1098 917 quid
1127 842 1198 910 oltra
1225 843 1258 902 ab
1285 846 1404 910 externis

90 927 241 1001 spetitor‚
265 925 372 1000 quondo
394 943 423 982 se
443 934 471 982 et
493 943 541 982 sua
564 926 653 983 omnia
675 927 795 983 dedunt?
817 926 901 984 l'oelix
923 927 1030 985 initium
1053 929 1220 986 serenissimi
1236 927 1338 992 Caroli,
1360 947 1403 988 ca·

112 1011 215 1069 tholici
238 1011 325 1085 regis.
346 1010 477 1068 feliciore
499 1028 549 1068 nos
572 1012 695 1088 auspicio
718 1011 820 1068 trahat:
837 1003 990 1068 'fumorum
1012 1012 1155 1087 imperinm
1178 1013 1223 1070 ille
1237 1013 1325 1071 adhue
1338 1015 1402 1074 edo·

110 1095 286 1154 lescentulus
308 1097 462 1170 nuperrime
485 1096 512 1152 in
534 1095 624 1154 Africa
646 1097 773 1160 extinxit,
796 1079 890 1172 pellite
913 1115 960 1153 vos
981 1097 1097 1172 Europa.
1124 1097 1178 1155 Nec
1199 1097 1282 1174 longe
1303 1097 1469 1161 obeuntem.

110 1181 233 1238 maxima
255 1198 369 1255 quaeque
391 1180 513 1256 praemia:
537 1181 637 1238 etenim
659 1181 783 1256 cupidine
807 1179 902 1256 gloriae
924 1182 999 1238 adet
1026 1183 1131 1240 animus
1159 1199 1297 1258 nunquam
1319 1183 1403 1242 hone·

111 1267 201 1330 stinr.
224 1283 363 1342 ,nunquam
386 1265 489 1322 facilior
517 1266 551 1324 nd
578 1283 709 1324 summam
728 1265 866 1350 gloriam:
895 1267 917 1324 si
936 1199 1023 1322 lehis
1051 1268 1176 1342 cupitline
1203 1267 1297 1341 glorio
1326 1269 1402 1325 ardet

80 1351 241 1414 inanimus,
264 1351 305 1408 viu
327 1347 401 1408 vobis
423 1350 524 1425 patuit.
546 1351 751 1426 capessentibus
774 1352 874 1426 qnippe
897 1351 1034 1408 Germanis
1062 1353 1258 1428 expeditionem
1287 1353 1314 1408 in
1335 1353 1402 1408 l'ur-

110 1453 177 1498 cas,
201 1436 226 1492 si
249 1453 309 1510 quae
330 1453 344 1492 a
367 1433 445 1492 nobis
466 1435 536 1492 dicta
559 1446 623 1494 sunt
644 1435 722 1500 frent,
745 1453 870 1510 suprema
890 1437 940 1493 hos
962 1435 1026 1492 belli
1049 1446 1174 1493 auctores
1197 1445 1225 1493 et
1245 1437 1326 1494 doces
1341 1438 1401 1512 glo·

110 1521 153 1577 ria
178 1529 284 1584 manet:
307 1521 348 1577 sin
371 1538 448 1584 roro.
472 1522 545 1596 quod
566 1522 633 1578 deus
655 1511 737 1584 nolit}
770 1520 846 1583 irrita
875 1505 934 1578 esse
956 1520 1111 1594 contingat.
1138 1530 1215 1597 parta
1245 1523 1297 1579 iam
1324 1515 1400 1580 vobis

110 1605 218 1662 indicta
242 1604 411 1680 expeditione
433 1604 521 1679 glorio
543 1603 650 1680 integro
674 1606 744 1681 apud
767 1624 814 1663 eos
837 1603 982 1680 splendore
1004 1605 1119 1680 fulgebit
1141 1605 1217 1663 nollo
1233 1615 1342 1684 accepto
1359 1607 1398 1664 in·

108 1691 269 1748 commodo.
313 1689 339 1745 Si
363 1707 475 1764 regumn
497 1691 652 1766 appetitur,
674 1692 706 1748 de
728 1691 904 1766 propagando
926 1698 1016 1748 vestro
1039 1691 1278 1766 imperioagitom
1301 1693 1323 1748 si
1346 1701 1387 1758 ter
1408 1701 1467 1752 §.tt
1550 1683 1554 1691 “

77 1791 210 1836 terarum
234 1767 386 1832 orbis'non
408 1773 522 1838 suflicit,
544 1784 669 1850 paratum
691 1775 766 1832 vobis
789 1794 803 1830 a
825 1775 1020 1832 constitutione
1041 1771 1265 1852 muudi‘eoeleste
1287 1794 1400 1851 regnum

109 1859 208 1924 adest:
232 1859 255 1915 si
278 1860 305 1916 in
328 1858 369 1916 ius
391 1877 470 1918 eausa
492 1859 648 1923 deducitur.
671 1860 774 1918 astricti
796 1860 863 1926 estis
886 1863 943 1936 pro*
959 1860 1058 1918 Christi
1081 1861 1188 1918 nomine
1211 1879 1241 1917 ac
1269 1861 1320 1918 fule
1342 1861 1399 1918 bel-

110 1943 170 2000 lum
201 1943 288 2008 inire,
319 1944 534 2021 quondoquidem
556 1945 633 2020 prior
662 1945 719 2020 ipse
748 1962 794 2001 rex
823 1961 918 2018 regom
948 1962 1040 2016 aereas
1068 1945 1182 2020 proprio
1209 1946 1342 2020 sanguiue
1370 1966 1399 2004 oe

108 2047 195 2086 cruce
219 2036 372 2103 potestates
394 2027 554 2093 debellavit,
577 2038 608 2088 ut
630 2047 681 2086 nos
701 2029 735 2086 de
753 2029 869 2104 perenni
892 2030 1046 2104 captivitate
1069 2029 1095 2086 iu
1112 2029 1264 2088 libertatem
1279 2029 1397 2088 liliorum

107 2114 155 2172 dei
178 2113 306 2172 referret.
349 2114 378 2169 ln
401 2132 479 2171 manu
503 2115 588 2190 igitur
610 2121 698 2172 vestro
720 2112 885 2190 populorum
906 2112 1018 2190 libertas
1039 2123 1121 2190 atque
1143 2111 1216 2172 salos
1232 2130 1292 2172 cum
1307 2115 1467 2190 posituim.

73 2219 100 2260 ro
111 2201 167 2266 sit,
192 2198 332 2270 exaudite.
356 2197 541 2274 benignissimi
563 2195 715 2275 principes,
739 2217 789 2255 nos
812 2198 963 2273 apostolico
986 2200 1093 2255 nomine
1109 2217 1159 2274 pro
1176 2199 1300 2256 mxiversa
1314 2197 1399 2258 eccle·

108 2285 151 2340 sia
182 2282 377 2358 supplicantes.
420 2283 584 2350 miseremini
612 2283 693 2340 simul
721 2291 775 2340 tarn
812 2292 891 2342 vastas
925 2282 1106 2340 multitudinis
1138 2283 1239 2358 absque
1272 2283 1398 2359 baptismi

108 2368 201 2442 gratia
225 2369 253 2424 in
274 2377 383 2432 aeternae
405 2369 501 2427 mortis
524 2367 665 2427 interitum
681 2368 843 2443 praecipitis:
866 2367 889 2424 si
905 2367 978 2442 quod
994 2368 1040 2424 tini
1056 2386 1089 2444 ex¹
1103 2363 1220 2429 minimis
1236 2367 1272 2424 sit
1288 2369 1396 2430 tanton.

109 2453 164 2510 sibi
188 2453 290 2510 factum
312 2461 406 2510 censet
426 2453 550 2512 Christus
572 2453 711 2516 dominus.
735 2453 829 2527 quanti
852 2453 985 2510 facturum
1007 2453 1109 2528 potatis
1132 2447 1208 2510 illum
1231 2454 1303 2528 quod
1319 2454 1398 2511 innu-

109 2537 194 2596 meris
210 2537 275 2612 ¹suis
304 2536 426 2596 ecclesiis
452 2545 506 2598 tam
534 2539 630 2614 ingens
659 2537 816 2596 beneficium
846 2536 973 2594 collatum
999 2538 1090 2594 fuerit.
1140 2535 1285 2596 Vobiscum
1313 2537 1396 2612 igitur
1408 2547 1466 2598 tut.

74 2624 177 2698 „quis
201 2623 403 2697 partiricurap
423 2631 451 2680 et
472 2641 562 2680 rerum
586 2622 683 2683 molent
706 2640 827 2680 summus
849 2622 947 2679 Christi
971 2621 1060 2679 otium
1082 2631 1175 2697 pastor
1190 2615 1341 2698 desyderat,
1364 2624 1397 2680 ab

110 2709 240 2781 utrisque
263 2725 312 2782 par
330 2715 429 2786 estut
451 2725 513 2766 ores
535 2715 716 2783 protegantur
737 2711 775 2764 et''
786 2707 846 2782 lupi
866 2715 1020 2770 arceantur,
1043 2706 1076 2764 ab
1099 2705 1146 2764 illo
1168 2725 1262 2770 cruce,
1286 2727 1301 2764 a
1321 2707 1398 2764 vobis

108 2792 224 2866 gladio.
248 2808 303 2868 quo
326 2791 377 2850 sub
401 2802 516 2868 utraque
538 2793 708 2868 protectione
731 2791 857 2865 quietam.
872 2800 900 2849 et
920 2791 1094 2866 tranquillam
1110 2791 1189 2848 vitam
1205 2793 1396 2868 transigamus.

715 2893 793 2936 oxxr.

110 2993 317 3012 ·-—--s·

177 3076 190 3126 f
203 3075 360 3129 absentium
372 3082 396 3128 5.
405 3075 452 3126 Bz.
465 3075 563 3140 „Tolle
577 3090 680 3128 mores:
693 3079 801 3144 semper
812 3077 907 3128 nocuit
919 3075 1029 3128 differre
1040 3075 1175 3143 perstis“.
1189 3076 1395 3140 LucanPbars.

107 3165 131 3214 1.
145 3161 206 3214 281.
241 3161 352 3230 ⁸quum
365 3165 390 3210 f.
409 3159 545 3227 (ipnoraor'l
559 3161 699 3228 quidemst
711 3157 761 3225 qt)
808 3161 863 3211 obl.
876 3160 924 3212 Bz.
944 3161 1040 3213 ablate
1052 3169 1111 3212 cett.
1158 3161 1225 3228 ‘qni
1236 3165 1258 3212 f.
1279 3175 1359 3228 quum
1371 3167 1395 3214 5.

107 3247 276 3301 dederunt5.
312 3245 447 3298 Pelist.
482 3244 772 3297 btcsthohciomlis
808 3243 982 3312 'Aphrleez
1002 3238 1396 3298 Cf.debscvictoriasdPor-

106 3337 166 3384 tun.
178 3331 268 3393 stt„
287 3331 352 3382 item
365 3347 391 3396 p.
407 3327 461 3390 lul.
476 3347 501 3380 v.
515 3329 556 3381 al.
570 3335 598 3381 et
610 3329 683 3380 infre
702 3329 735 3380 od
748 3329 900 3380 bertholfo.
913 3329 1054 3381 adnotatu.
1090 3327 1210 3382 extinctis
1223 3329 1395 3382 Horuessur-

106 3417 234 3468 borosss.
282 3413 402 3482 Europe]
419 3418 437 3466 l.
449 3431 472 3480 e.
484 3409 517 3466 eix
529 3415 561 3466 E.
609 3414 767 3465 adsunth.
819 3413 980 3464 ⁸etenimc.
994 3413 1102 3478 gland.
1117 3410 1233 3480 animus]
1248 3415 1395 3466 Enimuero

107 3501 157 3551 Bz.
205 3499 253 3534 ’⁸¹⁰
270 3497 649 3566 sivob.c.gl.srd.enimus
666 3498 822 3551 esunoBz.
875 3497 893 3531 ¹¹
912 3498 1021 3549 vosBz.
1051 3513 1100 3549 nos
1117 3505 1177 3549 cett.
1229 3497 1250 3531 ¹⁸
1271 3498 1300 3550 in
1318 3495 1394 3550 dieto

107 3586 158 3636 Bz.
213 3580 235 3618 ¹⁵
257 3581 355 3636 Matth.
373 3583 456 3634 XXV.
474 3583 515 3635 34.
570 3581 590 3615 ¹⁸
616 3580 742 3634 adstricti
759 3587 784 3633 5.
838 3581 858 3616 ¹⁸
879 3583 982 3648 phenni
1002 3585 1024 3632 f.
1078 3580 1098 3614 ¹⁹
1121 3581 1257 3650 .Applico
1275 3587 1300 3634 5.
1325 3583 1394 3646 (scil.

108 3667 228 3736 ‚Apl’ieo
242 3667 276 3730 1.)
326 3665 348 3701 ²¹
367 3673 423 3719 tarn
437 3669 484 3719 Bs.
503 3669 558 3719 inm
571 3674 630 3718 cett.
682 3666 704 3700 ¹¹
722 3665 817 3733 Siquid
828 3671 853 3718 5.
873 3668 943 3735 qnod
955 3667 1006 3717 Bs.
1026 3666 1089 3732 quid
1101 3671 1160 3716 cett.
1213 3666 1393 3734 autexusio]
1451 3713 1452 3718 ,

108 3753 208 3804 blattb.
222 3753 306 3806 XXV.
319 3751 360 3804 tu.
405 3749 428 3784 ¹⁵
446 3752 531 3804 desid.
545 3753 655 3804 2.5.B:.
702 3751 724 3784 ²⁸
740 3768 791 3819 par
809 3750 861 3818 est]
879 3769 935 3818 prae
955 3757 997 3802 est
1015 3753 1069 3803 1.⁵.
1117 3748 1210 3820 cruce]
1229 3751 1394 3815 „Germanis

109 3837 318 3891 conferentibus
336 3837 465 3902 decimas,
485 3837 640 3898 vicesimus,
659 3836 907 3904 quinquagesimus,
925 3837 1054 3888 Pontifex
1073 3837 1162 3900 eureis
1174 3835 1394 3888 benedictionem

108 3923 239 3989 papalem
262 3922 398 3981 conferet,
427 3919 512 3974 salvis
538 3922 594 3972 sibi
621 3922 744 3985 annulis,
773 3921 866 3988 palliis
894 3921 1009 3986 aliisque
1032 3921 1171 3972 immensis
1194 3921 1393 3986 erectionibus,

108 4007 290 4076 pensionibus
314 4009 343 4057 et
359 4006 507 4056 innumeris
529 4005 753 4074 praestetiouibns
774 4003 949 4057 nibilominus
967 4006 1074 4062 interim
1092 4005 1206 4056 Romam
1224 4005 1395 4057 deferendis:
1444 4036 1451 4050 ·

109 4092 142 4143 de
166 4091 267 4158 quibus
290 4092 320 4142 in
342 4089 395 4143 line
419 4091 543 4158 catalogi
559 4093 728 4142 Annoterum
748 4089 820 4142 1523.
838 4092 867 4142 in
885 4089 1215 4156 Conventhorimberg.
1234 4091 1395 4157 propositi‘t
1488 4091 1490 4097 ⁴

110 4179 226 4230 Goldnst.
252 4165 348 4240 „Sintis
371 4179 454 4243 puto''
477 4176 546 4226 dixit
563 4176 702 4226 Huttenus
721 4175 825 4226 exhort.
838 4179 932 4226 contre
950 4175 1030 4225 Tura.
1044 4176 1067 4236 5.
1083 4173 1139 4225 187.
1159 4175 1202 4238 „si
1222 4175 1330 4240 exigere
1349 4173 1394 4246 bic

110 4261 164 4326 ipsi
180 4264 337 4312 vetentur”.
388 4259 411 4293 ²⁸
428 4261 494 4312 Dixi
505 4278 551 4313 om.
565 4261 612 4310 Bs.
632 4261 760 4325 Sequitur
781 4259 930 4324 responsio.
954 4261 1051 4311 addt.
1080 4259 1198 4310 Bzovius
1217 4260 1303 4310 adicit
1325 4259 1393 4322 „Dl-

111 4345 213 4396 oebant
234 4345 291 4396 isto
307 4343 458 4412 Apostolici
475 4345 576 4411 Legati
593 4346 621 4398 iu
640 4358 771 4409 consessu
787 4343 943 4410 Principum
959 4343 1127 4409 Augustano.
1155 4341 1308 4394 Secundum
1332 4343 1393 4396 busa

110 4429 293 4480 exhibuerunt
309 4429 484 4496 Principibus
497 4429 731 4480 Consultationem
743 4427 893 4478 Romanam
911 4428 971 4479 istis
990 4428 1081 4478 verbis
1100 4431 1286 4496 conceptum”.
1305 4429 1394 4496 se'qui·

109 4519 154 4564 tor
171 4513 346 4566 Consultatio
364 4529 445 4580 sopra
462 4531 488 4581 p.
504 4513 559 4568 tto.
571 4528 629 4580 sqq.
643 4511 775 4564 exhibita.

616 4715 882 4728 n——s--u—un——q
