3464 5526
360 422 408 496 20
505 453 627 492 ninam
646 454 675 489 nt
694 452 840 490 vuntouvrt
857 451 1133 489 wlnrnttt’nottttsnt
1152 453 1255 490 ennato
1275 453 1293 488 l.
1313 455 1379 490 ΕΜ.
1392 456 1418 490 Δ·
1433 447 1490 490 1615.

359 610 407 671 hic
429 610 485 694 dici
505 615 656 690 poterant,
680 614 710 670 et
732 609 768 670 de
791 615 853 678 tua,
877 609 1023 680 carnifex,
1053 609 1247 676 immanitate,
1269 615 1298 670 et
1319 608 1356 669 de
1377 608 1454 670 illitis
1474 609 1640 670 innocentia

360 721 418 772 tam
441 711 547 772 misere
569 719 628 772 tam
650 711 788 772 atrociter
813 709 866 770 ahs
887 716 916 770 te
939 711 1081 780 conlecti;
1101 709 1154 772 sed
1177 711 1244 789 quia
1266 712 1296 771 iu
1312 719 1341 772 te
1356 711 1464 772 trustra
1478 711 1639 773 orationem

359 812 478 874 molitur
499 811 617 893 aliquis,
641 813 720 892 quod
745 811 832 873 verha
852 812 943 874 rehus
964 813 1085 892 imparia
1105 819 1188 882 sunt,
1213 819 1242 873 et
1262 815 1393 874 omnium
1408 813 1575 874 laenitatem
1593 821 1638 874 tua

359 916 447 975 rincit
467 914 654 994 improbitas,
684 915 882 994 quoniamque
910 922 960 976 too
986 914 1128 993 supplicio
1156 933 1214 994 quo
1246 920 1274 975 te
1306 905 1371 995 (hisi
1393 917 1488 977 omnis
1510 915 1638 975 lunditus

360 1019 480 1096 aequitas
501 1017 618 1095 interiit)
640 1014 728 1096 paulo
750 1023 816 1094 post
835 1015 912 1078 allici
934 1034 1068 1086 cernam,
1092 1018 1219 1078 conteuti
1240 1035 1304 1078 esse
1326 1017 1524 1086 decrevimus,
1556 1016 1593 1077 de
1612 1023 1656 1075 tea

291 1121 456 1182 §.murinus
479 1119 587 1188 dicam,
612 1118 707 1179 dicam
733 1125 829 1180 tamen
852 1117 970 1198 aliquid.
1008 1119 1052 1180 'ln
1067 1119 1182 1180 Suevici
1203 1119 1329 1180 nominis
1346 1119 1474 1190 macula,
1498 1126 1637 1180 aeteruum

359 1223 452 1300 gentis
474 1229 532 1280 tuae
554 1221 696 1290 dedecus,
719 1221 856 1290 andacia,
879 1219 1007 1290 scelere,
1031 1220 1146 1292 lurore,
1170 1223 1336 1292 atrocitate,
1359 1221 1496 1300 perfidia,
1522 1222 1638 1299 iugrati-

357 1322 474 1392 tudine,
493 1321 615 1392 malitia,
632 1323 810 1383 immanitate
828 1316 1051 1384 memorandu'm
1070 1323 1205 1384 omnihus
1220 1321 1334 1384 saeculis
1349 1329 1535 1402 portentum,
1551 1339 1637 1399 supra

305 1459 311 1469 ·
357 1425 432 1486 lines
453 1424 573 1486 humahi
593 1425 683 1486 moris
706 1432 855 1503 grassatus
875 1443 921 1494 es;
946 1427 1064 1486 certasti
1086 1425 1115 1485 iu
1138 1439 1227 1486 omne
1247 1425 1375 1495 lacinus;
1398 1425 1482 1504 pensi
1500 1423 1571 1484 nihil
1590 1423 1638 1484 ha·

319 1549 322 1556 ·
360 1526 449 1590 haisti
467 1535 575 1606 praeter
596 1545 685 1588 unum
700 1526 766 1597 hoc,
791 1533 823 1588 ut
838 1526 983 1589 scelerum
1001 1527 1174 1606 compendio
1192 1543 1294 1587 omues
1311 1527 1360 1605 qui
1376 1525 1504 1606 unqu'am
1520 1527 1667 1587 lueruntu

292 1628 452 1696 emmelos
476 1630 622 1689 vinceres:
658 1646 725 1689 nam
748 1629 776 1690 in
798 1647 858 1692 uno
886 1627 1055 1708 complexus
1082 1647 1114 1690 es
1136 1629 1247 1689 omnia:
1281 1629 1422 1706 turpiter,
1455 1629 1590 1708 nequiter
1612 1635 1639 1687 et

360 1730 519 1792 crudeliter
541 1730 691 1792 trucidasti
714 1731 806 1792 virum
828 1732 950 1802 fortem,
974 1748 1029 1792 nec
1051 1730 1221 1810 priusquam
1244 1728 1429 1791 fraudulenta
1451 1737 1498 1791 tua
1520 1729 1638 1809 pertidia

343 1833 537 1910 ¹prodidisses
558 1831 624 1902 tihi,
650 1850 709 1894 nou
731 1838 916 1901 accusatum,
940 1830 1019 1892 nulla
1041 1833 1180 1911 imputata
1203 1831 1302 1912 culpa,
1328 1849 1366 1894 ne
1386 1849 1489 1893 errore
1512 1821 1638 1912 quidem,

359 1934 497 1995 omnihus
520 1951 636 2004 carum,
660 1934 711 1995 tihi
732 1936 874 2004 amicum,
897 1933 968 1994 rrulli
989 1933 1114 1994 inlamiae
1136 1933 1311 2002 obnoxium,
1335 1931 1422 1995 nullis
1444 1933 1521 2012 apud
1545 1941 1572 1994 te
1589 1932 1638 1993 de·

361 2035 518 2098 dationibus
540 2055 639 2107 reum,
662 2037 863 2106 innocentem,
886 2037 1049 2104 incautum,
1073 2035 1110 2096 de
1128 2041 1157 2098 te
1179 2035 1250 2096 nihil
1271 2034 1327 2097 tale
1349 2037 1561 2114 suspicantem,
1590 2035 1668 2114 quin

359 2146 388 2199 tc
410 2138 588 2199 custodierat
609 2146 905 2217 conservaveratque,
930 2138 1011 2198 cuius
1032 2146 1061 2199 te
1084 2145 1168 2215 pater
1190 2155 1246 2216 ope
1268 2157 1303 2198 ac
1324 2138 1429 2217 opihus
1453 2138 1582 2206 iuverat,
1605 2137 1639 2198 de

291 2248 388 2303 §.uate
411 2242 521 2318 optime
543 2242 694 2310 meritum,
719 2247 776 2301 tuac
792 2240 939 2320 dignitatis
954 2238 1122 2309 authorem,
1146 2246 1204 2300 tuae
1222 2239 1322 2301 salutis
1342 2239 1536 2302 defensorem.
1566 2237 1639 2308 Quid

359 2342 437 2403 enim
457 2341 513 2402 hoc
535 2341 654 2412 addam,
683 2357 805 2420 parrum
827 2342 903 2422 apud
925 2348 969 2412 te,
997 2341 1047 2421 qui
1073 2358 1222 2420 uunquam
1245 2349 1405 2403 strennuus
1427 2340 1532 2412 lucris,
1563 2341 1639 2420 quod
1724 2395 1725 2406 ,

358 2451 488 2506 armatus
509 2445 652 2505 inermem
673 2462 687 2504 a
710 2451 798 2524 tergo¹
816 2443 990 2523 aggressus?
1014 2443 1165 2504 Postremo
1189 2443 1251 2504 haec
1273 2461 1360 2524 quam
1382 2443 1419 2504 ah
1439 2445 1520 2504 omui
1538 2441 1640 2504 huma·

358 2548 447 2608 nitate
470 2543 576 2616 aliena,
599 2563 686 2624 quam
709 2545 863 2623 ledigos,
885 2545 964 2625 quod
986 2545 1029 2604 sic
1052 2551 1198 2606 mortuum
1224 2545 1377 2616 divetasti,
1401 2544 1479 2625 quod
1498 2562 1570 2605 cum
1588 2557 1670 2604 noso

358 2648 491 2708 convictu
518 2646 655 2707 orhasses
683 2645 867 2718 dulcissimo,
900 2647 1013 2708 lunaris
1040 2662 1157 2727 quoque
1186 2644 1289 2708 solatio
1314 2646 1482 2728 spoliandos
1512 2646 1640 2707 duxisti?
1724 2705 1725 2720 ,

358 2749 469 2810 scilicet
491 2749 565 2808 intra
588 2747 686 2808 nullos
708 2749 848 2810 terminos
870 2755 918 2809 tna
942 2748 1071 2809 constitit
1091 2750 1243 2810 ferocitas:
1276 2765 1342 2808 nam
1373 2749 1450 2826 quod
1480 2749 1523 2808 iu'
1540 2755 1639 2810 nostro

357 2851 499 2928 sanguine
520 2850 677 2927 admisisti,
702 2850 794 2910 maius
817 2857 919 2911 natura
941 2848 1037 2910 scelus
1065 2868 1123 2911 nou
1151 2851 1264 2928 recipit
1308 2851 1431 2911 Possum
1454 2850 1512 2911 hoo
1535 2852 1640 2913 iterum

356 2952 499 3030 tragicum
522 2951 703 3012 exclamare:

864 3051 933 3113 Tale
955 3049 1112 3132 qniovtdit
1130 3053 1231 3116 arelas?
1311 3035 1315 3044 ’
1647 3068 1670 3108 aa

518 3225 527 3234 ι
601 3153 671 3224 Quis
693 3152 875 3233 inhospitalis
898 3153 1019 3216 Caucasi
1038 3173 1142 3234 rupem
1165 3172 1299 3234 asperam

600 3255 768 3317 Heniochus
789 3255 943 3318 habitans?
965 3259 1081 3336 quisve,
1105 3256 1254 3337 Cecropiis
1276 3266 1370 3320 metus

289 3418 296 3440 x
600 3358 931 3429 Terris‚'l'rocrustesi

289 3462 423 3526 §.m'lua
444 3459 584 3522 maleficia
606 3462 660 3521 nisi
683 3460 817 3540 supplicii
838 3461 952 3521 diritate
974 3460 1131 3530 vincimus,
1161 3479 1219 3522 non
1240 3463 1387 3540 punimus.
1428 3459 1485 3522 Sed
1513 3462 1573 3522 iam
1595 3459 1642 3522 ille

357 3570 470 3632 noster,
494 3563 649 3631 Germani,
673 3565 715 3623 sic
735 3563 884 3642 proditus,
907 3563 948 3622 sic
968 3581 983 3623 e
1006 3563 1102 3623 medio
1123 3563 1268 3634 suhlatus,
1291 3580 1349 3623 nou
1370 3562 1459 3623 credo
1482 3568 1672 3641 expectarem

356 3683 407 3727 vos
428 3672 461 3726 ut
481 3664 578 3726 dicam
601 3663 748 3744 quomodo
769 3665 872 3725 vixerit
891 3669 996 3744 etqua
1018 3664 1186 3744 indignitate
1208 3664 1344 3744 perierit:
1371 3681 1431 3724 oon
1460 3665 1554 3732 enim,
1588 3663 1641 3724 nisi

356 3767 464 3846 optime
487 3768 619 3836 vixisset,
642 3767 684 3826 sic
707 3785 722 3826 a
745 3765 828 3826 vohis
849 3773 963 3827 amatus
986 3773 1076 3836 esset,
1105 3783 1202 3847 noque
1223 3767 1278 3827 nisi
1300 3766 1464 3828 miserrime
1491 3783 1526 3825 ac
1555 3767 1641 3825 inno·

356 3869 521 3930 cautissime
542 3869 713 3935 interiisset,
737 3869 779 3929 sic
802 3865 939 3928 doleretis
960 3874 1117 3930 mondum.
1153 3869 1241 3930 Cuius
1262 3869 1287 3930 si
1308 3863 1421 3942 nullum
1444 3869 1472 3927 in
1492 3865 1571 3926 haue
1591 3883 1641 3944 pa·

354 3971 441 4031 triam
463 3969 539 4031 hene
562 3971 717 4038 meritum,
740 3969 817 4030 nulla
839 3969 916 4030 hona
938 3965 1005 4048 spes
1030 3977 1120 4040 esset,
1150 3969 1194 4032 rel
1217 3969 1307 4044 ohid
1335 3971 1460 4030 maxime
1485 3966 1535 4057 illi
1548 3967 1641 4029 dehe-

355 4089 471 4146 remus,
497 4071 584 4152 'quod
611 4073 636 4132 is
662 4088 716 4132 suo
743 4089 869 4150 corpore
897 4071 1023 4149 primum
1051 4071 1175 4134 lucentis
1199 4073 1340 4152 impetum
1363 4071 1477 4150 excepit
1495 4087 1533 4130 ac
1554 4071 1587 4131 in
1607 4085 1672 4130 aeas

299 4185 304 4198 ·
356 4173 419 4252 ipso
441 4174 633 4252 consumpsit,
655 4171 743 4232 modo
765 4190 816 4233 vos
838 4172 895 4232 hoc
919 4173 1025 4233 indicio
1046 4175 1238 4253 oportunitati
1256 4173 1293 4235 ah
1308 4173 1357 4235 illo
1372 4172 1454 4233 vohis
1469 4171 1565 4234 allatae
1581 4191 1641 4234 nou

288 4289 348 4341 aar.
358 4275 518 4356 defueritis.
561 4273 612 4334 lllo
634 4276 711 4342 etin
735 4274 777 4334 sic
798 4271 901 4336 obiens
921 4273 1131 4337 documentum
1147 4276 1228 4338 vohis
1242 4274 1373 4354 reliquit,
1396 4293 1460 4356 quae
1474 4278 1568 4354 pestis
1584 4293 1643 4355 qno

422 4513 574 4566 ⁵oon-tenti
593 4527 615 4562 o.
630 4511 702 4560 decr.
722 4513 803 4561 omisa.
819 4515 841 4561 1.
855 4513 942 4563 addid.
956 4515 984 4562 H.
1037 4510 1058 4544 ¹²
1076 4529 1127 4565 nec
1145 4529 1237 4565 orienes.
1266 4514 1314 4563 red
1329 4529 1382 4564 oum
1399 4527 1453 4564 non
1471 4527 1532 4565 aco.
1549 4529 1644 4586 eqqrru-

354 4606 410 4662 tur,
431 4599 600 4663 eundemque
617 4595 774 4646 arridendum
786 4602 833 4644 ert.
870 4595 923 4629 Μ
941 4598 987 4662 qui
1005 4601 1032 4645 te
1087 4602 1354 4663 conservaverotque
1367 4601 1449 4649 omisa.
1463 4601 1487 4649 1.
1507 4601 1602 4650 addid.
1614 4605 1643 4650 11.

355 4685 398 4736 Oi.
417 4685 440 4744 ἕ.
462 4683 484 4732 l.
552 4683 575 4718 ¹⁸
593 4687 738 4734 strennuus
757 4684 779 4729 t.
797 4681 895 4746 alatque.
964 4681 986 4714 ²³
1005 4683 1110 4747 recepit
1129 4686 1152 4731 l.
1175 4699 1244 4733 eurr.
1263 4687 1292 4733 ΙΙ.
1361 4681 1383 4715 ²⁴
1402 4677 1515 4749 leogio]
1540 4687 1644 4738 senec.

353 4764 469 4834 Thyoei.
484 4767 556 4820 1046.
570 4785 648 4834 sqq,.
691 4763 712 4798 ²⁹
730 4763 877 4814 Proeustes
894 4767 955 4814 cdd.
1006 4765 1028 4798 ³⁸
1045 4767 1246 4833 opportunitati
1264 4771 1289 4818 2.
