3410 5524
442 1467 447 1482 ·
531 1439 679 1566 vnnrun
703 1473 750 1536 nn
772 1470 923 1536 nvrrnn

427 1663 434 1674 ι
663 1589 790 1646 uuvrr'rs

372 1689 421 1740 AD
440 1687 635 1740 GERMANOS
654 1686 742 1738 SVOS
760 1686 1086 1737 EXHORTATORIVM.

261 1843 424 1930 Dormitum
445 1842 536 1906 nimio
558 1839 625 1922 plus
646 1847 704 1913 est,
729 1841 874 1920 exurgite,
898 1841 984 1910 cives,

338 1944 374 2004 Et
396 1961 496 2005 eurnrn
519 1944 602 2004 [raeti
625 1944 763 2020 corripite
785 1943 915 2021 imperii;

220 2125 224 2134 ι
262 2047 429 2108 Dormitum·
447 2046 536 2106 nimio
559 2044 624 2123 ptus
646 2052 704 2105 est:
727 2046 783 2104 iarn
806 2043 960 2117 Pennonas
982 2061 1050 2102 seer

202 2173 213 2212 t
337 2147 370 2208 ln
393 2155 488 2208 restro
509 2127 607 2224 pulset
627 2144 726 2206 lirnine
747 2127 843 2206 Turre
867 2147 955 2213 tores,

263 2249 338 2312 Dum
360 2267 411 2309 vos
433 2265 553 2308 somnus
574 2247 664 2308 habet
686 2247 806 2324 (tentum
830 2254 873 2306 est
894 2244 1022 2324 vigilare)
1046 2244 1183 2322 pudendo

340 2349 506 2419 Dedecore,
529 2357 558 2410 et
578 2350 686 2410 nostris
708 2347 839 2408 cladibus
862 2348 951 2408 hostis
974 2347 1065 2422 adest.

266 2454 364 2515 Hostis
386 2453 483 2521 adest,
507 2448 637 2530 vigilate,
661 2450 728 2521 viri,
753 2448 868 2528 vigilate
889 2437 1044 2529 repente:r

205 2579 217 2620 s
340 2553 402 2615 lem
424 2555 499 2614 teret
521 2558 674 2612 externum
696 2552 828 2614 Teutone
851 2559 929 2612 terra
951 2550 1067 2630 iugum:

266 2657 328 2718 Hoc
350 2654 448 2716 tulerit
469 2653 607 2722 RhenuS,
630 2651 729 2714 tuterit
751 2655 907 2716 Germania
929 2669 1047 2731 pugnax

342 2756 395 2817 Hie
418 2755 514 2816 Asiam
537 2753 653 2815 domine
675 2761 789 2833 sceptra
811 2763 913 2816 tenere
935 2755 1041 2848 mepu?

266 2860 303 2920 Et
324 2857 402 2936 quod
425 2857 517 2917 Roma
540 2864 658 2937 potens,
681 2862 752 2917 tune
774 2875 841 2917 cunr
863 2875 895 2916 se
917 2857 946 2916 in
969 2855 1041 2916 ssure
1064 2855 1184 2922 rideret,

197 2985 219 3026 12
270 2983 273 2990 ·
343 2959 409 3021 Non
431 2960 540 3037 potuit,
563 2976 714 3037 nunquam
737 2956 829 3018 Gellia
851 2958 929 3036 quod
951 2959 1056 3036 putuit,

269 3061 332 3124 Non
355 3060 440 3122 crudi
460 3067 586 3138 potuere
609 3059 723 3139 Scythae
744 3059 872 3138 [lucique
894 3059 1063 3137 (letheaque,

346 3162 430 3232 Quod
452 3163 653 3242 nonttnitimi¹
667 3155 799 3222 Sarmata
823 3160 918 3222 cultor
938 3161 1011 3238 agri,

271 3265 333 3325 Hoc
349 3253 467 3326 ¹'l'urces
488 3265 618 3342 potuisse
639 3263 728 3325 teveis
749 3263 812 3324 haec
835 3263 939 3323 viderit
960 3268 1042 3330 zetas,
1084 3268 1086 3272 ’

202 3388 223 3428 n
347 3364 396 3444 nr
404 3364 520 3448 (pudor)
544 3385 580 3426 ex
601 3366 668 3426 Asin
691 3367 815 3426 senserit
836 3364 1010 3444 imperium?

271 3467 329 3538 tn,
353 3465 464 3528 alacres
486 3465 537 3528 ubi
558 3485 637 3527 nnnc
659 3467 766 3529 animi?
788 3468 869 3545 rigor
891 3465 940 3526 ille
962 3464 1027 3535 ubi,
1051 3465 1137 3532 cives,

306 3560 312 3572 ’
350 3568 405 3638 Qut
428 3567 538 3637 tuerat,
561 3575 628 3647 post
649 3575 692 3628 tot
713 3566 810 3628 secula
833 3573 920 3628 nutus
942 3567 1054 3628 adhue?

274 3665 366 3752 Tentu'
390 3676 488 3730 eteros
509 3671 613 3732 fecisse
635 3689 731 3750 neque
753 3670 781 3731 id
804 3669 918 3730 nescire
940 3675 1072 3747 nepotes,

202 3795 226 3836 u
350 3770 524 3850 Exemplum
547 3772 612 3831 ritae
633 3791 693 3832 non
715 3787 821 3851 capere
842 3770 909 3831 inde
932 3771 1047 3830 tamen?

274 3874 351 3936 Eece
373 3875 432 3934 ruit
452 3875 585 3952 victaque
607 3875 673 3935 Asia
695 3875 884 3954 Aegyptoque
905 3870 1025 3932 subacta

352 3973 437 4044 Quod
459 3983 595 4052 superest
615 3977 645 4034 in
667 3993 722 4036 nos
743 3977 856 4052 agmina
880 3975 975 4035 Turre
998 3977 1109 4040 moret,

275 4076 482 4156 Bellorumque
505 4095 607 4140 omnes
630 4095 716 4140 curas
737 4075 901 4154 molemque
927 4073 1084 4152 superbam

204 4202 227 4242 n
352 4179 385 4240 ln
407 4178 533 4258 populos
554 4179 648 4240 Rheni
671 4177 853 4256 Danubiique
876 4176 961 4236 vehit.
1004 4165 1007 4172 ’

278 4281 338 4344 Nee
359 4283 454 4351 venit,
476 4286 510 4340 ut
531 4288 652 4356 regnet,
674 4280 752 4340 uenit
774 4286 805 4339 ut
827 4280 884 4354 (nte
907 4275 1013 4356 audite)
1037 4275 1173 4344 trucidet,

354 4381 391 4444 Ut
412 4380 540 4460 iugulet,
563 4380 624 4442 sola
645 4381 709 4442 hee
731 4387 851 4458 pectore
873 4397 944 4440 eura
963 4377 1057 4448 sedet.

132 4565 205 4620 une.
217 4569 341 4636 nrsnogr.
355 4584 382 4619 n.
395 4567 470 4619 xrx.
486 4565 508 4616 r.
521 4567 545 4617 e.
558 4567 584 4618 t.
618 4567 680 4618 non
698 4571 774 4617 extat
792 4533 821 4615 en
844 4564 914 4644 epp.
932 4564 1049 4630 possen
1073 4577 1098 4612 a.
1120 4559 1193 4612 rste.
1212 4560 1294 4612 seren
1319 4551 1390 4622 (nt

660 4650 726 4700 uu.
742 4667 769 4700 n.
782 4649 836 4713 n).

116 4775 122 4788 ’
185 4785 203 4821 ²¹
221 4789 318 4841 ments
335 4793 360 4842 t.
