3382 5516
186 449 408 490 ῦΟΙΙΙΙῖΔΙΠΙ
420 453 581 490 ostricolor
595 445 705 488 turstatt
719 451 942 520 cousrtrvrtops
955 449 1215 488 Αῠ-ΙΑΧῙΙΙΜΑΙΥΙ
1228 451 1247 488 1.
1283 421 1357 494 233

78 629 142 684 quos
163 609 307 668 llaanador
328 609 483 676 n'ominant;
505 628 621 685 cumque
643 611 675 668 ad
695 628 783 668 anuos
805 611 957 686 pubertatis
978 611 1163 686 pervenerint.
1186 612 1219 668 ad
1241 611 1358 670 maiores

76 695 218 770 dignitates
240 697 403 760 ascendunt:
426 713 486 752 nam
510 693 587 755 multi
610 713 705 754 corum
726 696 857 771 praesides
877 693 1076 772 provinciarum
1092 696 1248 753 ellicimrtur
1262 713 1358 753 secun-

77 782 134 836 dum
156 781 274 837 virtutes
297 790 326 837 et
346 781 443 838 merita
465 799 574 844 eorum,
597 782 684 840 maior
705 791 880 856 tamcnpars
902 795 997 839 corum
1019 791 1084 856 post
1106 798 1190 838 annos
1205 781 1357 856 pubertatis

76 865 200 922 custodes
223 866 347 940 corporis
369 865 542 941 imperatoris
563 866 728 924 efficiuntur.
766 867 803 922 ita
831 866 860 923 bi
889 867 947 940 qui.
964 867 1053 924 minos
1080 867 1185 923 strenui
1217 875 1357 941 apparent,

56 951 192 1008 tretinent
213 951 481 1025 pristinum-nomen
502 960 532 1008 et
551 952 681 1009 dicuntur
701 950 891 1026 Spabioglani,
914 951 1000 1027 magis
1016 961 1105 1010 autem
1120 951 1225 1008 strenui
1241 951 1359 1026 Solupb·

76 1036 152 1091 tnarii
174 1033 356 1110 appellantur.
393 1035 458 1094 Gnm
480 1035 566 1110 igitur
587 1037 738 1112 Imperator
760 1037 812 1093 iter
831 1037 912 1108 lacit.
941 1044 984 1093 cst
1010 1037 1128 1111 stipatus
1150 1053 1199 1092 urr-
1221 1029 1229 1098 l
1251 1031 1426 1110 mtto.

75 1120 151 1194 dique
172 1121 291 1178 cateruis
312 1121 410 1178 borum
432 1123 590 1184 custodum,
615 1123 641 1177 in
664 1137 718 1178 una
739 1122 811 1178 enim
833 1129 911 1196 parte
932 1129 997 1188 mint
1011 1119 1201 1196 Spabioglani‚
1225 1122 1271 1196 qui
1292 1131 1357 1179 suut

75 1205 179 1264 circiter
201 1204 277 1262 mille
299 1214 328 1262 et
349 1205 493 1268 sexcenti.'
510 1207 537 1262 in
560 1206 644 1263 altera
666 1215 743 1282 parte
771 1215 835 1264 sunt
857 1205 1057 1281 Solupbtuorii,
1085 1207 1132 1280 qui
1159 1215 1223 1262 sunt
1249 1206 1359 1265 circiter

77 1289 232 1364 quingenti,
255 1290 302 1364 qui
323 1307 418 1347 omnes
440 1292 630 1366 prenominati
653 1293 745 1348 vivunt
767 1309 799 1350 ex
826 1292 979 1366 stipendio:
1008 1292 1199 1365 ingrediuntur
1225 1301 1358 1365 praeterea

51 1375 196 1448 *tquotidie
221 1374 350 1449 palatium
371 1375 546 1452 imperatoris
568 1385 683 1451 propter
704 1384 891 1434 ornamentum
915 1375 993 1436 aulae.
1036 1376 1106 1433 Sunt
1129 1384 1158 1432 et
1179 1375 1224 1432 alii
1247 1393 1358 1452 magun·

75 1477 131 1516 rum
151 1459 309 1534 principum
330 1461 440 1518 circiter
460 1463 632 1536 septuaginta
655 1463 700 1537 qui
723 1461 897 1536 appellantur
910 1461 1120 1537 llutapbaricbi,
1142 1468 1171 1517 et
1185 1461 1212 1516 bi
1227 1461 1236 1532 Ι
1250 1455 1358 1535 ἷῇξψ

75 1554 135 1602 sunt
148 1543 230 1602 liberi
254 1545 289 1602 ab
309 1546 382 1602 omni
405 1563 488 1603 onere
510 1546 615 1606 militiae
637 1555 665 1604 ct
687 1545 771 1611 aulae:
794 1547 846 1603 nisi
869 1565 929 1604 cum
952 1548 1011 1622 ipre
1033 1547 1181 1622 imperator
1202 1553 1246 1602 est
1268 1547 1357 1624 iner-

75 1630 174 1695 mutu,
206 1629 259 1705 ipsi
289 1647 398 1704 quoque
426 1644 536 1689 neccsse
558 1639 602 1688 est
628 1641 659 1689 ut
686 1631 820 1696 militeut;
848 1633 993 1707 vivuntque
1021 1649 1063 1689 er.
1080 1630 1226 1707 stipendio.
1270 1633 1424 1703 Habetmt.

76 1715 151 1770 ctiam
168 1715 323 1789 lmperator
337 1715 405 1772 alios
420 1717 545 1791 corporis
560 1717 702 1780 custodes,
720 1717 765 1791 qui
782 1725 846 1774 sunt
862 1717 956 1792 optimi
974 1717 1121 1791 Sagittarii,
1138 1715 1216 1774 electi
1231 1717 1239 1786 Ι
1254 1730 1355 1775 suumn

48 1806 105 1855 ilex
125 1817 240 1856 numero
262 1799 468 1864 laniaariornm,
492 1801 600 1859 Solacbi
622 1811 828 1877 nuncupantur;
851 1801 877 1858 bi
900 1819 955 1858 non
978 1803 1078 1859 radunt
1093 1802 1119 1857 in
1135 1802 1228 1875 equis,
1251 1811 1279 1859 et
1293 1814 1358 1862 sunt

74 1885 162 1940 morati
186 1885 288 1942 lramea
311 1885 397 1949 brevi,
420 1879 485 1944 ar'cn
507 1904 568 1943 cum
591 1887 699 1962 sagittis
727 1888 843 1962 promtis
869 1887 902 1944 ad
930 1887 1029 1952 ictum;
1059 1886 1220 1961 scbcupbias
1247 1885 1358 1964 byrreta

74 1969 208 2044 incapite
230 1969 360 2028 delerant
380 1970 454 2029 albas
477 1980 505 2028 et
527 1961 629 2036 lectas,
652 1971 762 2036 circulis
784 1973 875 2029 aureis
897 1973 1049 2036 redimitas,
1073 1981 1100 2028 et
1116 1972 1274 2030 vestimenta
1296 1993 1358 2033 suc·

72 2055 162 2111 cincta.
200 2055 231 2112 bi
253 2055 324 2112 enim
346 2065 411 2114 suut
433 2057 562 2130 praecipui
591 2058 719 2114 custodes
747 2058 934 2130 lmperatoris.
964 2073 1025 2114 cum
1053 2057 1079 2112 iu
1108 2057 1205 2112 itinere
1226 2066 1243 2137 p
1259 2069 1358 2110 mma.

73 2147 124 2203 est,
149 2157 289 2216 nunquam
311 2139 345 2198 ab
374 2159 446 2215 equo
474 2141 649 2217 lmperatoris
677 2142 863 2199 discedentes:
890 2135 1004 2200 numero
1032 2149 1103 2198 sunt·
1123 2139 1233 2198 circiter
1253 2144 1358 2217 septin-

45 2225 155 2298 agend.
186 2234 217 2284 et
238 2227 306 2283 sunt'
325 2225 446 2285 distincti
468 2245 519 2302 per
540 2227 735 2290 centuriones:
753 2235 781 2284 ct
802 2228 894 2284 vivunt
921 2244 954 2284 ex
982 2225 1126 2301 stipendio.
1172 2225 1241 2283 Sunt
1267 2236 1296 2284 et
1317 2229 1425 2287 lat-tt.

72 2309 185 2375 nitores,
209 2311 257 2385 qui
279 2310 360 2368 etiam
381 2329 414 2370 ex
428 2312 564 2370 lanizariis
579 2321 718 2376 creantur,
742 2329 858 2387 quorum
874 2329 1002 2368 numems
1017 2319 1060 2370 est
1075 2311 1146 2374 CCC,
1169 2311 1216 2368 Ca·
1231 2305 1239 2376 Ι
1254 2325 1355 2364 runa..

72 2395 118 2467 piti
138 2403 286 2460 iocanturc
304 2396 335 2452 bi
357 2398 439 2454 ctiam
461 2398 553 2456 vivunt
575 2415 607 2454 ex
629 2398 775 2473 stipendio.
812 2398 858 2454 sed
881 2406 909 2455 et
931 2396 1052 2471 lletbery
1080 2396 1196 2453 tentoria
1225 2405 1253 2452 et
1280 2398 1356 2474 papi·

72 2477 153 2538 liones
175 2481 340 2544 extendunt,
363 2491 391 2539 et
413 2499 519 2540 omnem
542 2482 757 2558 suppellectilem
780 2481 850 2540 aulae
864 2481 1029 2557 disponunt·;
1052 2481 1098 2556 qui
1114 2481 1222 2538 circiter
1236 2485 1355 2541 sexcenti

71 2571 138 2620 sunt.
175 2566 247 2623 Sunt
269 2577 402 2640 praeterea
423 2568 542 2626 artifices
562 2568 730 2625 diversarum
753 2569 866 2631 artium,
889 2585 951 2642 quac
973 2568 1005 2625 ad
1028 2575 1215 2624 ornamentum
1238 2578 1366 2648 pnsum,

43 2648 134 2706 naula
148 2651 327 2726 lmperatoris
347 2649 499 2726 pertinent.
523 2653 569 2728 qui
594 2670 687 2711 omncs
710 2653 736 2710 in
760 2652 820 2710 aula
843 2652 1016 2728 lm'peratoris
1032 2653 1124 2708 vivunt
1140 2661 1266 2725 tanquam
1283 2669 1357 2708 man·

70 2735 141 2808 cipia.
178 2735 411 2794 lmbraborbascia
433 2747 476 2796 est
495 2738 626 2811 magister
639 2755 803 2812 aganonem:
826 2737 968 2796 lmbrabali
981 2737 1111 2795 dicuntur
1126 2737 1172 2810 qui
1187 2736 1363 2798 distribuunt.

70 2819 175 2886 vexilla:
204 2821 414 2895 chmcnbascia
441 2831 484 2882 est
512 2824 643 2898 magister
669 2824 832 2882 uenationis.
875 2821 934 2880 Alia
962 2821 1046 2880 multa
1074 2822 1161 2880 ollicia
1190 2823 1355 2900 omittuntur

70 2907 151 2976 gratia
173 2905 325 2986 brevitatis.
369 2907 421 2968 Sed
445 2917 589 2985 postquam
611 2909 645 2966 de
672 2909 890 2982 magistratibus,
922 2907 1021 2982 quibus
1050 2908 1192 2982 imperium
1219 2903 1422 2981 guberna-tto·
1447 2915 1451 2924 '

70 2997 123 3054 tur,
145 3001 174 3048 et
196 2992 232 3049 de
255 2991 389 3048 ministris
411 3011 441 3050 ac
463 2993 624 3066 custodibus
646 2995 772 3068 corporis
787 2993 962 3069 Imperatoris
976 2991 1082 3050 abunde
1096 2993 1287 3056 disseruimus,
1310 3010 1356 3060 su·

43 3082 158 3148 operest
180 3085 212 3132 ut
234 3077 269 3132 de
291 3077 438 3150 generibus
460 3078 576 3136 militum
598 3087 627 3136 et
648 3079 730 3136 modo
752 3078 928 3137 construendi
944 3078 1092 3136 exercitum
1108 3095 1260 3136 sermonem
1276 3078 1356 3134 lacio-

69 3175 131 3216 mus.
167 3161 239 3218 Sunt
263 3161 299 3218 ita
321 3162 427 3219 diversa
449 3181 549 3238 genera
571 3163 702 3228 militum,
725 3163 849 3222 videlicet
865 3163 1014 3226 Thimarci,
1031 3150 1164 3226 laninam,
1181 3156 1251 3227 ds·l
1273 3157 1353 3243 ἓξὲξ

68 3245 121 3318 sapi
142 3255 170 3303 et
191 3247 326 3321 decangi,
348 3247 382 3304 dc
405 3248 505 3328 quibus
526 3248 684 3323 singillatim
708 3249 892 3307 tractabimus.
930 3249 1063 3306 'lbimarci
1085 3256 1150 3304 sunt
1171 3249 1220 3304 mi·
1242 3248 1356 3318 lau-ua.

69 3327 125 3386 lites
145 3333 256 3406 equites
279 3347 389 3396 omncs,
413 3333 512 3407 quibus
534 3351 601 3408 ager
622 3334 655 3391 ab
678 3335 842 3409 imperatore
865 3333 1014 3390 attributus
1037 3341 1094 3396 est,
1117 3333 1187 3389 unde
1211 3333 1270 3406 ipso
1292 3349 1354 3388 cum

69 3424 180 3486 quatuor
201 3416 336 3474 militibus
357 3418 478 3476 loricatis
507 3419 595 3476 vivere
624 3419 727 3494 possit,
756 3429 784 3476 et
812 3421 853 3476 sic
880 3419 989 3476 l'bimar
1015 3418 1085 3493 apud
1114 3435 1162 3474 eos
1190 3415 1355 3499 intelligitur

42 3506 129 3570 ttagcr
148 3517 235 3564 unus,
258 3502 291 3558 de
314 3521 369 3578 quo
392 3503 512 3578 quinque
534 3504 634 3560 milites
656 3505 749 3561 vivunt
770 3521 802 3561 ex
823 3505 935 3561 decimis
950 3519 1000 3578 per
1014 3502 1139 3558 subditos
1154 3502 1353 3588 provinciarum

68 3582 243 3644 dedentibus
271 3595 299 3644 et
326 3579 451 3645 omnibus
479 3597 560 3647 terrm
587 3589 762 3646 nascentibus
791 3590 876 3652 datis,
904 3589 1025 3663 quamvis
1053 3587 1105 3662 ipsi
1136 3587 1194 3661 agri
1222 3603 1276 3644 non
1299 3587 1355 3642 siut

69 3670 194 3744 aquales,
220 3672 283 3746 quia
300 3671 398 3746 aliquis
414 3681 455 3730 est
472 3675 518 3748 qui
534 3683 626 3748 potest
647 3675 728 3732 dividi
749 3675 776 3731 in
791 3675 850 3738 llll,
874 3670 939 3731 xxx
961 3681 989 3730 ct
1004 3672 1046 3729 llb
1069 3679 1161 3745 partas
1177 3671 1303 3740 Tbimar,
1326 3679 1354 3727 et

68 3763 149 3811 tamen
178 3756 213 3812 ab
241 3773 297 3813 uno
326 3757 497 3832 possidetur:
528 3759 574 3815 scd
604 3758 635 3816 ad
661 3761 752 3816 instar
779 3753 973 3834 magnitudinis
1006 3757 1065 3831 agri
1088 3765 1267 3831 proventuum
1291 3755 1353 3813 talis

68 3855 205 3911 possessor
226 3841 334 3916 equites
357 3843 413 3899 sive
435 3842 535 3902 milites
558 3852 641 3900 tenet.
687 3843 758 3902 uude
784 3845 949 3918 computatis
977 3841 1102 3902 omnibus
1130 3842 1205 3915 agris
1230 3839 1355 3898 militari·

42 3923 113 3980 obus
133 3925 284 3984 maioribus
306 3935 335 3983 ct
355 3927 522 3990 minoribus,
551 3929 597 4003 qui
621 3929 756 3986 babentnr
783 3930 810 3986 in
833 3929 977 3990 Romania,
1005 3943 1119 3984 numero
1140 3921 1149 3992 Ι
1168 3919 1353 4000 fflffl·

68 4017 132 4064 sunt·
148 4021 270 4086 quatuor
298 4011 395 4078 millia
410 4021 438 4070 et
466 4013 624 4088 quingenti;
657 4015 684 4070 in
713 4013 817 4070 Natalia
850 4031 914 4070 vero
947 4013 1017 4070 laeta
1051 4011 1133 4068 simili
1159 4011 1353 4087 supputatione

68 4110 172 4157 numero
196 4105 268 4154 'cunt
297 4097 417 4172 quinque
445 4097 529 4155 millia
554 4108 585 4168 et
614 4099 756 4173 quingenti
786 4099 901 4160 milites:
935 4115 976 4155 cx>
1001 4097 1099 4170 quibus
1134 4096 1260 4154 omnibus
1291 4097 1354 4153 l'bi·

68 4195 133 4244 mar,
163 4181 200 4237 iu.
218 4181 323 4242 Natolia
352 4181 456 4240 scilicet
478 4191 506 4239 et
528 4183 671 4247 Romania,
705 4182 839 4240 resirltant
874 4182 1070 4258 quinquaginta
1101 4173 1186 4238 millia
1221 4182 1352 4257 equitum,

67 4264 107 4334 qui
134 4281 229 4323 omnes
252 4266 383 4324 obediunt
402 4269 462 4324 ¹suis
490 4267 665 4343 presidibus,
694 4278 723 4326 ct
750 4285 858 4344 semper
883 4277 956 4325 stant
984 4267 1071 4343 parati
1099 4267 1131 4323 ad
1159 4263 1274 4331 bellum,
1301 4284 1352 4325 nec

40 4347 132 4404 oaliud
148 4349 305 4408 alimentum
320 4351 422 4409 babent
437 4369 517 4426 qaam
531 4370 564 4408 ex
578 4353 652 4427 agris
673 4352 736 4410 ilbs.
775 4353 927 4410 Quadam
950 4361 1039 4409 autem
1061 4367 1148 4427 genus
1170 4351 1287 4410 militum
1309 4358 1419 4411 esti-²7·

67 4433 233 4506 qnilaniaari
262 4436 404 4495 dicuntur:
433 4453 527 4495 omncs
555 4439 626 4495 euim
656 4438 760 4512 pedites
788 4445 866 4504 sunt,
896 4447 925 4494 et
952 4455 983 4494 ex
1013 4437 1149 4512 stipendio
1170 4438 1219 4494 lm·
1240 4431 1248 4502 Ι
1267 4453 1351 4494 namt

67 4520 194 4590 peratoris
218 4521 323 4584 vivunt,
352 4529 381 4578 et
408 4539 516 4598 semper
543 4532 609 4580 sunt
636 4523 683 4581 ubi
711 4524 862 4597 lmperator
889 4523 939 4578 est'.
976 4523 1063 4580 maior
1092 4539 1156 4597 pars
1185 4537 1281 4586 acrum
1308 4524 1352 4578 est
1438 4559 1444 4578 .

98 4699 116 4732 ¹⁸
132 4703 276 4770 scbcnpb.]
296 4705 411 4770 cuphies
425 4703 521 4772 (coisse,
541 4704 677 4769 &matthei
711 4695 734 4736 ¹¹
751 4704 891 4769 Methory,
911 4705 1077 4756 tantorialt.
1119 4701 1195 4739 Μ’
1211 4699 1348 4754 bastin.

66 4779 85 4816 ⁸¹
101 4785 223 4854 citaque
270 4787 292 4822 ⁸⁸
311 4789 345 4840 sd
362 4789 382 4840 ί.
396 4786 448 4872 ιιι]ι
458 4803 510 4856 pro
527 4805 558 4840 ra.
593 4787 616 4822 ⁸⁸
634 4785 748 4856 milites]
763 4789 873 4854 perlitas.
917 4785 942 4822 ⁴⁸
956 4787 1101 4854 resultant]
1119 4787 1271 4851 effictam.
