3406 5526
238 427 429 462 cottevtrttrto
442 426 603 462 6131414104
616 425 771 462 stoream
782 425 817 462 ut
831 411 1021 462 ntzeutt'tttnvs
1032 427 1068 462 H
1081 427 1105 462 C·
1117 427 1145 462 A.
1159 420 1219 476 ΗΠ.
1295 396 1366 470 ¹89

100 585 198 661 quidem
227 577 329 642 oneris'
345 602 393 641 seu
422 585 561 660 imperatae
591 584 712 660 pecuniae
739 585 809 640 ratio
836 585 870 642 ad
898 583 925 641 id
946 601 976 640 se
1004 583 1137 648 extendit,
1166 593 1197 640 ut
1219 601 1268 659 per
1289 583 1366 644 locos

99 671 212 743 singulos
234 671 289 728 sive
312 669 426 726 familias
448 669 568 726 florenos
591 686 660 725 unus
682 669 812 726 lleuensis
836 669 875 724 vel
898 670 969 726 circu
990 668 1107 743 impendi
1130 669 1235 727 debeat

173 763 197 814 4.
220 754 286 812 ltem
308 755 381 830 quod
402 763 503 830 praeter
524 753 686 810 ordinariam
708 754 776 811 hane
798 755 950 828 pecuniam,
981 770 1040 827 quoe
1067 771 1117 828 per
1138 754 1215 812 locos
1235 755 1367 829 exigenda

97 841 186 904 luerit,
214 840 356 896 universus
378 845 466 896 status
488 839 637 914 spiritualis
660 839 745 896 totius
768 839 927 896 Christiane
949 837 1104 913 reipublicae
1126 841 1245 914 exceptis
1267 840 1367 898 lleudi·

80 925 207 982 smntium
229 925 375 982 Ordinibus
397 925 444 998 qui
466 923 558 1003 nullos
580 923 679 980 hebent
701 924 821 988 redditus
843 932 891 980 aut
918 933 1080 998 proventus.
1109 925 1264 998 supradicto
1286 926 1368 982 trien·

97 1011 137 1065 nio
157 1027 189 1065 er
211 1009 335 1066 omnibus
357 1009 414 1066 suis
435 1007 613 1084 proventibus
635 1018 663 1065 et
685 1008 837 1066 redditibus
858 1017 960 1066 rectam
981 1008 1110 1066 decimam
1138 1011 1165 1065 in
1193 1009 1262 1068 bano
1288 1027 1368 1086 etpe-

96 1095 218 1152 ditionem
239 1093 404 1169 persolvet..
803 1090 807 1098 '

173 1190 197 1240 5.
219 1179 285 1236 ltem
308 1180 404 1250 omnis·
417 1187 445 1236 et
466 1180 609 1236 universus
631 1177 761 1236 secularis
782 1186 885 1242 status.
914 1186 942 1236 et
955 1177 1116 1253 ‚praesertim
1139 1179 1185 1252 qui
1208 1179 1303 1238 domos
1325 1197 1368 1238 re·

97 1273 157 1338 gunt
178 1266 234 1338 sive
255 1263 365 1321 familiae
386 1273 523 1339 praesunt.
545 1265 701 1338 vigesimam
723 1279 834 1320 suorum
856 1263 1012 1321 reddituum
1033 1272 1137 1338 partem
1159 1264 1311 1323 exhibeant.

72 1362 91 1400 u
143 1371 146 1380 ·
174 1356 199 1412 6.
220 1350 286 1406 ltenr
310 1349 381 1428 quod
404 1366 497 1406 omnes
520 1349 729 1424 spiritualesae
750 1348 938 1406 secularesae
960 1349 1046 1404 viduae
1075 1349 1216 1413 mulieres,
1247 1352 1293 1425 qui
1321 1368 1368 1408 ne·

98 1451 144 1507 que
166 1433 288 1490 redditus
310 1434 409 1491 liabent
430 1452 519 1509 neque
541 1443 702 1508 proventus.
732 1433 778 1490 sed
807 1451 968 1508 quacunque
997 1443 1144 1492 numeratae
1167 1437 1288 1509 pecuniae
1311 1435 1367 1492 sive

97 1517 230 1575 mobilium
252 1518 387 1578 bonorum
409 1520 564 1576 conditione
586 1527 761 1582 censeantur.
791 1519 869 1576 iidem
900 1519 988 1575 medio
1011 1519 1174 1584 iuramento.
1198 1530 1305 1578 secreto
1329 1530 1368 1577 ta·

98 1621 165 1666 rnen,
181 1602 323 1660 facultates
338 1621 402 1661 suas
416 1605 551 1679 pandent.
575 1605 674 1678 quihus
689 1604 721 1660 ad
736 1604 944 1660 estimationem
959 1621 1111 1660 annuorum
1127 1605 1280 1665 reddituum
1294 1623 1367 1664 com·

42 1709 60 1762 g
97 1690 191 1762 putatis
213 1689 294 1746 etiarn
315 1689 471 1764 vigesimam
494 1706 571 1764 aeque
593 1698 624 1747 ut
645 1691 751 1765 priores
773 1705 887 1762 erogare
909 1687 1115 1764 compellantur.
1147 1729 1160 1738 -.

71 1787 91 1825 u
174 1779 198 1833 7.
228 1775 294 1830 ltern
324 1791 417 1832 omnes
445 1775 603 1832 mercenarii
626 1773 720 1848 etqui
745 1768 969 1848 qualitercunque
992 1783 1039 1831 aut
1062 1790 1222 1856 quacunque
1244 1778 1367 1834 mercede

96 1865 121 1912 e't
141 1857 238 1915 salario
259 1858 376 1916 dominis
399 1859 576 1922 famulantur,
600 1859 700 1916 viritim
722 1857 832 1932 singulo
855 1859 1009 1916 huiusmodi
1032 1860 1211 1935 expeditionis
1227 1878 1297 1918 anno
1312 1879 1368 1918 rue·

96 1936 162 1998 diunt
184 1943 318 2000 florenum
339 1944 522 2007 lihenensem‚
550 1945 617 2000 adeo
646 1953 734 2002 tamen
761 1950 792 2000 ut
819 1943 882 2017 plus
910 1943 979 2000 lueri
1002 1961 1050 2001 eos
1073 1946 1119 2018 qui
1141 1947 1230 2004 miuus
1259 1946 1366 2012 haheat

97 2045 167 2102 aeque
188 2025 370 2104 compensatis
392 2029 535 2104 stipendiis
557 2031 722 2091 sustineant.
745 2028 872 2084 exhibere
896 2038 1047 2086 teneantur.
1091 2031 1119 2086 Si
1142 2032 1188 2104 qui
1211 2048 1274 2088 vero
1297 2032 1368 2088 iuter

96 2113 219 2170 eiusmodi
242 2113 377 2170 famulitio
399 2115 570 2172 dominorum
594 2114 692 2170 addicti
714 2114 897 2176 inveniantur,
925 2115 971 2188 qui
1000 2113 1040 2170 vel
1062 2115 1183 2173 redditus
1204 2115 1304 2172 habent
1327 2117 1366 2172 vel

68 2199 229 2270 spectatam
253 2206 280 2254 et
303 2199 427 2261 mobilia.
457 2199 475 2255 ii
497 2199 568 2256 sieut
590 2200 622 2256 de
645 2198 751 2256 caeteris
773 2199 896 2272 proximo
919 2198 1035 2254 articulo
1057 2200 1217 2274 predictum
1239 2209 1295 2264 est.
1324 2219 1367 2258 ea·

96 2283 150 2339 dem
171 2285 277 2340 ratione
298 2293 381 2358 atque
403 2283 558 2341 conditione
580 2292 750 2342 censeantur.

171 2375 196 2430 8.
219 2369 286 2426 ltem
309 2369 491 2444 praeterhac
513 2369 602 2426 ornuia
625 2368 796 2426 santissimae
818 2368 943 2426 dominus
964 2378 1060 2426 noster
1082 2379 1201 2428 sanctam
1216 2369 1366 2428 cruciatam
1403 2429 1407 2438 ,

96 2453 120 2508 iu
141 2460 225 2510 totum
248 2453 429 2510 Christianum
452 2454 546 2510 orbem
566 2455 686 2510 emittat:
715 2471 747 2509 ex
777 2455 1005 2515 cuiueoruciatse
1028 2455 1171 2512 devotione
1194 2457 1321 2512 inductus
1343 2457 1366 2512 si

96 2540 150 2610 quis
172 2538 237 2599 lien.
260 2539 390 2613 Princeps
412 2556 460 2596 seu
482 2539 601 2613 privatus
624 2540 787 2612 quicumque
809 2539 867 2594 suis
889 2539 1018 2613 impensis
1042 2540 1142 2613 absque
1158 2539 1250 2614 aliquo
1265 2542 1367 2616 stipen-

68 2623 137 2679 cattio
159 2623 185 2678 in
207 2624 277 2680 bano
299 2633 417 2680 sanctam
441 2624 638 2698 expeditionem
661 2623 796 2698 proficisci
819 2622 950 2694 voluerit.
978 2625 1001 2680 is
1029 2625 1062 2682 ab
1091 2626 1216 2686 omnibus
1244 2627 1368 2703 supradi-

96 2709 141 2764 ctis
162 2709 291 2765 oneribus
312 2709 382 2766 liber
404 2715 430 2766 et
452 2710 578 2766 immunis
601 2709 779 2783 intelligatur.

171 2801 195 2856 9.
218 2793 271 2862 Qui
293 2811 356 2850 vero
379 2793 439 2851 aliis
461 2794 550 2852 cauus
572 2793 714 2869 prepediti
738 2795 935 2868 expeditionem
958 2796 1042 2868 ipsam
1066 2795 1247 2869 personaliter
1262 2793 1366 2870 ingredi

96 2879 275 2954 nequiuerint,
299 2879 397 2938 solutis
419 2880 534 2954 primurn
557 2879 600 2938 luis
623 2881 690 2936 teris
712 2887 740 2936 et
763 2879 905 2942 oneribus.
936 2887 966 2936 ut
988 2897 1070 2954 supra
1092 2880 1259 2954 generaliter
1281 2883 1367 2957 luipo·

96 2965 165 3034 sitis.¹
184 2972 315 3039 poterunt
336 2966 417 3022 etiam
432 2965 564 3054 erciatae
581 2965 724 3022 thesauros
746 2981 801 3024 non
821 2959 915 3022 'minus
938 2965 1068 3038 adipisci,
1082 2967 1113 3022 'si
1137 2984 1188 3040 pro
1211 2967 1367 3024 conditione

67 3049 247 3124 uinculatum
269 3067 379 3108 suarum
401 3049 459 3106 zelo
482 3067 539 3106 suae
562 3050 713 3106 devotionis
735 3050 763 3106 in
785 3049 935 3106 subsidium
956 3051 1043 3124 ipsius
1066 3059 1166 3108 sanctae
1190 3053 1368 3125 expeditionis

96 3135 231 3209 quiequam
253 3135 432 3208 erogaverint.
831 3192 839 3204 ,

173 3229 212 3282 10.
242 3219 376 3278 Numerus
397 3230 488 3278 autem
511 3219 649 3276 hominurn
671 3237 721 3294 per
743 3228 827 3276 totam
858 3221 1036 3278 Christianam
1065 3221 1258 3296 rempublicam
1288 3221 1367 3280 lacile

96 3303 181 3362 baberi
208 3305 327 3380 poterit,
357 3306 379 3362 si
408 3323 423 3362 a
450 3303 639 3380 spiritualibus
667 3321 697 3362 ae
725 3303 893 3382 secularibus
921 3305 1105 3380 Principibus,
1136 3299 1312 3366 aPraelectis
1340 3315 1368 3364 et

96 3387 291 3464 llagistratibus
313 3390 371 3448 suis
392 3409 442 3465 per
464 3391 656 3452 Protectores,
684 3389 973 3465 Archipresbyteratns
997 3399 1029 3446 ¹et
1049 3391 1194 3450 Perochias
1221 3391 1368 3466 diligenter

77 3474 186 3532 triritim
210 3491 305 3532 omnes
327 3492 377 3550 per
397 3477 486 3551 capita
508 3475 642 3532 recenseri
665 3474 807 3540 curabunt.
936 3549 938 3552 Ι

173 3569 212 3619 ll.
240 3559 271 3616 ln
293 3561 360 3636 ipsis
381 3578 446 3618 vero
469 3561 613 3618 ordinariis
635 3560 820 3616 exactionibus
843 3577 874 3614 er
898 3560 1122 3634 quinquagesimo
1139 3577 1303 3636 quocunque
1318 3579 1368 3636 per

97 3641 165 3702 locos
186 3647 243 3702 sive
265 3661 316 3720 per
337 3644 466 3708 familias,
490 3654 520 3702 ut
541 3645 700 3720 praedictum
723 3654 779 3706 est,
804 3645 867 3700 item
889 3662 921 3700 ex
944 3645 1094 3718 vigesimis,
1117 3647 1227 3704 decimis
1249 3665 1298 3704 seu
1314 3645 1367 3706 alio

97 3807 288 3824 “Q——

157 3911 327 3981 ¹impurelae
345 3919 369 3966 4.
393 3917 548 3982 impetratae
565 3918 653 3968 celeri.
705 3915 826 3967 ostendit
844 3918 869 3965 4.
899 3911 1082 3966 '’floreunus
1100 3931 1168 3966 unus
1181 3915 1325 3968 thenensis
1344 3920 1368 3970 4.

97 3991 155 4065 ³4]
167 3997 190 4050 6.
205 4004 230 4050 2.
243 4006 268 4050 et
285 4003 322 4051 ric
340 4002 468 4066 deinceps.
503 3999 597 4067 ‘apin
611 4008 645 4053 st.
660 4006 684 4052 4.
721 4000 840 4050 ⁵nullas
854 4004 877 4050 1.
918 4000 1021 4050 reditus
1035 4003 1059 4050 4.
1074 4033 1081 4048 .
1095 3999 1125 4036 0³
1143 4006 1242 4067 regant
1260 4002 1329 4053 dom.
1343 4006 1368 4055 4.

97 4079 116 4114 ¹⁰
130 4085 186 4145 §nm
203 4083 228 4134 6.
242 4101 289 4135 om.
304 4089 329 4136 3.
366 4083 386 4126 ¹¹
404 4086 472 4146 sive]
492 4101 548 4137 sure
562 4090 587 4140 4.
624 4085 645 4118 ¹²
662 4091 809 4138 censentur
822 4090 845 4136 4.
882 4086 983 4150 ,ideoq
999 4090 1023 4137 4.
1058 4086 1185 4146 mediat.
1221 4089 1369 4139 iuramenti

99 4169 162 4218 t...s.
196 4170 298 4222 secreti
317 4173 375 4221 2.3.
418 4169 439 4202 ¹³
457 4167 551 4238 pand]
572 4171 695 4238 gaudent
714 4176 737 4222 4.
775 4171 1003 4222 existimationem
1023 4175 1048 4222 4.
1085 4187 1216 4223 annorum
1230 4177 1253 4224 4.
1290 4171 1310 4210 ¹⁴
1328 4175 1368 4224 vi·

98 4267 145 4302 cea.
158 4257 181 4306 4.
233 4249 381 4322 silveta.
434 4255 600 4323 compellant
618 4260 642 4308 1.
663 4256 906 4322 compelluntur.4.
962 4253 982 4288 ¹⁵
1000 4254 1055 4323 qpi]
1075 4273 1127 4323 quo
1146 4261 1171 4309 4.
1219 4255 1277 4323 eut]
1296 4259 1324 4309 et
1342 4261 1367 4310 4.

98 4333 116 4366 “
130 4339 239 4390 sellario
253 4343 276 4390 4.
316 4339 334 4372 ¹⁹
353 4339 477 4392 addictos
487 4358 581 4392 omnes.
618 4341 741 4393 habeant
753 4345 778 4390 2.
812 4341 836 4374 ²⁰
853 4341 999 4408 pecuniam
1013 4347 1100 4394 etone.
1114 4346 1138 4394 4.
1172 4344 1285 4396 mobilia
1296 4344 1369 4395 bene

98 4421 128 4470 iis
144 4425 167 4474 4.
213 4421 258 4490 de]
284 4429 312 4474 et
330 4429 354 4475 4.
407 4427 436 4476 in
453 4432 663 4492 prox-ertest,
683 4431 708 4477 4.
759 4425 780 4460 ²¹
799 4427 906 4478 rationo
926 4433 1007 4492 atque
1025 4432 1157 4480 οιιι.2...4.
1180 4427 1220 4500 β’
1238 4429 1308 4498 quod
1325 4447 1366 4496 pr.

98 4507 162 4559 2...4.
206 4509 254 4559 SS.
267 4510 301 4558 D.
315 4511 406 4560 Nostri
425 4516 447 4562 4.
494 4517 605 4563 sanctus
624 4516 649 4563 4.
684 4510 706 4544 ²³
725 4509 825 4578 omitt]
842 4512 975 4574 enuntiet,
996 4516 1019 4562 4.
1067 4514 1186 4566 indictus
1204 4519 1227 4566 4.
1273 4514 1326 4548 ¹²¹⁴
1343 4517 1368 4566 ei

99 4591 204 4653 quim⁸
241 4592 263 4625 ²⁴
281 4596 428 4662 principes.
442 4601 467 4648 4.
502 4597 524 4630 ²⁹
543 4601 685 4664 poterell.
720 4596 740 4634 ⁸¹
761 4598 899 4663 quidpiam
912 4603 937 4649 4.
973 4595 996 4630 ⁸²
1013 4604 1069 4652 eut
1081 4600 1153 4652 bom.
1164 4617 1212 4652 om.
1225 4603 1251 4651 4.
1285 4597 1368 4650 “Ar-

98 4661 334 4808 qlpipreebiterelue¹
351 4680 375 4730 dr
392 4683 524 4748 perohies
536 4686 562 4733 2.
580 4683 888 4749 archipresbytei’ssque
907 4689 935 4733 et
951 4684 1111 4749 parrochiae
1125 4687 1149 4736 4.
1184 4683 1206 4718 ⁸¹
1223 4687 1263 4748 ὃς.
1280 4684 1366 4736 ll.12.

129 4775 190 4811 .om.
205 4766 230 4812 3.
