3434 5512
182 430 286 466 cuneta
296 429 327 464 a.
340 428 450 467 corrue
464 427 614 464 truncavit
627 426 718 462 avuta
731 417 793 462 oar}
809 423 906 462 turra.
921 426 947 460 u.
957 421 1014 460 isto.
1029 428 1052 461 c.
1067 426 1191 462 urrunnu
1205 426 1297 461 unsis.
1335 397 1407 467 327

108 603 177 647 mus
197 597 229 646 et
250 565 449 648 &eieramus
492 582 663 643 Irrbibemus
681 588 834 658 pretereo
853 581 907 642 sub
928 581 1060 650 omnibus
1079 589 1109 641 et
1128 584 1253 655 smerdis
1266 585 1411 657 praernis-

32 745 35 750 .
108 691 150 748 sis
170 689 286 764 poenis,
305 702 339 746 eo
354 687 420 760 ipso
439 685 644 758 incurrendis,
665 685 797 744 ominibus
818 690 847 743 et
864 685 990 757 sinentis
1007 684 1252 756 'Christifidelibus
1273 688 1411 759 superius

110 791 289 856 nominetis,
318 805 355 846 ne
376 789 491 862 scriptu
517 789 621 846 ⁰etium
640 786 792 860 prefatos
812 801 930 846 errores
951 783 1009 844 nou
1031 787 1226 856 continentie,
1250 786 1411 846 abeodem

111 890 251 950 Murtino
272 889 485 964 quomodolibet
503 887 624 948 condite
647 875 693 948 uel
712 888 808 960 editu,
831 895 884 946 cut
896 887 1054 947 condenda
1074 889 1119 946 uel
1138 888 1270 960 edendo,
1289 905 1341 947 seu
1357 904 1411 948 eo-

85 1006 182 1051 urum
204 994 324 1070 utiquc,
351 998 493 1064 tunquam
522 990 560 1050 ub
583 989 700 1048 bomine
720 989 895 1049 ortbodonoe
914 989 989 1060 fidei
1004 991 1138 1058 inimico,
1161 996 1249 1062 cipere
1270 990 1337 1049 ideo
1359 1007 1411 1050 ve-

109 1093 264 1152 liementer
285 1099 438 1168 suspecto,
462 1100 491 1151 et
512 1071 562 1152 “ut
580 1092 643 1150 eus
662 1093 804 1150 memoria
827 1093 944 1150 moninio
963 1091 1099 1150 delentur
1121 1091 1158 1149 de
1173 1091 1411 1166 l'bristipidelium

109 1195 271 1266 consortio,
294 1197 403 1267 tepere,
424 1209 567 1260 asserere,
585 1193 770 1268 predicere,
794 1194 934 1271 laudare,
965 1193 1151 1267 imprimere,
1171 1193 1330 1268 publicare
1350 1195 1410 1252 siue

110 1294 289 1367 defendere,
306 1311 420 1370 perse,
440 1298 485 1354 uel
502 1297 602 1367 mium,
625 1311 677 1354 seu
691 1297 777 1371 elios,
800 1295 927 1364 'directe
944 1296 990 1352 oei
1009 1294 1162 1364 indirecte,
1183 1296 1270 1353 tacite
1291 1296 1336 1353 iret
1353 1311 1406 1353 ee-

107 1413 223 1472 presse,
242 1396 362 1471 perbtice
377 1400 421 1458 oet
440 1399 560 1473 occulte,
578 1413 631 1457 seu
650 1399 679 1454 in
702 1396 835 1456 domibus
854 1399 927 1474 suis,
944 1400 1005 1456 siue
1020 1398 1087 1456 otiis
1108 1392 1197 1454 '‘tocis
1216 1396 1350 1469 publicis,
1368 1398 1413 1454 oet
1497 1393 1499 1399 ’
1551 1382 1560 1397 '

78 1501 250 1574 commatis,
275 1505 372 1556 tenere
388 1513 502 1574 quoquo
520 1499 605 1558 modo
625 1507 826 1572 presumunt:
849 1498 978 1572 quinimo
1000 1499 1053 1558 itte
1074 1497 1256 1573 comburent,
1279 1504 1311 1556 ut
1322 1514 1411 1571 prce-

108 1598 224 1672 fertur.
270 1598 440 1660 ‘Monemus
457 1601 579 1676 insuper
602 1615 701 1658 omnes
721 1607 751 1658 et
767 1602 899 1674 sinputos
918 1599 1128 1672 Cbristifidetes
1149 1599 1337 1674 supradictos
1357 1598 1411 1657 siet

112 1835 273 1913 capiuntur
288 1835 432 1908 homiues,
456 1843 488 1894 ut
503 1843 635 1914 pereant.
658 1833 683 1894 0
710 1836 876 1895 novitatem.
943 1835 1052 1894 eEtiam
1075 1851 1145 1894 sana
1162 1833 1286 1894 lutberi
1301 1834 1409 1911 scripta

112 1935 258 1996 damnas?
280 1940 310 1995 et
331 1953 398 1996 cum
421 1937 538 1996 zizaniis
561 1953 617 1996 uua
642 1937 781 2014 optimam
806 1938 896 1996 etiarn
915 1945 1044 2014 segetem
1069 1935 1167 1996 evellis
1190 1943 1218 1996 et
1241 1934 1410 1995 comburis?

114 2035 164 2095 vet
198 2037 259 2096 hoc
290 2037 395 2096 rideris
424 2038 512 2115 impie
540 2055 628 2114 agere
657 2055 692 2096 ac
720 2038 760 2097 tui
790 2036 931 2097 oblivisci.
1009 2037 1200 2098 “Memoriam
1232 2035 1313 2096 ‹leles
1335 2037 1408 2103 cium,

79 2149 207 2216 ¹⁵quem
230 2138 259 2196 in
286 2139 408 2215 gratiam
432 2139 536 2206 morlo,
559 2140 584 2197 si
606 2139 809 2218 resipisceret,
834 2139 1008 2216 accipiebas.
1045 2139 1096 2200 llis
1118 2129 1251 2198 moribus
1273 2137 1410 2196 intolera-

112 2237 204 2298 bilem
229 2245 257 2297 te
280 2237 365 2309 iacis,
390 2247 417 2298 et
436 2245 471 2298 ut
494 2239 647 2299 destruant
661 2245 690 2299 te
704 2239 774 2299 lioui
790 2257 901 2299 ornnes.
968 2241 1021 2299 *tt
1035 2257 1089 2318 per
1106 2237 1252 2300 cancellos
1268 2239 1314 2298 dic
1330 2239 1410 2306 mibi,

114 2339 251 2418 uunquid
273 2340 419 2417 inspicere
441 2339 559 2400 licebit?
581 2341 617 2400 lit
640 2359 691 2401 vos
713 2342 820 2408 miror,
845 2340 914 2418 quid
939 2343 967 2401 in
991 2347 1071 2401 taum
1095 2341 1160 2400 ocio
1183 2341 1278 2400 lacitis
1299 2340 1409 2410 Ηιιιιιιιι,

113 2459 175 2519 quo
199 2443 298 2500 minus
321 2441 422 2502 Latine
444 2441 525 2520 loqtri
548 2443 688 2523 discatis:
713 2441 778 2502 talis
801 2449 844 2502 est
866 2441 1028 2502 barbaries
1095 2439 1207 2501 ”Etiam
1224 2459 1282 2501 nou
1300 2443 1328 2501 iu
1345 2459 1408 2519 cry·

87 2539 90 2546 '
113 2544 190 2622 ptisi
268 2541 358 2602 'burli
380 2540 468 2603 alium
486 2544 590 2603 Latinis
612 2547 755 2621 rugitum,
781 2527 838 2621 quo
861 2543 897 2603 de
921 2543 1102 2621 aSopbouia
1127 2553 1189 2603 vate
1212 2543 1409 2621 perscriptum

77 2651 162 2704 uest
185 2643 272 2710 olbn,
297 2643 460 2722 ‘Principes
482 2644 632 2704 inmedio
655 2646 731 2714 eius,
756 2646 838 2722 quusi
859 2644 961 2706 leuues
983 2645 1154 2721 rugientes)
1194 2643 1247 2704 libi
1269 2644 1410 2704 mirilieus

112 2753 159 2805 est
174 2745 380 2822 Hieronymus,
405 2761 492 2822 quern
515 2743 563 2806 bic
586 2753 687 2805 niister
701 2745 796 2806 solum
813 2746 892 2806 colit.

111 2880 317 2891 ———-—---—-—-

183 2963 205 2996 ¹³
224 2961 512 3016 cs.ttattu.x111.2s.
550 2963 570 2998 ¹⁶
589 2981 639 3032 per
657 2963 746 3032 canc]
767 2968 845 3032 quasi
864 2967 970 3017 diceret
993 2966 1035 3018 ‘de
1054 2965 1188 3016 tribunali
1206 2969 1270 3026 tuo',
1294 2969 1325 3015 tu
1344 2980 1409 3014 can-

112 3049 195 3100 cellis
214 3055 315 3116 saepts,
336 3048 383 3113 qni
395 3043 450 3099 ¹nos
470 3051 601 3098 caecutire
620 3050 670 3100 vis.
708 3049 728 3081 ¹⁸
748 3049 861 3116 cryptis]
880 3057 945 3118 puto
964 3066 1013 3116 pro
1032 3051 1191 3100 carceribus
1210 3051 1283 3118 poni,
1303 3051 1410 3115 parutis

110 3135 209 3186 Romae
227 3133 420 3184 haereticorum
437 3132 594 3183 domiciliis.
647 3131 666 3164 ¹¹
686 3133 805 3199 Sopbou.
821 3135 869 3184 111.
883 3133 908 3183 3.
959 3136 1118 3200 Hieronym.
1133 3151 1228 3185 comm.
1243 3134 1409 3200 cdSopbou.

112 3237 137 3271 c.
151 3217 178 3270 3.
191 3234 218 3268 v.
232 3217 256 3269 3.
277 3216 330 3282 (ed.
344 3217 447 3267 Beucd.
461 3217 508 3268 VI.
521 3234 547 3282 p.
561 3217 698 3284 717.sqq.)
730 3221 820 3282 „Haec
838 3217 983 3285 [ecclesio]
1003 3234 1056 3269 nou
1071 3219 1175 3269 isttdivit
1187 3235 1283 3270 siccem
1296 3217 1407 3279 domini,

111 3319 204 3368 neque
224 3305 365 3368 suscipere
383 3301 473 3352 voluit
490 3299 680 3366 disciplinam,
706 3318 757 3353 nec
784 3303 888 3354 confisa
912 3309 954 3354 est
976 3305 1005 3353 in
1023 3304 1145 3367 domiuo,
1172 3305 1237 3368 quin
1255 3301 1344 3351 uoluit
1364 3316 1410 3366 ap·

110 3388 298 3454 propinquare
317 3386 352 3436 cd
370 3387 507 3436 dominum
526 3387 605 3436 deum
624 3395 709 3448 suurn,
729 3393 760 3437 ut
778 3394 929 3438 mereretur
946 3389 1055 3439 venium
1074 3393 1259 3452 peccatorum.
1295 3387 1410 3435 Frustra

111 3475 188 3524 euim
208 3470 269 3536 quis
287 3486 382 3522 vocem
400 3471 503 3521 domiui
521 3472 567 3521 clei
585 3473 628 3520 sui
648 3471 743 3522 audire
762 3489 791 3523 se
811 3473 880 3523 dicit
898 3479 927 3524 et
945 3472 1082 3524 confidere
1107 3473 1136 3521 iu
1154 3471 1276 3534 domiuo,
1300 3471 1409 3536 quando

111 3556 244 3623 operibns
262 3555 343 3606 fidem
361 3555 477 3608 destruit
496 3559 524 3606 et
541 3557 630 3622 magis
649 3557 813 3608 Mammenses
836 3559 959 3624 iungitur
982 3573 1062 3622 quam
1084 3555 1194 3606 domiuo
1218 3556 1270 3606 deo
1294 3569 1356 3616 suc,
1382 3560 1410 3605 et

112 3640 221 3706 duplici
240 3640 321 3691 corde
341 3641 451 3690 accedit
470 3641 504 3690 ud
524 3657 592 3702 aum,
614 3645 642 3690 et
660 3641 765 3692 duobus
784 3642 914 3703 dominis,
933 3641 1034 3692 sacerdo
1054 3645 1081 3690 et
1099 3641 1163 3698 dec,
1188 3641 1310 3692 militare
1329 3655 1410 3706 posse

112 3741 143 3775 se
164 3723 263 3776 credit.
291 3725 380 3774 Huius
403 3725 543 3790 principes
566 3731 629 3775 suut
652 3727 726 3778 sicut
743 3726 838 3778 leones
856 3727 1006 3790 rugientes.
1043 3727 1103 3776 Nou
1126 3726 1292 3791 ambigimus
1315 3724 1348 3774 de
1368 3739 1410 3774 ru·

112 3811 175 3875 gitu
193 3808 303 3859 leonum
323 3814 350 3859 et
368 3809 507 3872 discursu,
528 3810 636 3874 quando
654 3810 802 3861 viderimus
821 3812 961 3876 principes
981 3812 1040 3860 eins
1059 3811 1099 3860 ita
1118 3810 1147 3858 iu
1165 3811 1307 3860 utilsiectos
1326 3823 1409 3874 popu·

111 3895 156 3944 los
174 3893 308 3944 detonare
328 3901 356 3944 et
373 3909 443 3944 voce
461 3895 609 3957 tyrannica
628 3895 787 3966 rabidisque
807 3895 939 3946 conviciis
952 3895 1061 3960 plebem
1075 3899 1232 3956 conterere,
1252 3899 1282 3942 ut
1295 3907 1348 3942 uon
1361 3909 1410 3958 pa-

112 3987 217 4030 storem
236 3979 264 4028 in
283 3993 381 4044 grege,
401 3977 450 4028 sed
468 3977 575 4028 leonem
595 3980 667 4029 inter
686 3981 811 4031 oviculas
829 3985 909 4045 putes
929 3979 1069 4042 frendere,
1095 3978 1201 4028 indices
1226 3993 1332 4042 quoque
1352 3978 1411 4027 eius

113 4065 195 4129 qussi
213 4063 272 4130 lupi
289 4063 413 4126 Arabioe,
438 4063 598 4114 occidentes
622 4079 738 4130 vespere
762 4070 790 4114 ct
813 4064 852 4114 nil
876 4063 1063 4130 relinquentes
1087 4063 1115 4112 iu
1137 4078 1235 4125 mune,
1260 4077 1314 4112 uon
1339 4061 1410 4126 aspi·

112 4151 224 4200 cientes
243 4147 278 4198 ud
296 4153 384 4198 ortum
402 4146 483 4208 solis,
508 4147 556 4198 sed
575 4155 715 4200 morantes
733 4165 842 4214 semper
859 4150 888 4198 in
906 4149 1043 4209 tenebris,
1065 4153 1093 4198 et
1110 4143 1348 4213 possessiunculas
1367 4160 1410 4194 ec-

113 4233 210 4284 ciesiae
230 4235 259 4282 st
277 4247 311 4282 es
329 4247 389 4296 quae
408 4231 436 4281 in
455 4230 501 4281 dei
519 4230 636 4282 donaria
655 4233 848 4298 conferuntur,
867 4238 1009 4284 vertentes
1028 4235 1057 4282 iu
1075 4232 1180 4282 lucrum
1199 4245 1288 4291 sirum,
1308 4235 1411 4280 utnon

111 4317 240 4368 babeant
257 4331 395 4381 pauperes
414 4315 486 4380 quod
501 4304 583 4366 mene
597 4318 758 4378 comedant,
779 4319 825 4382 qui
839 4320 918 4382 quasi
931 4319 960 4367 iu
972 4323 1054 4368 nocte
1068 4321 1096 4366 et
1108 4315 1183 4366 nullo
1196 4315 1306 4366 vidente
1320 4315 1412 4364 omnia

112 4401 281 4468 populantur
299 4405 328 4450 et
346 4416 406 4450 cum
426 4400 549 4466 luporum
568 4416 642 4451 more
661 4402 806 4468 diripiant,
831 4418 865 4452 ne
884 4417 984 4468 parvos
1002 4401 1110 4466 quidem
1130 4401 1207 4449 eibos
1224 4399 1413 4464 indigentibus

111 4485 319 4551 derelinquunt.
355 4484 502 4551 Prophetes
521 4487 619 4547 etiam,
644 4486 673 4536 id
692 4491 734 4537 est
752 4486 879 4551 magistri
897 4487 944 4550 qui
962 4503 992 4537 se
1011 4489 1111 4551 putant
1127 4485 1227 4535 docere
1251 4483 1366 4550 populos
1385 4490 1414 4534 et

112 4572 146 4622 dc
165 4571 314 4636 scripturis
332 4570 526 4633 sermocinari,
546 4563 794 4636 ursupuaomo'puc,
819 4571 846 4620 id
870 4575 913 4620 est
936 4575 1079 4636 portantes
1103 4570 1228 4635 spiritum
1251 4569 1309 4620 sive
1333 4569 1413 4633 spiri·

112 4655 207 4708 tuales
225 4653 266 4717 (et
283 4654 337 4704 hoc
356 4647 509 4718 εἰρωνικῶς
527 4654 767 4721 Ιοςειιᾶιιιιι)ιιιιιιι
783 4655 837 4706 riri
855 4659 1070 4720 contemptores:
1089 4669 1143 4705 nou
1162 4655 1233 4704 euim
1252 4653 1351 4702 docere
1364 4652 1413 4702 sed

112 4740 211 4791 iecere
230 4739 258 4788 iu
279 4737 401 4788 ecclesia
419 4741 563 4803 convenit,
583 4755 636 4788 nou
656 4739 740 4790 iactis
759 4740 841 4789 verbu
860 4739 1001 4789 ‹lestmiere
1016 4773 1108 4790 .....
1126 4739 1205 4800 Quod
1228 4741 1320 4786 antem
1342 4735 1411 4784 dici·
