<?xml version="1.0" encoding="UTF-8"?>
<!DOCTYPE html PUBLIC "-//W3C//DTD XHTML 1.0 Transitional//EN"
    "http://www.w3.org/TR/xhtml1/DTD/xhtml1-transitional.dtd">
<html xmlns="http://www.w3.org/1999/xhtml" xml:lang="en" lang="en">
 <head>
  <title>
</title>
<meta http-equiv="Content-Type" content="text/html;charset=utf-8" />
  <meta name='ocr-system' content='tesseract 3.04.00' />
  <meta name='ocr-capabilities' content='ocr_page ocr_carea ocr_par ocr_line ocrx_word'/>
</head>
<body>
  <div class='ocr_page' id='page_1' title='image "./ulrichihuttenie12huttgoog_0105.png"; bbox 0 0 3410 5524; ppageno 0'>
   <div class='ocr_carea' id='block_1_1' title="bbox 313 375 1474 466">
    <p class='ocr_par' dir='ltr' id='par_1_1' title="bbox 313 375 1474 466">
     <span class='ocr_line' id='line_1_1' title="bbox 313 375 1474 466; baseline 0.004 -28"><span class='ocrx_word' id='word_1_1' title='bbox 313 375 361 447; x_wconf 85' lang='grc'><strong>88</strong></span> <span class='ocrx_word' id='word_1_2' title='bbox 440 403 562 438; x_wconf 77' lang='lat' dir='ltr'><strong>avarem</strong></span> <span class='ocrx_word' id='word_1_3' title='bbox 582 403 611 466; x_wconf 76' lang='lat' dir='ltr'><strong>ra</strong></span> <span class='ocrx_word' id='word_1_4' title='bbox 631 403 724 438; x_wconf 78' lang='lat' dir='ltr'><strong>arcera</strong></span> <span class='ocrx_word' id='word_1_5' title='bbox 743 404 1019 440; x_wconf 75' lang='lat' dir='ltr'><strong>nrnrrnrsauaramr</strong></span> <span class='ocrx_word' id='word_1_6' title='bbox 1037 405 1141 440; x_wconf 73' lang='lat' dir='ltr'><strong>oaarrc</strong></span> <span class='ocrx_word' id='word_1_7' title='bbox 1159 405 1186 440; x_wconf 82' lang='lat' dir='ltr'><strong>v.</strong></span> <span class='ocrx_word' id='word_1_8' title='bbox 1210 404 1237 440; x_wconf 86' lang='grc' dir='ltr'><strong>ιι.</strong></span> <span class='ocrx_word' id='word_1_9' title='bbox 1252 405 1311 442; x_wconf 76' lang='grc' dir='ltr'>ιιι.</span> <span class='ocrx_word' id='word_1_10' title='bbox 1325 389 1361 454; x_wconf 79' lang='lat' dir='ltr'><strong>(i)</strong></span> <span class='ocrx_word' id='word_1_11' title='bbox 1373 404 1399 440; x_wconf 77' lang='grc' dir='ltr'><strong>ι.</strong></span> <span class='ocrx_word' id='word_1_12' title='bbox 1415 399 1474 444; x_wconf 83' lang='lat' dir='ltr'><strong>rata.</strong></span> 
     </span>
    </p>
   </div>
   <div class='ocr_carea' id='block_1_2' title="bbox 213 557 1701 3602">
    <p class='ocr_par' dir='ltr' id='par_1_2' title="bbox 246 557 1631 1665">
     <span class='ocr_line' id='line_1_2' title="bbox 313 557 1601 646; baseline 0.002 -26"><span class='ocrx_word' id='word_1_13' title='bbox 313 559 398 624; x_wconf 84' lang='lat' dir='ltr'><strong>facile</strong></span> <span class='ocrx_word' id='word_1_14' title='bbox 418 558 461 646; x_wconf 89' lang='lat' dir='ltr'><strong>illi</strong></span> <span class='ocrx_word' id='word_1_15' title='bbox 482 557 635 639; x_wconf 75' lang='lat' dir='ltr'><strong>ridebatur</strong></span> <span class='ocrx_word' id='word_1_16' title='bbox 656 559 810 632; x_wconf 76' lang='lat' dir='ltr'><strong>Barariam</strong></span> <span class='ocrx_word' id='word_1_17' title='bbox 831 568 864 622; x_wconf 87' lang='lat' dir='ltr'><strong>ut</strong></span> <span class='ocrx_word' id='word_1_18' title='bbox 877 568 1046 640; x_wconf 65' lang='lat' dir='ltr'><strong>,occuparet</strong></span> <span class='ocrx_word' id='word_1_19' title='bbox 1063 561 1172 629; x_wconf 83' lang='lat' dir='ltr'><strong>armis,</strong></span> <span class='ocrx_word' id='word_1_20' title='bbox 1195 559 1247 620; x_wconf 87' lang='lat' dir='ltr'><strong>sed</strong></span> <span class='ocrx_word' id='word_1_21' title='bbox 1269 560 1437 624; x_wconf 85' lang='lat' dir='ltr'><strong>universum</strong></span> <span class='ocrx_word' id='word_1_22' title='bbox 1460 563 1601 632; x_wconf 77' lang='lat' dir='ltr'><strong>mutiano</strong></span> 
     </span>
     <span class='ocr_line' id='line_1_3' title="bbox 317 660 1602 750; baseline 0.002 -28"><span class='ocrx_word' id='word_1_23' title='bbox 317 661 397 750; x_wconf 81' lang='lat' dir='ltr'><strong>erbis</strong></span> <span class='ocrx_word' id='word_1_24' title='bbox 418 663 576 741; x_wconf 84' lang='lat' dir='ltr'><strong>imperium</strong></span> <span class='ocrx_word' id='word_1_25' title='bbox 597 667 630 723; x_wconf 91' lang='lat' dir='ltr'><strong>ut</strong></span> <span class='ocrx_word' id='word_1_26' title='bbox 651 663 833 741; x_wconf 80' lang='lat' dir='ltr'><strong>vendicaret,</strong></span> <span class='ocrx_word' id='word_1_27' title='bbox 863 679 903 724; x_wconf 86' lang='lat' dir='ltr'><strong>se</strong></span> <span class='ocrx_word' id='word_1_28' title='bbox 917 681 1018 740; x_wconf 88' lang='lat' dir='ltr'><strong>regem</strong></span> <span class='ocrx_word' id='word_1_29' title='bbox 1041 661 1168 730; x_wconf 88' lang='lat' dir='ltr'><strong>diceret,</strong></span> <span class='ocrx_word' id='word_1_30' title='bbox 1196 667 1287 722; x_wconf 86' lang='lat' dir='ltr'><strong>retus</strong></span> <span class='ocrx_word' id='word_1_31' title='bbox 1299 660 1460 727; x_wconf 85' lang='lat' dir='ltr'><strong>electurum</strong></span> <span class='ocrx_word' id='word_1_32' title='bbox 1481 665 1528 726; x_wconf 90' lang='lat' dir='ltr'><strong>ius</strong></span> <span class='ocrx_word' id='word_1_33' title='bbox 1546 664 1602 724; x_wconf 86' lang='lat' dir='ltr'><strong>ab·</strong></span> 
     </span>
     <span class='ocr_line' id='line_1_4' title="bbox 246 747 1601 854; baseline 0.004 -34"><span class='ocrx_word' id='word_1_34' title='bbox 246 771 483 842; x_wconf 65' lang='lat' dir='ltr'><strong>perrumperet,</strong></span> <span class='ocrx_word' id='word_1_35' title='bbox 513 747 709 831; x_wconf 82' lang='lat' dir='ltr'><strong>venerandam</strong></span> <span class='ocrx_word' id='word_1_36' title='bbox 731 763 827 850; x_wconf 74' lang='lat' dir='ltr'><strong>huius,</strong></span> <span class='ocrx_word' id='word_1_37' title='bbox 846 766 947 842; x_wconf 80' lang='lat' dir='ltr'><strong>patria</strong></span> <span class='ocrx_word' id='word_1_38' title='bbox 970 764 1217 832; x_wconf 75' lang='lat' dir='ltr'><strong>,consuetudinem</strong></span> <span class='ocrx_word' id='word_1_39' title='bbox 1243 763 1389 854; x_wconf 79' lang='lat' dir='ltr'><strong>iliuderet</strong></span> <span class='ocrx_word' id='word_1_40' title='bbox 1431 765 1482 844; x_wconf 89' lang='lat' dir='ltr'><strong>qui</strong></span> <span class='ocrx_word' id='word_1_41' title='bbox 1507 765 1601 828; x_wconf 81' lang='lat' dir='ltr'><strong>donec</strong></span> 
     </span>
     <span class='ocr_line' id='line_1_5' title="bbox 314 849 1601 983; baseline 0.001 -57"><span class='ocrx_word' id='word_1_42' title='bbox 314 850 532 983; x_wconf 51' lang='lat' dir='ltr'><strong>v&#39;ffiiantissima</strong></span> <span class='ocrx_word' id='word_1_43' title='bbox 555 866 742 928; x_wconf 82' lang='lat' dir='ltr'><strong>Marimiiiani</strong></span> <span class='ocrx_word' id='word_1_44' title='bbox 764 849 835 928; x_wconf 87' lang='lat' dir='ltr'><strong>cura</strong></span> <span class='ocrx_word' id='word_1_45' title='bbox 858 849 1073 952; x_wconf 83' lang='lat' dir='ltr'><strong>circumseptus</strong></span> <span class='ocrx_word' id='word_1_46' title='bbox 1095 864 1207 927; x_wconf 88' lang='lat' dir='ltr'><strong>nullum</strong></span> <span class='ocrx_word' id='word_1_47' title='bbox 1230 866 1399 933; x_wconf 80' lang='lat' dir='ltr'><strong>inveniebat</strong></span> <span class='ocrx_word' id='word_1_48' title='bbox 1423 867 1519 940; x_wconf 82' lang='lat' dir='ltr'><strong>furori</strong></span> <span class='ocrx_word' id='word_1_49' title='bbox 1548 886 1601 928; x_wconf 87' lang='lat' dir='ltr'><strong>suo</strong></span> 
     </span>
     <span class='ocr_line' id='line_1_6' title="bbox 314 966 1619 1050; baseline -0.002 -18"><span class='ocrx_word' id='word_1_50' title='bbox 314 976 441 1037; x_wconf 81' lang='lat' dir='ltr'><strong>exitum,</strong></span> <span class='ocrx_word' id='word_1_51' title='bbox 464 966 594 1048; x_wconf 88' lang='lat' dir='ltr'><strong>undique</strong></span> <span class='ocrx_word' id='word_1_52' title='bbox 616 969 714 1031; x_wconf 86' lang='lat' dir='ltr'><strong>omnia</strong></span> <span class='ocrx_word' id='word_1_53' title='bbox 737 967 835 1050; x_wconf 84' lang='lat' dir='ltr'><strong>ciausa</strong></span> <span class='ocrx_word' id='word_1_54' title='bbox 857 976 887 1032; x_wconf 87' lang='lat' dir='ltr'><strong>et</strong></span> <span class='ocrx_word' id='word_1_55' title='bbox 908 969 1087 1034; x_wconf 88' lang='lat' dir='ltr'><strong>communita</strong></span> <span class='ocrx_word' id='word_1_56' title='bbox 1108 967 1266 1044; x_wconf 76' lang='lat' dir='ltr'><strong>cernebat,</strong></span> <span class='ocrx_word' id='word_1_57' title='bbox 1295 985 1326 1030; x_wconf 88' lang='lat' dir='ltr'><strong>ee</strong></span> <span class='ocrx_word' id='word_1_58' title='bbox 1347 969 1530 1048; x_wconf 79' lang='lat' dir='ltr'><strong>providentia</strong></span> <span class='ocrx_word' id='word_1_59' title='bbox 1551 981 1619 1030; x_wconf 74' lang='lat' dir='ltr'><strong>see-⁵</strong></span> 
     </span>
     <span class='ocr_line' id='line_1_7' title="bbox 314 1069 1601 1151; baseline 0.001 -21"><span class='ocrx_word' id='word_1_60' title='bbox 314 1071 359 1132; x_wconf 92' lang='lat' dir='ltr'><strong>nis</strong></span> <span class='ocrx_word' id='word_1_61' title='bbox 380 1071 420 1132; x_wconf 90' lang='lat' dir='ltr'><strong>ita</strong></span> <span class='ocrx_word' id='word_1_62' title='bbox 443 1069 602 1144; x_wconf 84' lang='lat' dir='ltr'><strong>observari,</strong></span> <span class='ocrx_word' id='word_1_63' title='bbox 626 1078 659 1131; x_wconf 93' lang='lat' dir='ltr'><strong>ut</strong></span> <span class='ocrx_word' id='word_1_64' title='bbox 673 1070 811 1150; x_wconf 79' lang='lat' dir='ltr'><strong>quicquid</strong></span> <span class='ocrx_word' id='word_1_65' title='bbox 827 1077 992 1139; x_wconf 76' lang='lat' dir='ltr'><strong>attentaret,</strong></span> <span class='ocrx_word' id='word_1_66' title='bbox 1015 1071 1186 1149; x_wconf 76' lang='lat' dir='ltr'>priusquam</span> <span class='ocrx_word' id='word_1_67' title='bbox 1201 1069 1429 1148; x_wconf 84' lang='lat' dir='ltr'><strong>aggrederetur,</strong></span> <span class='ocrx_word' id='word_1_68' title='bbox 1453 1073 1511 1132; x_wconf 83' lang='lat' dir='ltr'><strong>iam</strong></span> <span class='ocrx_word' id='word_1_69' title='bbox 1526 1089 1601 1151; x_wconf 82' lang='lat' dir='ltr'><strong>prae·</strong></span> 
     </span>
     <span class='ocr_line' id='line_1_8' title="bbox 314 1155 1601 1256; baseline 0.003 -26"><span class='ocrx_word' id='word_1_70' title='bbox 314 1171 415 1235; x_wconf 86' lang='lat' dir='ltr'><strong>videre</strong></span> <span class='ocrx_word' id='word_1_71' title='bbox 437 1155 519 1234; x_wconf 83' lang='lat' dir='ltr'><strong>ilium</strong></span> <span class='ocrx_word' id='word_1_72' title='bbox 542 1173 736 1256; x_wconf 84' lang='lat' dir='ltr'><strong>perspiceret,</strong></span> <span class='ocrx_word' id='word_1_73' title='bbox 771 1173 915 1234; x_wconf 80' lang='lat' dir='ltr'><strong>continuit</strong></span> <span class='ocrx_word' id='word_1_74' title='bbox 941 1189 972 1232; x_wconf 92' lang='lat' dir='ltr'><strong>se</strong></span> <span class='ocrx_word' id='word_1_75' title='bbox 1001 1171 1134 1250; x_wconf 89' lang='lat' dir='ltr'><strong>quidem,</strong></span> <span class='ocrx_word' id='word_1_76' title='bbox 1168 1170 1248 1234; x_wconf 87' lang='lat' dir='ltr'><strong>nulia</strong></span> <span class='ocrx_word' id='word_1_77' title='bbox 1273 1189 1325 1232; x_wconf 90' lang='lat' dir='ltr'><strong>sua</strong></span> <span class='ocrx_word' id='word_1_78' title='bbox 1355 1169 1516 1244; x_wconf 74' lang='lat' dir='ltr'><strong>uoluntate,</strong></span> <span class='ocrx_word' id='word_1_79' title='bbox 1549 1173 1601 1234; x_wconf 86' lang='lat' dir='ltr'><strong>sed</strong></span> 
     </span>
     <span class='ocr_line' id='line_1_9' title="bbox 315 1271 1602 1356; baseline 0.002 -22"><span class='ocrx_word' id='word_1_80' title='bbox 315 1275 499 1343; x_wconf 88' lang='lat' dir='ltr'><strong>necessarie;</strong></span> <span class='ocrx_word' id='word_1_81' title='bbox 523 1282 552 1335; x_wconf 90' lang='lat' dir='ltr'><strong>at</strong></span> <span class='ocrx_word' id='word_1_82' title='bbox 573 1273 625 1337; x_wconf 92' lang='lat' dir='ltr'><strong>ubi</strong></span> <span class='ocrx_word' id='word_1_83' title='bbox 647 1276 703 1336; x_wconf 87' lang='lat' dir='ltr'><strong>vita</strong></span> <span class='ocrx_word' id='word_1_84' title='bbox 725 1276 885 1336; x_wconf 83' lang='lat' dir='ltr'><strong>excessisse</strong></span> <span class='ocrx_word' id='word_1_85' title='bbox 906 1271 988 1354; x_wconf 70' lang='lat' dir='ltr'><strong>illurn</strong></span> <span class='ocrx_word' id='word_1_86' title='bbox 1011 1275 1156 1351; x_wconf 88' lang='lat' dir='ltr'><strong>comperit</strong></span> <span class='ocrx_word' id='word_1_87' title='bbox 1178 1291 1299 1334; x_wconf 88' lang='lat' dir='ltr'><strong>suarum</strong></span> <span class='ocrx_word' id='word_1_88' title='bbox 1322 1275 1517 1354; x_wconf 74' lang='lat' dir='ltr'><strong>cupiditatum</strong></span> <span class='ocrx_word' id='word_1_89' title='bbox 1540 1275 1602 1356; x_wconf 77' lang='lat' dir='ltr'><strong>iru-</strong></span> 
     </span>
     <span class='ocr_line' id='line_1_10' title="bbox 315 1373 1601 1464; baseline 0 -26"><span class='ocrx_word' id='word_1_90' title='bbox 315 1381 487 1464; x_wconf 72' lang='lat' dir='ltr'><strong>stratorem,</strong></span> <span class='ocrx_word' id='word_1_91' title='bbox 510 1374 582 1437; x_wconf 88' lang='lat' dir='ltr'><strong>iilud</strong></span> <span class='ocrx_word' id='word_1_92' title='bbox 606 1380 764 1450; x_wconf 78' lang='lat' dir='ltr'><strong>conatuum</strong></span> <span class='ocrx_word' id='word_1_93' title='bbox 786 1393 908 1438; x_wconf 89' lang='lat' dir='ltr'><strong>sucrum</strong></span> <span class='ocrx_word' id='word_1_94' title='bbox 930 1373 1189 1454; x_wconf 89' lang='lat' dir='ltr'><strong>impedimentum,</strong></span> <span class='ocrx_word' id='word_1_95' title='bbox 1216 1374 1298 1444; x_wconf 86' lang='lat' dir='ltr'><strong>illum</strong></span> <span class='ocrx_word' id='word_1_96' title='bbox 1326 1378 1455 1456; x_wconf 90' lang='lat' dir='ltr'><strong>impetus</strong></span> <span class='ocrx_word' id='word_1_97' title='bbox 1477 1379 1524 1438; x_wconf 91' lang='lat' dir='ltr'><strong>sni</strong></span> <span class='ocrx_word' id='word_1_98' title='bbox 1545 1385 1601 1438; x_wconf 89' lang='lat' dir='ltr'><strong>tar-</strong></span> 
     </span>
     <span class='ocr_line' id='line_1_11' title="bbox 316 1462 1631 1558; baseline 0.001 -18"><span class='ocrx_word' id='word_1_99' title='bbox 316 1478 464 1548; x_wconf 85' lang='lat' dir='ltr'><strong>datorem,</strong></span> <span class='ocrx_word' id='word_1_100' title='bbox 480 1462 577 1552; x_wconf 65' lang='lat' dir='ltr'><strong>&#39;credo</strong></span> <span class='ocrx_word' id='word_1_101' title='bbox 599 1479 730 1542; x_wconf 88' lang='lat' dir='ltr'><strong>nondum</strong></span> <span class='ocrx_word' id='word_1_102' title='bbox 752 1479 823 1539; x_wconf 91' lang='lat' dir='ltr'><strong>satis</strong></span> <span class='ocrx_word' id='word_1_103' title='bbox 842 1478 1020 1558; x_wconf 65' lang='lat' dir='ltr'><strong>perfrixerit</strong></span> <span class='ocrx_word' id='word_1_104' title='bbox 1042 1476 1190 1540; x_wconf 83' lang='lat' dir='ltr'><strong>demortui</strong></span> <span class='ocrx_word' id='word_1_105' title='bbox 1205 1495 1327 1557; x_wconf 86' lang='lat' dir='ltr'><strong>cerpus,</strong></span> <span class='ocrx_word' id='word_1_106' title='bbox 1351 1497 1417 1541; x_wconf 88' lang='lat' dir='ltr'><strong>cum</strong></span> <span class='ocrx_word' id='word_1_107' title='bbox 1434 1479 1520 1558; x_wconf 68' lang='lat' dir='ltr'><strong>quad</strong></span> <span class='ocrx_word' id='word_1_108' title='bbox 1535 1488 1631 1556; x_wconf 80' lang='lat' dir='ltr'><strong>per-¹t</strong></span> 
     </span>
     <span class='ocr_line' id='line_1_12' title="bbox 316 1565 1601 1665; baseline -0.002 -23"><span class='ocrx_word' id='word_1_109' title='bbox 316 1565 414 1662; x_wconf 80' lang='lat' dir='ltr'><strong>ruptis.</strong></span> <span class='ocrx_word' id='word_1_110' title='bbox 434 1581 574 1642; x_wconf 82' lang='lat' dir='ltr'><strong>custodiae</strong></span> <span class='ocrx_word' id='word_1_111' title='bbox 595 1597 657 1642; x_wconf 76' lang='lat' dir='ltr'><strong>sum</strong></span> <span class='ocrx_word' id='word_1_112' title='bbox 678 1579 966 1659; x_wconf 78' lang='lat' dir='ltr'><strong>uinculispateiacto</strong></span> <span class='ocrx_word' id='word_1_113' title='bbox 987 1597 1107 1640; x_wconf 90' lang='lat' dir='ltr'><strong>carcere</strong></span> <span class='ocrx_word' id='word_1_114' title='bbox 1122 1579 1260 1652; x_wconf 70' lang='lat' dir='ltr'><strong>emissus,</strong></span> <span class='ocrx_word' id='word_1_115' title='bbox 1283 1580 1340 1642; x_wconf 90' lang='lat' dir='ltr'><strong>iam</strong></span> <span class='ocrx_word' id='word_1_116' title='bbox 1355 1581 1432 1642; x_wconf 90' lang='lat' dir='ltr'><strong>iiber</strong></span> <span class='ocrx_word' id='word_1_117' title='bbox 1447 1587 1477 1642; x_wconf 91' lang='lat' dir='ltr'><strong>et</strong></span> <span class='ocrx_word' id='word_1_118' title='bbox 1489 1580 1601 1665; x_wconf 83' lang='lat' dir='ltr'><strong>solutus</strong></span> 
     </span>
    </p>

    <p class='ocr_par' dir='ltr' id='par_1_3' title="bbox 249 1673 1602 1967">
     <span class='ocr_line' id='line_1_13' title="bbox 249 1673 1602 1763; baseline 0.007 -26"><span class='ocrx_word' id='word_1_119' title='bbox 249 1697 268 1746; x_wconf 83' lang='grc' dir='ltr'><strong>ι.</strong></span> <span class='ocrx_word' id='word_1_120' title='bbox 276 1696 308 1740; x_wconf 83' lang='grc' dir='ltr'><strong>ιι.</strong></span> <span class='ocrx_word' id='word_1_121' title='bbox 319 1683 423 1760; x_wconf 89' lang='lat' dir='ltr'><strong>suique</strong></span> <span class='ocrx_word' id='word_1_122' title='bbox 438 1699 566 1762; x_wconf 69' lang='lat' dir='ltr'><strong>¹occupes</strong></span> <span class='ocrx_word' id='word_1_123' title='bbox 588 1683 700 1762; x_wconf 85' lang='lat' dir='ltr'><strong>erupit:</strong></span> <span class='ocrx_word' id='word_1_124' title='bbox 729 1691 760 1756; x_wconf 78' lang='lat' dir='ltr'><strong>et</strong></span> <span class='ocrx_word' id='word_1_125' title='bbox 778 1684 950 1760; x_wconf 83' lang='lat' dir='ltr'><strong>rapinarum</strong></span> <span class='ocrx_word' id='word_1_126' title='bbox 973 1682 1091 1759; x_wconf 88' lang='lat' dir='ltr'><strong>quidem</strong></span> <span class='ocrx_word' id='word_1_127' title='bbox 1113 1685 1233 1754; x_wconf 80' lang='lat' dir='ltr'><strong>suarum</strong></span> <span class='ocrx_word' id='word_1_128' title='bbox 1255 1673 1418 1760; x_wconf 81' lang='lat' dir='ltr'><strong>primitium</strong></span> <span class='ocrx_word' id='word_1_129' title='bbox 1438 1686 1602 1763; x_wconf 81' lang='lat' dir='ltr'><strong>auspicatus</strong></span> 
     </span>
     <span class='ocr_line' id='line_1_14' title="bbox 317 1766 1601 1866; baseline 0.003 -22"><span class='ocrx_word' id='word_1_130' title='bbox 317 1790 362 1844; x_wconf 90' lang='lat' dir='ltr'><strong>est</strong></span> <span class='ocrx_word' id='word_1_131' title='bbox 383 1783 534 1862; x_wconf 85' lang='lat' dir='ltr'><strong>imperiale</strong></span> <span class='ocrx_word' id='word_1_132' title='bbox 558 1785 698 1864; x_wconf 88' lang='lat' dir='ltr'><strong>oppidum</strong></span> <span class='ocrx_word' id='word_1_133' title='bbox 718 1766 946 1866; x_wconf 58' lang='lat' dir='ltr'><strong>&gt;Remhbugum,</strong></span> <span class='ocrx_word' id='word_1_134' title='bbox 974 1785 1054 1864; x_wconf 90' lang='lat' dir='ltr'><strong>quud</strong></span> <span class='ocrx_word' id='word_1_135' title='bbox 1080 1781 1160 1844; x_wconf 86' lang='lat' dir='ltr'><strong>nulia</strong></span> <span class='ocrx_word' id='word_1_136' title='bbox 1187 1781 1257 1848; x_wconf 84' lang='lat' dir='ltr'><strong>betti</strong></span> <span class='ocrx_word' id='word_1_137' title='bbox 1278 1802 1366 1848; x_wconf 84' lang='lat' dir='ltr'><strong>causa</strong></span> <span class='ocrx_word' id='word_1_138' title='bbox 1380 1785 1432 1846; x_wconf 89' lang='lat' dir='ltr'><strong>sed</strong></span> <span class='ocrx_word' id='word_1_139' title='bbox 1448 1786 1601 1864; x_wconf 85' lang='lat' dir='ltr'><strong>diripiendi</strong></span> 
     </span>
     <span class='ocr_line' id='line_1_15' title="bbox 315 1876 1599 1967; baseline 0.003 -23"><span class='ocrx_word' id='word_1_140' title='bbox 315 1887 471 1946; x_wconf 86' lang='lat' dir='ltr'><strong>occasione</strong></span> <span class='ocrx_word' id='word_1_141' title='bbox 495 1893 524 1948; x_wconf 92' lang='lat' dir='ltr'><strong>et</strong></span> <span class='ocrx_word' id='word_1_142' title='bbox 545 1889 612 1967; x_wconf 92' lang='lat' dir='ltr'><strong>quia</strong></span> <span class='ocrx_word' id='word_1_143' title='bbox 635 1893 734 1948; x_wconf 90' lang='lat' dir='ltr'><strong>certus</strong></span> <span class='ocrx_word' id='word_1_144' title='bbox 756 1876 908 1947; x_wconf 78' lang='lat' dir='ltr'><strong>videbatur</strong></span> <span class='ocrx_word' id='word_1_145' title='bbox 938 1885 992 1947; x_wconf 86' lang='lat' dir='ltr'><strong>sibi</strong></span> <span class='ocrx_word' id='word_1_146' title='bbox 1023 1903 1088 1965; x_wconf 82' lang='lat' dir='ltr'><strong>que</strong></span> <span class='ocrx_word' id='word_1_147' title='bbox 1116 1885 1348 1963; x_wconf 86' lang='lat' dir='ltr'><strong>adsequuturum</strong></span> <span class='ocrx_word' id='word_1_148' title='bbox 1376 1888 1439 1947; x_wconf 81' lang='lat' dir='ltr'><strong>viro</strong></span> <span class='ocrx_word' id='word_1_149' title='bbox 1468 1887 1599 1948; x_wconf 80' lang='lat' dir='ltr'><strong>Maximi·</strong></span> 
     </span>
    </p>

    <p class='ocr_par' dir='ltr' id='par_1_4' title="bbox 260 1985 1631 2271">
     <span class='ocr_line' id='line_1_16' title="bbox 260 1985 1631 2074; baseline 0.001 -26"><span class='ocrx_word' id='word_1_150' title='bbox 260 2016 268 2032; x_wconf 89' lang='lat'><strong>·</strong></span> <span class='ocrx_word' id='word_1_151' title='bbox 315 1985 392 2050; x_wconf 86' lang='lat' dir='ltr'><strong>tiano</strong></span> <span class='ocrx_word' id='word_1_152' title='bbox 408 1987 629 2074; x_wconf 67' lang='lat' dir='ltr'><strong>desperaverat,</strong></span> <span class='ocrx_word' id='word_1_153' title='bbox 653 2007 687 2050; x_wconf 93' lang='lat' dir='ltr'><strong>eo</strong></span> <span class='ocrx_word' id='word_1_154' title='bbox 703 1995 820 2061; x_wconf 84' lang='lat' dir='ltr'><strong>mortuo</strong></span> <span class='ocrx_word' id='word_1_155' title='bbox 836 2005 998 2066; x_wconf 87' lang='lat' dir='ltr'><strong>occupare,</strong></span> <span class='ocrx_word' id='word_1_156' title='bbox 1014 1988 1197 2068; x_wconf 87' lang='lat' dir='ltr'><strong>iniquissimo</strong></span> <span class='ocrx_word' id='word_1_157' title='bbox 1212 1987 1281 2048; x_wconf 87' lang='lat' dir='ltr'><strong>euni</strong></span> <span class='ocrx_word' id='word_1_158' title='bbox 1295 1995 1444 2066; x_wconf 84' lang='lat' dir='ltr'><strong>tempone,</strong></span> <span class='ocrx_word' id='word_1_159' title='bbox 1461 1991 1599 2050; x_wconf 71' lang='lat' dir='ltr'><strong>‚mammis</strong></span> <span class='ocrx_word' id='word_1_160' title='bbox 1609 1999 1631 2039; x_wconf 72' lang='lat'><strong>¹³</strong></span> 
     </span>
     <span class='ocr_line' id='line_1_17' title="bbox 317 2089 1601 2170; baseline 0.002 -20"><span class='ocrx_word' id='word_1_161' title='bbox 317 2089 459 2168; x_wconf 90' lang='lat' dir='ltr'><strong>operibus</strong></span> <span class='ocrx_word' id='word_1_162' title='bbox 481 2093 578 2152; x_wconf 88' lang='lat' dir='ltr'><strong>statim</strong></span> <span class='ocrx_word' id='word_1_163' title='bbox 600 2091 801 2161; x_wconf 80' lang='lat' dir='ltr'><strong>circumsedit,</strong></span> <span class='ocrx_word' id='word_1_164' title='bbox 823 2097 941 2164; x_wconf 88' lang='lat' dir='ltr'><strong>etcum</strong></span> <span class='ocrx_word' id='word_1_165' title='bbox 963 2089 1075 2170; x_wconf 90' lang='lat' dir='ltr'><strong>aliquot</strong></span> <span class='ocrx_word' id='word_1_166' title='bbox 1096 2089 1199 2150; x_wconf 89' lang='lat' dir='ltr'><strong>diebus</strong></span> <span class='ocrx_word' id='word_1_167' title='bbox 1221 2091 1363 2152; x_wconf 85' lang='lat' dir='ltr'><strong>acerrima</strong></span> <span class='ocrx_word' id='word_1_168' title='bbox 1387 2089 1537 2168; x_wconf 89' lang='lat' dir='ltr'><strong>diligentia</strong></span> <span class='ocrx_word' id='word_1_169' title='bbox 1551 2109 1601 2170; x_wconf 84' lang='lat' dir='ltr'><strong>pp·</strong></span> 
     </span>
     <span class='ocr_line' id='line_1_18' title="bbox 317 2190 1602 2271; baseline 0.004 -21"><span class='ocrx_word' id='word_1_170' title='bbox 317 2198 490 2271; x_wconf 72' lang='lat' dir='ltr'><strong>pugnasset,</strong></span> <span class='ocrx_word' id='word_1_171' title='bbox 513 2193 632 2254; x_wconf 85' lang='lat' dir='ltr'><strong>tandem</strong></span> <span class='ocrx_word' id='word_1_172' title='bbox 656 2195 685 2254; x_wconf 91' lang='lat' dir='ltr'><strong>in</strong></span> <span class='ocrx_word' id='word_1_173' title='bbox 708 2197 881 2271; x_wconf 87' lang='lat' dir='ltr'><strong>potestatem</strong></span> <span class='ocrx_word' id='word_1_174' title='bbox 904 2192 1019 2270; x_wconf 80' lang='lat' dir='ltr'><strong>redegit</strong></span> <span class='ocrx_word' id='word_1_175' title='bbox 1039 2211 1123 2253; x_wconf 87' lang='lat' dir='ltr'><strong>suam</strong></span> <span class='ocrx_word' id='word_1_176' title='bbox 1145 2210 1181 2252; x_wconf 90' lang='lat' dir='ltr'><strong>ac</strong></span> <span class='ocrx_word' id='word_1_177' title='bbox 1202 2190 1358 2269; x_wconf 88' lang='lat' dir='ltr'><strong>diripiendi</strong></span> <span class='ocrx_word' id='word_1_178' title='bbox 1380 2191 1533 2255; x_wconf 85' lang='lat' dir='ltr'><strong>libidinem</strong></span> <span class='ocrx_word' id='word_1_179' title='bbox 1554 2211 1602 2255; x_wconf 81' lang='lat' dir='ltr'><strong>ex·</strong></span> 
     </span>
    </p>

    <p class='ocr_par' dir='ltr' id='par_1_5' title="bbox 248 2291 1602 2373">
     <span class='ocr_line' id='line_1_19' title="bbox 248 2291 1602 2373; baseline 0.003 -21"><span class='ocrx_word' id='word_1_180' title='bbox 248 2291 414 2373; x_wconf 69' lang='lat' dir='ltr'><strong>§.sepierit</strong></span> <span class='ocrx_word' id='word_1_181' title='bbox 458 2294 531 2356; x_wconf 90' lang='lat' dir='ltr'><strong>inde</strong></span> <span class='ocrx_word' id='word_1_182' title='bbox 559 2301 677 2362; x_wconf 63' lang='lat' dir='ltr'><strong>auctus‘</strong></span> <span class='ocrx_word' id='word_1_183' title='bbox 691 2294 780 2355; x_wconf 90' lang='lat' dir='ltr'><strong>animi</strong></span> <span class='ocrx_word' id='word_1_184' title='bbox 808 2294 929 2356; x_wconf 89' lang='lat' dir='ltr'><strong>Bavaris</strong></span> <span class='ocrx_word' id='word_1_185' title='bbox 958 2293 1066 2356; x_wconf 90' lang='lat' dir='ltr'><strong>bellum</strong></span> <span class='ocrx_word' id='word_1_186' title='bbox 1088 2293 1206 2364; x_wconf 82' lang='lat' dir='ltr'><strong>indixit,</strong></span> <span class='ocrx_word' id='word_1_187' title='bbox 1222 2311 1295 2372; x_wconf 66' lang='lat' dir='ltr'><strong>,quo</strong></span> <span class='ocrx_word' id='word_1_188' title='bbox 1318 2293 1359 2356; x_wconf 90' lang='lat' dir='ltr'><strong>dii</strong></span> <span class='ocrx_word' id='word_1_189' title='bbox 1380 2293 1602 2356; x_wconf 83' lang='lat' dir='ltr'><strong>beni-omnium</strong></span> 
     </span>
    </p>

    <p class='ocr_par' dir='ltr' id='par_1_6' title="bbox 250 2393 1631 2782">
     <span class='ocr_line' id='line_1_20' title="bbox 250 2393 1602 2487; baseline 0 -32"><span class='ocrx_word' id='word_1_190' title='bbox 250 2433 252 2438; x_wconf 93' lang='lat'>-</span> <span class='ocrx_word' id='word_1_191' title='bbox 317 2397 394 2456; x_wconf 88' lang='lat' dir='ltr'><strong>circa</strong></span> <span class='ocrx_word' id='word_1_192' title='bbox 418 2404 513 2465; x_wconf 91' lang='lat' dir='ltr'><strong>metu,</strong></span> <span class='ocrx_word' id='word_1_193' title='bbox 537 2405 643 2487; x_wconf 77' lang='lat' dir='ltr'><strong>quanta</strong></span> <span class='ocrx_word' id='word_1_194' title='bbox 667 2395 784 2478; x_wconf 90' lang='lat' dir='ltr'><strong>publica</strong></span> <span class='ocrx_word' id='word_1_195' title='bbox 807 2397 1059 2475; x_wconf 80' lang='lat' dir='ltr'><strong>consternatione,</strong></span> <span class='ocrx_word' id='word_1_196' title='bbox 1088 2393 1168 2473; x_wconf 82' lang='lat' dir='ltr'><strong>quod</strong></span> <span class='ocrx_word' id='word_1_197' title='bbox 1195 2395 1252 2459; x_wconf 89' lang='lat' dir='ltr'><strong>nisi</strong></span> <span class='ocrx_word' id='word_1_198' title='bbox 1280 2403 1375 2456; x_wconf 86' lang='lat' dir='ltr'><strong>vestra</strong></span> <span class='ocrx_word' id='word_1_199' title='bbox 1396 2395 1445 2456; x_wconf 89' lang='lat' dir='ltr'><strong>itia</strong></span> <span class='ocrx_word' id='word_1_200' title='bbox 1468 2396 1602 2457; x_wconf 85' lang='lat' dir='ltr'><strong>divinitus</strong></span> 
     </span>
     <span class='ocr_line' id='line_1_21' title="bbox 316 2495 1631 2574; baseline -0.002 -16"><span class='ocrx_word' id='word_1_201' title='bbox 316 2503 380 2558; x_wconf 89' lang='lat' dir='ltr'><strong>orta</strong></span> <span class='ocrx_word' id='word_1_202' title='bbox 402 2500 542 2574; x_wconf 83' lang='lat' dir='ltr'><strong>societas,</strong></span> <span class='ocrx_word' id='word_1_203' title='bbox 564 2497 613 2563; x_wconf 86' lang='lat' dir='ltr'><strong>itta</strong></span> <span class='ocrx_word' id='word_1_204' title='bbox 634 2501 761 2564; x_wconf 81' lang='lat' dir='ltr'><strong>maxime</strong></span> <span class='ocrx_word' id='word_1_205' title='bbox 783 2499 950 2560; x_wconf 83' lang='lat' dir='ltr'><strong>Germaniae</strong></span> <span class='ocrx_word' id='word_1_206' title='bbox 972 2497 1050 2558; x_wconf 88' lang='lat' dir='ltr'><strong>benc</strong></span> <span class='ocrx_word' id='word_1_207' title='bbox 1079 2497 1137 2557; x_wconf 88' lang='lat' dir='ltr'><strong>ieta</strong></span> <span class='ocrx_word' id='word_1_208' title='bbox 1166 2495 1391 2568; x_wconf 72' lang='lat' dir='ltr'><strong>confederatio,</strong></span> <span class='ocrx_word' id='word_1_209' title='bbox 1419 2497 1507 2559; x_wconf 83' lang='lat' dir='ltr'><strong>nuliis</strong></span> <span class='ocrx_word' id='word_1_210' title='bbox 1534 2513 1631 2558; x_wconf 76' lang='lat' dir='ltr'><strong>morae</strong></span> 
     </span>
     <span class='ocr_line' id='line_1_22' title="bbox 315 2597 1602 2680; baseline 0 -21"><span class='ocrx_word' id='word_1_211' title='bbox 315 2601 458 2678; x_wconf 88' lang='lat' dir='ltr'><strong>impensis</strong></span> <span class='ocrx_word' id='word_1_212' title='bbox 480 2599 612 2680; x_wconf 86' lang='lat' dir='ltr'><strong>nuliique</strong></span> <span class='ocrx_word' id='word_1_213' title='bbox 634 2601 763 2678; x_wconf 90' lang='lat' dir='ltr'><strong>sumptui</strong></span> <span class='ocrx_word' id='word_1_214' title='bbox 785 2617 911 2678; x_wconf 88' lang='lat' dir='ltr'><strong>parcens</strong></span> <span class='ocrx_word' id='word_1_215' title='bbox 934 2599 1093 2660; x_wconf 86' lang='lat' dir='ltr'><strong>exercitum</strong></span> <span class='ocrx_word' id='word_1_216' title='bbox 1116 2601 1276 2677; x_wconf 88' lang='lat' dir='ltr'><strong>coegisset,</strong></span> <span class='ocrx_word' id='word_1_217' title='bbox 1298 2617 1330 2659; x_wconf 93' lang='lat' dir='ltr'><strong>se</strong></span> <span class='ocrx_word' id='word_1_218' title='bbox 1345 2599 1374 2658; x_wconf 89' lang='lat' dir='ltr'><strong>in</strong></span> <span class='ocrx_word' id='word_1_219' title='bbox 1390 2597 1520 2664; x_wconf 82' lang='lat' dir='ltr'><strong>medium</strong></span> <span class='ocrx_word' id='word_1_220' title='bbox 1535 2617 1602 2660; x_wconf 89' lang='lat' dir='ltr'><strong>con·</strong></span> 
     </span>
     <span class='ocr_line' id='line_1_23' title="bbox 317 2677 1602 2782; baseline 0.002 -22"><span class='ocrx_word' id='word_1_221' title='bbox 317 2684 448 2771; x_wconf 85' lang='lat' dir='ltr'><strong>iecisset,</strong></span> <span class='ocrx_word' id='word_1_222' title='bbox 471 2702 541 2782; x_wconf 89' lang='lat' dir='ltr'><strong>quid</strong></span> <span class='ocrx_word' id='word_1_223' title='bbox 558 2697 642 2763; x_wconf 70' lang='lat' dir='ltr'><strong>&#39;aliud</strong></span> <span class='ocrx_word' id='word_1_224' title='bbox 665 2699 798 2765; x_wconf 84' lang='lat' dir='ltr'><strong>futurum</strong></span> <span class='ocrx_word' id='word_1_225' title='bbox 809 2677 977 2780; x_wconf 63' lang='lat' dir='ltr'><strong>&#39;patrabatur</strong></span> <span class='ocrx_word' id='word_1_226' title='bbox 1000 2715 1087 2780; x_wconf 88' lang='lat' dir='ltr'><strong>quam</strong></span> <span class='ocrx_word' id='word_1_227' title='bbox 1110 2697 1193 2761; x_wconf 91' lang='lat' dir='ltr'><strong>ilium</strong></span> <span class='ocrx_word' id='word_1_228' title='bbox 1215 2703 1429 2779; x_wconf 85' lang='lat' dir='ltr'><strong>perricturum,</strong></span> <span class='ocrx_word' id='word_1_229' title='bbox 1458 2718 1514 2761; x_wconf 90' lang='lat' dir='ltr'><strong>nos</strong></span> <span class='ocrx_word' id='word_1_230' title='bbox 1541 2719 1602 2762; x_wconf 87' lang='lat' dir='ltr'><strong>ser·</strong></span> 
     </span>
    </p>

    <p class='ocr_par' dir='ltr' id='par_1_7' title="bbox 249 2801 1701 3306">
     <span class='ocr_line' id='line_1_24' title="bbox 249 2801 1601 2884; baseline -0.002 -19"><span class='ocrx_word' id='word_1_231' title='bbox 249 2805 444 2873; x_wconf 65' lang='lat' dir='ltr'><strong>punituros,</strong></span> <span class='ocrx_word' id='word_1_232' title='bbox 468 2805 655 2884; x_wconf 86' lang='lat' dir='ltr'><strong>Germaniam</strong></span> <span class='ocrx_word' id='word_1_233' title='bbox 677 2803 822 2884; x_wconf 80' lang='lat' dir='ltr'><strong>tyrannidi</strong></span> <span class='ocrx_word' id='word_1_234' title='bbox 844 2803 1007 2878; x_wconf 78' lang='lat' dir='ltr'><strong>obiectam?</strong></span> <span class='ocrx_word' id='word_1_235' title='bbox 1035 2802 1142 2872; x_wconf 80' lang='lat' dir='ltr'><strong>atdei</strong></span> <span class='ocrx_word' id='word_1_236' title='bbox 1168 2820 1224 2882; x_wconf 91' lang='lat' dir='ltr'><strong>ope</strong></span> <span class='ocrx_word' id='word_1_237' title='bbox 1245 2804 1376 2880; x_wconf 89' lang='lat' dir='ltr'><strong>primum</strong></span> <span class='ocrx_word' id='word_1_238' title='bbox 1398 2801 1505 2882; x_wconf 86' lang='lat' dir='ltr'><strong>(neque</strong></span> <span class='ocrx_word' id='word_1_239' title='bbox 1527 2804 1601 2863; x_wconf 89' lang='lat' dir='ltr'><strong>enim</strong></span> 
     </span>
     <span class='ocr_line' id='line_1_25' title="bbox 316 2903 1601 2986; baseline 0.001 -23"><span class='ocrx_word' id='word_1_240' title='bbox 316 2904 452 2966; x_wconf 89' lang='lat' dir='ltr'><strong>humanis</strong></span> <span class='ocrx_word' id='word_1_241' title='bbox 474 2903 603 2968; x_wconf 87' lang='lat' dir='ltr'><strong>consitiis</strong></span> <span class='ocrx_word' id='word_1_242' title='bbox 625 2905 776 2986; x_wconf 80' lang='lat' dir='ltr'><strong>ridebatur</strong></span> <span class='ocrx_word' id='word_1_243' title='bbox 798 2912 878 2968; x_wconf 88' lang='lat' dir='ltr'><strong>tanto</strong></span> <span class='ocrx_word' id='word_1_244' title='bbox 900 2911 1023 2984; x_wconf 89' lang='lat' dir='ltr'><strong>repente</strong></span> <span class='ocrx_word' id='word_1_245' title='bbox 1045 2904 1206 2967; x_wconf 89' lang='lat' dir='ltr'><strong>discrimini</strong></span> <span class='ocrx_word' id='word_1_246' title='bbox 1227 2922 1314 2983; x_wconf 87' lang='lat' dir='ltr'><strong>posse</strong></span> <span class='ocrx_word' id='word_1_247' title='bbox 1335 2906 1479 2984; x_wconf 82' lang='lat' dir='ltr'><strong>occurri),</strong></span> <span class='ocrx_word' id='word_1_248' title='bbox 1509 2911 1601 2964; x_wconf 85' lang='lat' dir='ltr'><strong>restra</strong></span> 
     </span>
     <span class='ocr_line' id='line_1_26' title="bbox 317 3005 1631 3085; baseline 0.001 -20"><span class='ocrx_word' id='word_1_249' title='bbox 317 3006 423 3066; x_wconf 91' lang='lat' dir='ltr'><strong>deinde</strong></span> <span class='ocrx_word' id='word_1_250' title='bbox 446 3005 606 3084; x_wconf 81' lang='lat' dir='ltr'><strong>diligentia,</strong></span> <span class='ocrx_word' id='word_1_251' title='bbox 631 3009 779 3069; x_wconf 87' lang='lat' dir='ltr'><strong>communi</strong></span> <span class='ocrx_word' id='word_1_252' title='bbox 800 3015 903 3078; x_wconf 84' lang='lat' dir='ltr'><strong>nostru</strong></span> <span class='ocrx_word' id='word_1_253' title='bbox 925 3025 1017 3085; x_wconf 92' lang='lat' dir='ltr'><strong>opere</strong></span> <span class='ocrx_word' id='word_1_254' title='bbox 1038 3024 1073 3066; x_wconf 90' lang='lat' dir='ltr'><strong>ac</strong></span> <span class='ocrx_word' id='word_1_255' title='bbox 1095 3005 1228 3084; x_wconf 85' lang='lat' dir='ltr'><strong>periculo</strong></span> <span class='ocrx_word' id='word_1_256' title='bbox 1255 3013 1435 3083; x_wconf 69' lang='lat' dir='ltr'><strong>praeventum</strong></span> <span class='ocrx_word' id='word_1_257' title='bbox 1463 3005 1521 3066; x_wconf 91' lang='lat' dir='ltr'><strong>boc</strong></span> <span class='ocrx_word' id='word_1_258' title='bbox 1538 3021 1631 3066; x_wconf 70' lang='lat' dir='ltr'><strong>vmar-²⁵</strong></span> 
     </span>
     <span class='ocr_line' id='line_1_27' title="bbox 317 3089 1601 3197; baseline 0.002 -31"><span class='ocrx_word' id='word_1_259' title='bbox 317 3105 378 3167; x_wconf 91' lang='lat' dir='ltr'><strong>ium</strong></span> <span class='ocrx_word' id='word_1_260' title='bbox 401 3115 457 3178; x_wconf 88' lang='lat' dir='ltr'><strong>est,</strong></span> <span class='ocrx_word' id='word_1_261' title='bbox 481 3106 558 3197; x_wconf 80' lang='lat' dir='ltr'><strong>iiiius</strong></span> <span class='ocrx_word' id='word_1_262' title='bbox 579 3089 696 3169; x_wconf 82' lang='lat' dir='ltr'><strong>retusus</strong></span> <span class='ocrx_word' id='word_1_263' title='bbox 726 3127 760 3170; x_wconf 91' lang='lat' dir='ltr'><strong>ac</strong></span> <span class='ocrx_word' id='word_1_264' title='bbox 788 3109 954 3192; x_wconf 83' lang='lat' dir='ltr'><strong>pertractus</strong></span> <span class='ocrx_word' id='word_1_265' title='bbox 980 3109 1124 3187; x_wconf 87' lang='lat' dir='ltr'><strong>impetus:</strong></span> <span class='ocrx_word' id='word_1_266' title='bbox 1159 3101 1323 3172; x_wconf 74' lang='lat' dir='ltr'><strong>Germania</strong></span> <span class='ocrx_word' id='word_1_267' title='bbox 1353 3125 1405 3170; x_wconf 93' lang='lat' dir='ltr'><strong>sua</strong></span> <span class='ocrx_word' id='word_1_268' title='bbox 1434 3116 1601 3170; x_wconf 80' lang='lat' dir='ltr'><strong>conservata</strong></span> 
     </span>
     <span class='ocr_line' id='line_1_28' title="bbox 317 3191 1601 3291; baseline -0.001 -19"><span class='ocrx_word' id='word_1_269' title='bbox 317 3191 452 3280; x_wconf 81' lang='lat' dir='ltr'><strong>libertas,</strong></span> <span class='ocrx_word' id='word_1_270' title='bbox 482 3207 609 3291; x_wconf 88' lang='lat' dir='ltr'><strong>imperio</strong></span> <span class='ocrx_word' id='word_1_271' title='bbox 631 3212 755 3288; x_wconf 84' lang='lat' dir='ltr'><strong>dignitas</strong></span> <span class='ocrx_word' id='word_1_272' title='bbox 777 3203 906 3281; x_wconf 85' lang='lat' dir='ltr'><strong>retenta,</strong></span> <span class='ocrx_word' id='word_1_273' title='bbox 936 3210 1005 3272; x_wconf 89' lang='lat' dir='ltr'><strong>huic</strong></span> <span class='ocrx_word' id='word_1_274' title='bbox 1025 3210 1159 3272; x_wconf 81' lang='lat' dir='ltr'><strong>nefandae</strong></span> <span class='ocrx_word' id='word_1_275' title='bbox 1180 3210 1351 3270; x_wconf 87' lang='lat' dir='ltr'><strong>temeritatis</strong></span> <span class='ocrx_word' id='word_1_276' title='bbox 1378 3192 1513 3290; x_wconf 77' lang='lat' dir='ltr'><strong>ereptum</strong></span> <span class='ocrx_word' id='word_1_277' title='bbox 1535 3228 1601 3271; x_wconf 88' lang='lat' dir='ltr'><strong>cou-</strong></span> 
     </span>
    </p>

    <p class='ocr_par' dir='ltr' id='par_1_8' title="bbox 213 3309 1701 3400">
     <span class='ocr_line' id='line_1_29' title="bbox 213 3309 1701 3400; baseline 0 -28"><span class='ocrx_word' id='word_1_278' title='bbox 213 3317 214 3320; x_wconf 75' lang='grc'>’</span> <span class='ocrx_word' id='word_1_279' title='bbox 318 3309 431 3381; x_wconf 89' lang='lat' dir='ltr'><strong>siiium,</strong></span> <span class='ocrx_word' id='word_1_280' title='bbox 456 3311 541 3374; x_wconf 86' lang='lat' dir='ltr'><strong>nobis</strong></span> <span class='ocrx_word' id='word_1_281' title='bbox 562 3313 675 3375; x_wconf 91' lang='lat' dir='ltr'><strong>reddita</strong></span> <span class='ocrx_word' id='word_1_282' title='bbox 695 3313 821 3382; x_wconf 82' lang='lat' dir='ltr'><strong>tiducia,</strong></span> <span class='ocrx_word' id='word_1_283' title='bbox 844 3313 973 3376; x_wconf 82' lang='lat' dir='ltr'><strong>reducta</strong></span> <span class='ocrx_word' id='word_1_284' title='bbox 988 3311 1195 3391; x_wconf 84' lang='lat' dir='ltr'><strong>tranquillitas,</strong></span> <span class='ocrx_word' id='word_1_285' title='bbox 1224 3313 1392 3390; x_wconf 81' lang='lat' dir='ltr'><strong>tactumque</strong></span> <span class='ocrx_word' id='word_1_286' title='bbox 1414 3311 1484 3372; x_wconf 90' lang='lat' dir='ltr'><strong>illud</strong></span> <span class='ocrx_word' id='word_1_287' title='bbox 1507 3329 1600 3374; x_wconf 86' lang='lat' dir='ltr'><strong>serra·</strong></span> <span class='ocrx_word' id='word_1_288' title='bbox 1700 3323 1701 3400; x_wconf 63' lang='lat' dir='ltr'><strong>t</strong></span> 
     </span>
    </p>

    <p class='ocr_par' dir='ltr' id='par_1_9' title="bbox 249 3401 1701 3495">
     <span class='ocr_line' id='line_1_30' title="bbox 249 3401 1701 3495; baseline 0 -21"><span class='ocrx_word' id='word_1_289' title='bbox 249 3420 366 3482; x_wconf 63' lang='lat' dir='ltr'><strong>partor</strong></span> <span class='ocrx_word' id='word_1_290' title='bbox 389 3413 521 3476; x_wconf 89' lang='lat' dir='ltr'><strong>Christus</strong></span> <span class='ocrx_word' id='word_1_291' title='bbox 543 3424 575 3481; x_wconf 85' lang='lat' dir='ltr'><strong>ut</strong></span> <span class='ocrx_word' id='word_1_292' title='bbox 596 3417 749 3490; x_wconf 76' lang='lat' dir='ltr'><strong>manifeste</strong></span> <span class='ocrx_word' id='word_1_293' title='bbox 771 3415 986 3495; x_wconf 78' lang='lat' dir='ltr'><strong>comprobavit,</strong></span> <span class='ocrx_word' id='word_1_294' title='bbox 1009 3416 1046 3476; x_wconf 88' lang='lat' dir='ltr'><strong>ita</strong></span> <span class='ocrx_word' id='word_1_295' title='bbox 1071 3413 1219 3476; x_wconf 81' lang='lat' dir='ltr'><strong>evidenter</strong></span> <span class='ocrx_word' id='word_1_296' title='bbox 1240 3413 1357 3476; x_wconf 85' lang='lat' dir='ltr'><strong>adiurit.</strong></span> <span class='ocrx_word' id='word_1_297' title='bbox 1397 3411 1421 3473; x_wconf 82' lang='lat'>0</span> <span class='ocrx_word' id='word_1_298' title='bbox 1443 3431 1481 3474; x_wconf 86' lang='lat' dir='ltr'><strong>ex</strong></span> <span class='ocrx_word' id='word_1_299' title='bbox 1495 3414 1599 3491; x_wconf 78' lang='lat' dir='ltr'><strong>ingenti</strong></span> <span class='ocrx_word' id='word_1_300' title='bbox 1700 3401 1701 3486; x_wconf 73' lang='lat' dir='ltr'><strong>i</strong></span> 
     </span>
    </p>

    <p class='ocr_par' dir='ltr' id='par_1_10' title="bbox 317 3513 1701 3644">
     <span class='ocr_line' id='line_1_31' title="bbox 317 3513 1629 3602; baseline -0.001 -26"><span class='ocrx_word' id='word_1_301' title='bbox 317 3534 388 3595; x_wconf 90' lang='lat' dir='ltr'><strong>ergo</strong></span> <span class='ocrx_word' id='word_1_302' title='bbox 411 3517 527 3578; x_wconf 88' lang='lat' dir='ltr'><strong>tristitia</strong></span> <span class='ocrx_word' id='word_1_303' title='bbox 549 3519 709 3580; x_wconf 83' lang='lat' dir='ltr'><strong>maximum</strong></span> <span class='ocrx_word' id='word_1_304' title='bbox 730 3517 828 3578; x_wconf 88' lang='lat' dir='ltr'><strong>subito</strong></span> <span class='ocrx_word' id='word_1_305' title='bbox 851 3523 949 3602; x_wconf 83' lang='lat' dir='ltr'><strong>ortum</strong></span> <span class='ocrx_word' id='word_1_306' title='bbox 971 3515 1124 3593; x_wconf 89' lang='lat' dir='ltr'><strong>gaudium!</strong></span> <span class='ocrx_word' id='word_1_307' title='bbox 1147 3535 1165 3576; x_wconf 91' lang='grc' dir='ltr'>ο</span> <span class='ocrx_word' id='word_1_308' title='bbox 1188 3533 1224 3575; x_wconf 83' lang='lat' dir='ltr'><strong>ex</strong></span> <span class='ocrx_word' id='word_1_309' title='bbox 1248 3513 1411 3577; x_wconf 83' lang='lat' dir='ltr'><strong>vehementi</strong></span> <span class='ocrx_word' id='word_1_310' title='bbox 1433 3523 1629 3578; x_wconf 78' lang='lat' dir='ltr'><strong>consterna-³⁰</strong></span> 
     </span>
    </p>
   </div>
   <div class='ocr_carea' id='block_1_3' title="bbox 199 2477 212 2510">
    <p class='ocr_par' dir='ltr' id='par_1_11' title="bbox 199 2477 212 2510">
     <span class='ocr_line' id='line_1_32' title="bbox 199 2477 212 2510; baseline 0 0"><span class='ocrx_word' id='word_1_311' title='bbox 199 2477 212 2510; x_wconf 64' lang='lat' dir='ltr'><strong>b</strong></span> 
     </span>
    </p>
   </div>
   <div class='ocr_carea' id='block_1_4' title="bbox 317 3671 517 3681">
    <p class='ocr_par' dir='ltr' id='par_1_12' title="bbox 317 3671 517 3681">
     <span class='ocr_line' id='line_1_33' title="bbox 317 3671 517 3681; baseline 0.005 -1"><span class='ocrx_word' id='word_1_312' title='bbox 317 3671 517 3681; x_wconf 48' lang='lat'><strong>*—</strong></span> 
     </span>
    </p>
   </div>
   <div class='ocr_carea' id='block_1_5' title="bbox 372 3731 1701 3846">
    <p class='ocr_par' dir='ltr' id='par_1_13' title="bbox 372 3731 1701 3846">
     <span class='ocr_line' id='line_1_34' title="bbox 372 3731 1701 3846; baseline 0.013 -33"><span class='ocrx_word' id='word_1_313' title='bbox 372 3797 375 3804; x_wconf 81' lang='lat'>-</span> <span class='ocrx_word' id='word_1_314' title='bbox 468 3772 609 3838; x_wconf 52' lang='lat' dir='ltr'><strong>peremit</strong></span> <span class='ocrx_word' id='word_1_315' title='bbox 632 3773 716 3839; x_wconf 63' lang='lat' dir='ltr'><strong>patore</strong></span> <span class='ocrx_word' id='word_1_316' title='bbox 738 3771 780 3835; x_wconf 80' lang='lat' dir='ltr'><strong>otti</strong></span> <span class='ocrx_word' id='word_1_317' title='bbox 802 3785 844 3836; x_wconf 79' lang='lat' dir='ltr'><strong>pan</strong></span> <span class='ocrx_word' id='word_1_318' title='bbox 867 3771 948 3835; x_wconf 63' lang='lat' dir='ltr'><strong>niort</strong></span> <span class='ocrx_word' id='word_1_319' title='bbox 970 3769 1025 3835; x_wconf 69' lang='lat' dir='ltr'><strong>aad</strong></span> <span class='ocrx_word' id='word_1_320' title='bbox 1044 3769 1136 3824; x_wconf 66' lang='lat' dir='ltr'><strong>tmen</strong></span> <span class='ocrx_word' id='word_1_321' title='bbox 1183 3767 1242 3822; x_wconf 76' lang='lat' dir='ltr'><strong>are</strong></span> <span class='ocrx_word' id='word_1_322' title='bbox 1260 3765 1499 3846; x_wconf 64' lang='lat' dir='ltr'><strong>meten-lenitate</strong></span> <span class='ocrx_word' id='word_1_323' title='bbox 1516 3769 1599 3836; x_wconf 67' lang='lat' dir='ltr'><strong>dapis</strong></span> <span class='ocrx_word' id='word_1_324' title='bbox 1636 3833 1640 3839; x_wconf 72' lang='grc'>,</span> <span class='ocrx_word' id='word_1_325' title='bbox 1700 3731 1701 3808; x_wconf 39' lang='lat' dir='ltr'><strong>i</strong></span> 
     </span>
    </p>
   </div>
   <div class='ocr_carea' id='block_1_6' title="bbox 359 3861 1701 4345">
    <p class='ocr_par' dir='ltr' id='par_1_14' title="bbox 467 3861 1268 4092">
     <span class='ocr_line' id='line_1_35' title="bbox 1124 3861 1225 3908; baseline 0 0"><span class='ocrx_word' id='word_1_326' title='bbox 1124 3861 1225 3908; x_wconf 68' lang='lat' dir='ltr'><strong>mmm,</strong></span> 
     </span>
     <span class='ocr_line' id='line_1_36' title="bbox 467 3937 1268 4008; baseline -0.002 -12"><span class='ocrx_word' id='word_1_327' title='bbox 467 3941 546 4006; x_wconf 74' lang='lat' dir='ltr'><strong>liutet</strong></span> <span class='ocrx_word' id='word_1_328' title='bbox 563 3939 762 4008; x_wconf 64' lang='lat' dir='ltr'><strong>stationemi,</strong></span> <span class='ocrx_word' id='word_1_329' title='bbox 780 3941 839 3996; x_wconf 62' lang='lat' dir='ltr'><strong>wir</strong></span> <span class='ocrx_word' id='word_1_330' title='bbox 856 3941 931 4006; x_wconf 76' lang='lat' dir='ltr'><strong>nobee</strong></span> <span class='ocrx_word' id='word_1_331' title='bbox 950 3939 1054 4004; x_wconf 59' lang='lat' dir='ltr'><strong>&amp;eidos</strong></span> <span class='ocrx_word' id='word_1_332' title='bbox 1070 3937 1115 4004; x_wconf 74' lang='lat' dir='ltr'><strong>tur</strong></span> <span class='ocrx_word' id='word_1_333' title='bbox 1131 3941 1176 3993; x_wconf 77' lang='lat' dir='ltr'><strong>otte</strong></span> <span class='ocrx_word' id='word_1_334' title='bbox 1189 3938 1268 4006; x_wconf 55' lang='lat' dir='ltr'><strong>dett,</strong></span> 
     </span>
     <span class='ocr_line' id='line_1_37' title="bbox 470 4027 1173 4092; baseline -0.001 -11"><span class='ocrx_word' id='word_1_335' title='bbox 470 4027 534 4081; x_wconf 75' lang='lat' dir='ltr'><strong>otte</strong></span> <span class='ocrx_word' id='word_1_336' title='bbox 553 4042 601 4080; x_wconf 84' lang='lat' dir='ltr'><strong>uns</strong></span> <span class='ocrx_word' id='word_1_337' title='bbox 619 4033 684 4092; x_wconf 77' lang='lat' dir='ltr'><strong>brut.</strong></span> <span class='ocrx_word' id='word_1_338' title='bbox 1170 4039 1173 4046; x_wconf 86' lang='lat'>·</span> 
     </span>
    </p>

    <p class='ocr_par' dir='ltr' id='par_1_15' title="bbox 359 4108 1701 4345">
     <span class='ocr_line' id='line_1_38' title="bbox 382 4108 1701 4188; baseline -0.002 -22"><span class='ocrx_word' id='word_1_339' title='bbox 382 4119 384 4126; x_wconf 81' lang='grc'><strong>“</strong></span> <span class='ocrx_word' id='word_1_340' title='bbox 466 4113 619 4176; x_wconf 72' lang='lat' dir='ltr'><strong>concernit</strong></span> <span class='ocrx_word' id='word_1_341' title='bbox 638 4111 891 4177; x_wconf 65' lang='lat' dir='ltr'><strong>unsuoirtsdntt.</strong></span> <span class='ocrx_word' id='word_1_342' title='bbox 932 4109 1322 4188; x_wconf 62' lang='lat' dir='ltr'><strong>meaeconsuetudinis</strong></span> <span class='ocrx_word' id='word_1_343' title='bbox 1341 4108 1581 4176; x_wconf 60' lang='lat' dir='ltr'><strong>amnoretogao.</strong></span> <span class='ocrx_word' id='word_1_344' title='bbox 1700 4175 1701 4178; x_wconf 7' lang='grc' dir='ltr'><strong>Ἴ</strong></span> 
     </span>
     <span class='ocr_line' id='line_1_39' title="bbox 359 4191 1701 4282; baseline -0.001 -31"><span class='ocrx_word' id='word_1_345' title='bbox 359 4213 362 4218; x_wconf 92' lang='grc'><strong><em>·</em></strong></span> <span class='ocrx_word' id='word_1_346' title='bbox 440 4191 521 4262; x_wconf 57' lang='grc' dir='ltr'><strong>λ(ιιιι</strong></span> <span class='ocrx_word' id='word_1_347' title='bbox 539 4197 587 4252; x_wconf 81' lang='lat' dir='ltr'><strong>mic</strong></span> <span class='ocrx_word' id='word_1_348' title='bbox 604 4199 718 4262; x_wconf 77' lang='lat' dir='ltr'><strong>engeten</strong></span> <span class='ocrx_word' id='word_1_349' title='bbox 736 4197 827 4262; x_wconf 73' lang='lat' dir='ltr'><strong>autern</strong></span> <span class='ocrx_word' id='word_1_350' title='bbox 845 4195 1014 4260; x_wconf 61' lang='lat' dir='ltr'><strong>springen.</strong></span> <span class='ocrx_word' id='word_1_351' title='bbox 1049 4193 1109 4248; x_wconf 63' lang='lat' dir='ltr'><strong>wir</strong></span> <span class='ocrx_word' id='word_1_352' title='bbox 1125 4192 1208 4248; x_wconf 80' lang='lat' dir='ltr'><strong>meten</strong></span> <span class='ocrx_word' id='word_1_353' title='bbox 1224 4196 1370 4282; x_wconf 53' lang='lat' dir='ltr'><strong>anabuns</strong></span> <span class='ocrx_word' id='word_1_354' title='bbox 1385 4207 1416 4260; x_wconf 77' lang='grc' dir='ltr'><strong>ιιι</strong></span> <span class='ocrx_word' id='word_1_355' title='bbox 1437 4197 1544 4255; x_wconf 66' lang='lat' dir='ltr'><strong>Sueten</strong></span> <span class='ocrx_word' id='word_1_356' title='bbox 1559 4203 1597 4248; x_wconf 78' lang='lat' dir='ltr'><strong>res</strong></span> <span class='ocrx_word' id='word_1_357' title='bbox 1700 4239 1701 4250; x_wconf 70' lang='lat'><strong>,</strong></span> 
     </span>
     <span class='ocr_line' id='line_1_40' title="bbox 1125 4275 1503 4345; baseline 0.005 -2"><span class='ocrx_word' id='word_1_358' title='bbox 1125 4279 1207 4343; x_wconf 72' lang='lat' dir='ltr'><strong>maor</strong></span> <span class='ocrx_word' id='word_1_359' title='bbox 1225 4275 1357 4345; x_wconf 59' lang='lat' dir='ltr'><strong>greeae*</strong></span> <span class='ocrx_word' id='word_1_360' title='bbox 1497 4287 1503 4298; x_wconf 86' lang='lat'><strong>·</strong></span> 
     </span>
    </p>
   </div>
   <div class='ocr_carea' id='block_1_7' title="bbox 318 4365 1701 4772">
    <p class='ocr_par' dir='ltr' id='par_1_16' title="bbox 319 4365 770 4432">
     <span class='ocr_line' id='line_1_41' title="bbox 319 4365 770 4432; baseline 0.002 -16"><span class='ocrx_word' id='word_1_361' title='bbox 319 4366 362 4416; x_wconf 87' lang='lat' dir='ltr'><strong>Cf.</strong></span> <span class='ocrx_word' id='word_1_362' title='bbox 382 4367 468 4431; x_wconf 80' lang='lat' dir='ltr'><strong>Hepd.</strong></span> <span class='ocrx_word' id='word_1_363' title='bbox 487 4367 510 4417; x_wconf 92' lang='grc' dir='ltr'><strong>Ι.</strong></span> <span class='ocrx_word' id='word_1_364' title='bbox 529 4383 556 4432; x_wconf 90' lang='lat' dir='ltr'><strong>p.</strong></span> <span class='ocrx_word' id='word_1_365' title='bbox 568 4365 627 4417; x_wconf 74' lang='grc'>526.</span> <span class='ocrx_word' id='word_1_366' title='bbox 640 4365 698 4417; x_wconf 81' lang='lat'>529.</span> <span class='ocrx_word' id='word_1_367' title='bbox 711 4365 770 4420; x_wconf 72' lang='lat' dir='ltr'><strong>aba.</strong></span> 
     </span>
    </p>

    <p class='ocr_par' dir='ltr' id='par_1_17' title="bbox 318 4447 1701 4772">
     <span class='ocr_line' id='line_1_42' title="bbox 387 4447 1701 4522; baseline -0.001 -21"><span class='ocrx_word' id='word_1_368' title='bbox 387 4449 407 4482; x_wconf 80' lang='lat'><strong>¹⁸</strong></span> <span class='ocrx_word' id='word_1_369' title='bbox 424 4447 500 4502; x_wconf 80' lang='lat' dir='ltr'><strong>Inter‘</strong></span> <span class='ocrx_word' id='word_1_370' title='bbox 517 4451 593 4515; x_wconf 83' lang='lat' dir='ltr'><strong>ipsas</strong></span> <span class='ocrx_word' id='word_1_371' title='bbox 612 4451 744 4514; x_wconf 82' lang='lat' dir='ltr'><strong>exequiae</strong></span> <span class='ocrx_word' id='word_1_372' title='bbox 761 4450 946 4522; x_wconf 81' lang='lat' dir='ltr'><strong>Maximiliuni</strong></span> <span class='ocrx_word' id='word_1_373' title='bbox 963 4449 1074 4501; x_wconf 79' lang='lat' dir='ltr'><strong>Utricua</strong></span> <span class='ocrx_word' id='word_1_374' title='bbox 1092 4463 1147 4500; x_wconf 88' lang='lat' dir='ltr'><strong>non</strong></span> <span class='ocrx_word' id='word_1_375' title='bbox 1169 4448 1303 4502; x_wconf 86' lang='lat' dir='ltr'><strong>indictum</strong></span> <span class='ocrx_word' id='word_1_376' title='bbox 1326 4448 1429 4500; x_wconf 86' lang='lat' dir='ltr'><strong>ballum</strong></span> <span class='ocrx_word' id='word_1_377' title='bbox 1443 4449 1596 4514; x_wconf 40' lang='lat' dir='ltr'><strong>*Reatiingae</strong></span> <span class='ocrx_word' id='word_1_378' title='bbox 1700 4473 1701 4518; x_wconf 67' lang='grc' dir='ltr'>ι</span> 
     </span>
     <span class='ocr_line' id='line_1_43' title="bbox 318 4533 1701 4601; baseline -0.002 -17"><span class='ocrx_word' id='word_1_379' title='bbox 318 4536 439 4601; x_wconf 83' lang='lat' dir='ltr'><strong>paravit,</strong></span> <span class='ocrx_word' id='word_1_380' title='bbox 460 4535 530 4600; x_wconf 89' lang='lat' dir='ltr'><strong>quod</strong></span> <span class='ocrx_word' id='word_1_381' title='bbox 549 4535 692 4600; x_wconf 74' lang='lat' dir='ltr'><strong>imperiale</strong></span> <span class='ocrx_word' id='word_1_382' title='bbox 710 4540 765 4585; x_wconf 88' lang='lat' dir='ltr'><strong>tum</strong></span> <span class='ocrx_word' id='word_1_383' title='bbox 784 4535 912 4601; x_wconf 88' lang='lat' dir='ltr'><strong>oppidum</strong></span> <span class='ocrx_word' id='word_1_384' title='bbox 930 4539 993 4601; x_wconf 87' lang='lat' dir='ltr'><strong>post</strong></span> <span class='ocrx_word' id='word_1_385' title='bbox 1010 4535 1211 4598; x_wconf 66' lang='lat' dir='ltr'><strong>internecium</strong></span> <span class='ocrx_word' id='word_1_386' title='bbox 1232 4541 1294 4586; x_wconf 89' lang='lat' dir='ltr'><strong>ceto</strong></span> <span class='ocrx_word' id='word_1_387' title='bbox 1311 4533 1596 4589; x_wconf 76' lang='lat' dir='ltr'><strong>dierumohsidiouem</strong></span> <span class='ocrx_word' id='word_1_388' title='bbox 1700 4561 1701 4598; x_wconf 78' lang='lat' dir='ltr'><strong>t</strong></span> 
     </span>
     <span class='ocr_line' id='line_1_44' title="bbox 318 4609 1701 4684; baseline -0.003 -14"><span class='ocrx_word' id='word_1_389' title='bbox 318 4621 344 4671; x_wconf 90' lang='lat' dir='ltr'><strong>d.</strong></span> <span class='ocrx_word' id='word_1_390' title='bbox 357 4619 399 4669; x_wconf 79' lang='grc'><strong>28.</strong></span> <span class='ocrx_word' id='word_1_391' title='bbox 412 4620 472 4669; x_wconf 86' lang='lat' dir='ltr'><strong>Ian.</strong></span> <span class='ocrx_word' id='word_1_392' title='bbox 488 4617 810 4684; x_wconf 80' lang='lat' dir='ltr'><strong>a.·151tt.ecptumdure</strong></span> <span class='ocrx_word' id='word_1_393' title='bbox 830 4626 858 4670; x_wconf 88' lang='lat' dir='ltr'><strong>ct</strong></span> <span class='ocrx_word' id='word_1_394' title='bbox 876 4635 960 4670; x_wconf 81' lang='lat' dir='ltr'><strong>avere</strong></span> <span class='ocrx_word' id='word_1_395' title='bbox 977 4619 1085 4670; x_wconf 85' lang='lat' dir='ltr'><strong>babuit.</strong></span> <span class='ocrx_word' id='word_1_396' title='bbox 1125 4618 1169 4670; x_wconf 82' lang='lat' dir='ltr'><strong>ct.</strong></span> <span class='ocrx_word' id='word_1_397' title='bbox 1183 4617 1290 4670; x_wconf 81' lang='lat' dir='ltr'><strong>Sattter.</strong></span> <span class='ocrx_word' id='word_1_398' title='bbox 1309 4619 1346 4668; x_wconf 90' lang='lat'><strong>11.</strong></span> <span class='ocrx_word' id='word_1_399' title='bbox 1368 4635 1395 4684; x_wconf 90' lang='lat' dir='ltr'><strong>p.</strong></span> <span class='ocrx_word' id='word_1_400' title='bbox 1408 4621 1433 4670; x_wconf 76' lang='lat'><strong>2.</strong></span> <span class='ocrx_word' id='word_1_401' title='bbox 1447 4635 1505 4684; x_wconf 84' lang='lat' dir='ltr'><strong>sqq.</strong></span> <span class='ocrx_word' id='word_1_402' title='bbox 1525 4615 1598 4681; x_wconf 79' lang='lat' dir='ltr'><strong>Hepd</strong></span> <span class='ocrx_word' id='word_1_403' title='bbox 1700 4609 1701 4624; x_wconf 59' lang='lat'>¹</span> 
     </span>
     <span class='ocr_line' id='line_1_45' title="bbox 318 4701 1296 4772; baseline -0.004 -16"><span class='ocrx_word' id='word_1_404' title='bbox 318 4706 341 4759; x_wconf 90' lang='lat'><strong>1.</strong></span> <span class='ocrx_word' id='word_1_405' title='bbox 360 4723 387 4772; x_wconf 92' lang='lat' dir='ltr'><strong>p.</strong></span> <span class='ocrx_word' id='word_1_406' title='bbox 400 4705 458 4756; x_wconf 76' lang='grc'>524.</span> <span class='ocrx_word' id='word_1_407' title='bbox 473 4719 530 4770; x_wconf 80' lang='lat' dir='ltr'><strong>sqq.</strong></span> <span class='ocrx_word' id='word_1_408' title='bbox 583 4701 606 4736; x_wconf 77' lang='lat'><strong>¹⁸</strong></span> <span class='ocrx_word' id='word_1_409' title='bbox 623 4703 773 4771; x_wconf 81' lang='lat' dir='ltr'><strong>putabatur</strong></span> <span class='ocrx_word' id='word_1_410' title='bbox 791 4709 814 4755; x_wconf 84' lang='lat'><strong>1.</strong></span> <span class='ocrx_word' id='word_1_411' title='bbox 833 4705 975 4757; x_wconf 78' lang='lat' dir='ltr'><strong>sciebatur</strong></span> <span class='ocrx_word' id='word_1_412' title='bbox 991 4711 1120 4757; x_wconf 74' lang='lat' dir='ltr'><strong>comat·</strong></span> <span class='ocrx_word' id='word_1_413' title='bbox 1290 4717 1296 4730; x_wconf 86' lang='grc'><em>·</em></span> 
     </span>
    </p>
   </div>
   <div class='ocr_carea' id='block_1_8' title="bbox 0 0 1716 5524">
    <p class='ocr_par' dir='ltr' id='par_1_18' title="bbox 0 0 1716 5524">
     <span class='ocr_line' id='line_1_46' title="bbox 0 0 1716 5524; baseline 0 0"><span class='ocrx_word' id='word_1_414' title='bbox 0 0 1716 5524; x_wconf 95' lang='lat' dir='ltr'><strong> </strong></span> 
     </span>
    </p>
   </div>
  </div>
 </body>
</html>
