3468 5512
341 433 415 505 496
436 463 559 501 ΙΝῊΙΜ
569 465 605 500 ΒΕ
615 463 732 500 (tvmdt
742 464 836 500 ΙΙΏΙΩ.
848 465 882 500 ll'l'
892 465 986 500 HOBBO
995 465 1077 500 (Misia.
1089 465 1147 500 ΜΕ.
1158 463 1208 499 ΙΠ
1217 463 1348 500 'nullu
1359 463 1546 500 URBHMLP.
1553 463 1629 500 xm.

340 627 421 681 recte
443 621 553 682 aditum
576 637 643 680 eum
665 627 827 697 aequantur
849 619 1002 680 commoda
1025 618 1159 680 ostendit.
1204 619 1398 680 meridianum
1421 637 1526 681 onmes
1548 619 1630 680 dam·

273 729 419 784 att-naut.
465 721 517 782 llis
544 725 594 800 qui
619 723 757 782 tristioris
784 729 852 782 sunt
880 727 992 782 naurae
1020 729 1071 781 aut
1098 723 1178 782 curis
1206 719 1389 792 lacerantur,
1417 723 1629 783 accersendam

340 822 458 884 aliunde
480 821 608 884 letitiam
631 824 736 885 medci
758 841 938 902 magnopere
962 829 1079 912 putaui.
1110 831 1139 884 et
1167 821 1386 884 exhilarandam
1416 831 1567 891 menum,
1590 843 1628 910 ρο

339 924 491 986 levandam
518 927 606 986 animi
633 927 813 1002 gravitatem.
859 926 1017 986 ‘sonorum
1044 925 1184 985 suavimte
1218 926 1357 1003 cogitatio
1389 924 1537 1004 abigenda
1568 923 1627 990 est'.

272 1023 449 1088 amandos
463 1027 574 1106 inquit.
620 1025 686 1097 ‘Oui
707 1045 796 1088 sanus
818 1034 862 1088 est
884 1033 913 1087 et
934 1043 995 1088 suae
1016 1025 1148 1104 spontis',
1171 1023 1273 1088 Celsus
1294 1029 1350 1095 ait,
1382 1036 1489 1106 ‘neque
1510 1027 1657 1090 medem
1716 1061 1718 1066 ·

338 1129 427 1190 debet
449 1147 545 1208 neque
566 1127 654 1208 alipta
679 1127 786 1205 egere'.
823 1128 903 1207 quod
919 1135 951 1188 ut
973 1127 1083 1208 probo,
1107 1135 1137 1187 et
1158 1129 1282 1206 eosqui
1304 1131 1414 1207 optime
1436 1128 1534 1192 valent
1559 1127 1629 1190 arilli

339 1249 371 1290 se
394 1246 574 1309 magnopere
598 1230 711 1290 vivendi
732 1247 845 1290 norma
867 1229 1016 1290 devincire
1039 1228 1118 1298 volo,
1147 1230 1188 1290 ita
1216 1230 1263 1292 his
1291 1231 1341 1308 qui
1363 1229 1520 1309 aliquando
1547 1231 1628 1290 tabo

339 1338 491 1401 raserunt,
521 1339 571 1392 aut
593 1349 718 1410 corpora
741 1331 851 1392 habent
872 1331 1045 1392 morborum
1074 1332 1187 1394 iniuriis
1213 1331 1354 1402 obnoxia.
1382 1340 1434 1392 aut
1461 1333 1628 1393 istiusmodi

338 1443 501 1513 sequuntur
524 1435 588 1494 vitae
610 1451 719 1511 genus,
742 1437 771 1494 in
795 1453 854 1512 quo
876 1451 935 1494 uon
958 1431 1043 1494 iacile
1065 1436 1142 1494 tueri
1156 1435 1310 1496 sanitatem
1325 1435 1448 1513 possint,
1470 1417 1550 1514 opus
1565 1454 1629 1496 esse

337 1535 465 1614 quadam
486 1537 552 1595 vite
573 1533 675 1612 regula
696 1535 821 1596 multum
844 1553 960 1596 censeo.
983 1523 985 1530 ’
1005 1534 1133 1598 Galenus
1154 1537 1283 1604 monuit,
1312 1553 1497 1616 nequaquam
1518 1554 1627 1616 super·
1638 1541 1659 1582 ¹⁸

337 1635 427 1698 lluam
451 1655 514 1698 esse
538 1637 650 1698 vivendi
673 1636 785 1714 legem:
809 1636 903 1698 ‘Dicta
926 1635 1023 1708 euim',
1045 1638 1153 1715 inquit,
1178 1636 1331 1698 ‘medicina
1353 1635 1416 1698 est'.

422 1773 516 1852 Atque
538 1772 601 1832 haec
624 1771 740 1844 hahui‚.
757 1775 866 1852 optime
888 1781 990 1852 pater,
1017 1774 1126 1850 optime
1148 1772 1299 1851 princeps,
1328 1791 1394 1853 quae
1415 1774 1445 1833 in
1467 1792 1534 1834 rem
1558 1791 1628 1852 pro·

337 1875 462 1954 positam
485 1881 536 1935 aut
559 1893 605 1936 me
628 1880 750 1954 experto
773 1881 823 1935 aut
843 1873 907 1935 aliis
930 1873 1146 1943 candentibus,
1176 1877 1263 1935 mutis
1290 1877 1455 1953 presertim
1477 1879 1628 1954 magistris

338 1977 435 2038 ethis
457 1978 507 2056 qui
529 1975 692 2054 periculum
716 1976 851 2037 lecerunt
873 1983 902 2036 et
923 1978 988 2056 ipsi,
1012 1975 1179 2037 conducere
1202 1971 1308 2054 putavi.
1352 1974 1424 2046 uoae
1446 1979 1485 2037 iia
1508 1977 1626 2038 celsitu·

338 2078 399 2140 dini
422 2077 674 2157 tuae-conscripsi.
698 2084 731 2138 ut
752 2095 811 2137 non
832 2077 936 2139 uellem
959 2077 1004 2139 his
1026 2077 1143 2157 quidem
1166 2080 1208 2138 uti
1230 2083 1274 2138 te:
1296 2079 1367 2138 laxit
1388 2077 1446 2140 hoc
1468 2080 1549 2139 enim
1565 2089 1656 2140 ser-¹³

337 2191 420 2242 rator
443 2179 585 2248 Christus,
608 2197 646 2240 ne
668 2197 797 2258 unquam
820 2178 944 2240 debeas:
967 2179 1018 2240 sed
1041 2182 1125 2268 utin
1140 2188 1189 2242 tua
1206 2178 1268 2262 haec
1284 2179 1349 2240 aula
1371 2187 1470 2240 essem
1492 2183 1625 2240 omnium

337 2283 504 2344 necessitati
526 2283 664 2359 exposita,
689 2299 814 2360 quorum
838 2281 976 2342 iudicium
999 2283 1184 2342 aStromero
1200 2282 1300 2358 exiges
1320 2288 1362 2349 tu,
1386 2283 1467 2359 quod
1483 2283 1624 2361 praelatus

338 2403 413 2446 sarm.
458 2381 604 2474 lamxhaec
620 2383 710 2462 Avidii,
734 2384 784 2461 qui
806 2401 853 2443 me
876 2383 945 2443 iuvit
967 2385 998 2444 in
1021 2379 1183 2450 nonnullis,
1208 2381 1283 2444 alter
1303 2390 1371 2444 tuus
1393 2382 1527 2445 medicus
1550 2385 1624 2446 Gre-

336 2487 438 2563 gorius
461 2485 592 2564 Coppus,
621 2485 673 2547 scd
696 2484 808 2554 obiter,
837 2503 904 2545 cum
926 2484 964 2545 ab
986 2483 1036 2545 illo
1059 2489 1250 2564 properarem
1274 2467 1468 2562 moguntiam,
1498 2483 1549 2546 ubi
1573 2505 1623 2544 ne·
1711 2469 1715 2476 ’

336 2589 445 2667 gotium
468 2595 532 2649 crat
554 2587 632 2648 mihi.
678 2587 789 2657 Quodsi
817 2588 988 2664 contigisset
1014 2591 1086 2646 tunc
1113 2588 1142 2646 in
1166 2584 1231 2647 aula
1255 2604 1318 2654 esse
1341 2603 1389 2646 nae
1412 2589 1454 2666 (tu
1476 2588 1506 2646 in
1528 2587 1654 2648 Saso-²·

337 2689 423 2750 nibus
445 2689 550 2750 aberas
572 2689 676 2768 enim),
706 2689 819 2750 cautius
848 2689 943 2749 omnia
973 2693 1180 2748 tractassemus
1208 2693 1237 2748 et
1264 2689 1430 2748 accuratius
1458 2687 1620 2750 conlectam

336 2810 399 2852 rem
422 2791 666 2853 exhibuissemus.
711 2791 795 2852 Nunc
817 2798 966 2872 utcunque
988 2791 1109 2858 excidit,
1142 2789 1211 2850 honi
1239 2789 1369 2851 consule.
1415 2789 1481 2869 lpse
1502 2791 1619 2870 quidem

336 2895 477 2962 offerens,
501 2895 567 2972 quia
583 2891 804 2954 Saturnalitium
826 2892 883 2954 hoc
905 2910 981 2953 novo
1003 2892 1122 2954 ineunte
1145 2909 1221 2954 anno
1244 2907 1351 2952 munus
1373 2909 1438 2952 esse
1460 2890 1545 2959 volui,
1568 2909 1619 2952 au-

337 3011 408 3055 num
436 2993 489 3054 tihi
518 3012 625 3073 precor
654 2995 781 3054 faustum
812 2995 1067 3073 fortunatumque.
1096 2994 1147 3055 sed
1178 2993 1262 3054 cuius
1285 2979 1408 3054 'fortuna
1437 2995 1475 3054 ita
1500 2993 1554 3054 tihi
1581 3012 1617 3054 ex

336 3097 432 3156 animo
448 3096 542 3166 cedat,
564 3106 597 3157 ut
618 3097 689 3155 citra
705 3095 842 3156 invidiam
858 3096 948 3156 irrisae
964 3097 1173 3173 comperiatur.
1213 3093 1281 3156 Vale
1298 3097 1416 3174 optime,
1439 3095 1613 3172 dignissime,
1624 3112 1647 3152 a

335 3199 533 3277 pientissima,
561 3197 685 3258 norme
709 3197 828 3278 praesul,
858 3217 893 3258 ac
915 3197 965 3258 diu
989 3195 1073 3264 nobis
1096 3197 1250 3259 incolumis
1277 3205 1349 3258 esto.
1394 3195 1547 3276 Mogontia
1565 3215 1615 3259 su·

334 3318 435 3379 prenae
458 3299 592 3379 imposita
616 3313 713 3360 manu.

751 3405 879 3447 vomcan
901 3405 943 3444 na
966 3405 1090 3448 avaras
1113 3405 1198 3454 cova.

646 3489 731 3530 mam
753 3491 794 3530 oa
818 3489 954 3532 caniaco
977 3491 1017 3530 ar
1040 3489 1144 3532 mosao
1169 3490 1303 3534 annaeo

924 3573 1017 3616 arnas.
1619 3569 1645 3610 aa

718 3659 802 3708 ovon
825 3659 917 3702 rama
938 3659 1146 3721 ravanuance
1170 3659 1228 3702 sm.
1724 3655 1725 3711 t

399 3811 450 3876 ,aa
472 3809 534 3876 idat
554 3810 593 3863 bit
613 3810 673 3874 tina
694 3811 732 3863 tia
748 3809 780 3872 in
793 3807 829 3890 pi
844 3807 918 3874 citam
938 3811 1001 3872 botta
1020 3805 1050 3872 ult
1069 3807 1214 3872 artarentur
1232 3811 1277 3874 hob
1294 3805 1361 3863 clla
1381 3811 1409 3863 in
1432 3801 1506 3876 pirata
1527 3813 1610 3875 atrati

332 3896 461 3962 introito,
480 3891 514 3950 nri
530 3897 570 3948 tia
588 3899 668 3948 maini
687 3894 834 3957 naortiainn
854 3899 920 3958 terri
939 3903 987 3947 unu
1005 3895 1049 3947 oli
1066 3895 1159 3948 ariasto
1172 3893 1300 3959 topadion
1312 3885 1340 3960 ui
1352 3887 1434 3960 aitrau
1447 3910 1480 3948 on
1493 3905 1533 3960 toa
1545 3897 1610 3950 triu·

331 3995 385 4048 aaa,
405 3988 453 4034 cna
471 3989 510 4046 aot
528 3985 555 4034 ti
574 3983 657 4043 botro
673 3969 703 4041 Ji
723 3978 761 4030 {ab
779 3985 826 4030 cut
842 3979 917 4031 tcum
934 3980 989 4032 norb
1009 3979 1078 4046 [otor
1095 3976 1166 4044 arola
1183 3986 1259 4044 aanor
1275 3979 1313 4034 tte
1330 3995 1354 4032 rt
1372 3977 1424 4042 auli
1441 3977 1477 4047 o!
1491 3989 1556 4034 rura
1573 3996 1609 4045 ar·

331 4071 391 4128 tion
409 4072 450 4130 tat
469 4066 541 4118 turba
557 4065 596 4118 tia
613 4065 698 4118 clenti
719 4060 879 4124 haihaitun
896 4072 936 4116 tat
953 4063 1082 4117 blatteam.
1101 4067 1129 4116 ai.
1285 4111 1294 4136 ,
1617 4073 1637 4112 as
1719 4073 1721 4191 p

721 4147 840 4202 betrumt
858 4157 905 4201 ont
924 4149 1027 4214 latiatim
1046 4150 1159 4202 caicato
1176 4151 1245 4212 turi)
1258 4145 1375 4213 iohanni
1389 4150 1538 4215 brionium
1555 4151 1579 4202 in
1718 4157 1720 4226 ζ

715 4243 757 4287 aar
775 4234 929 4298 taritaticum
949 4233 996 4297 [tot
1008 4231 1149 4298 sarcitum
1169 4231 1205 4296 oti
1221 4232 1438 4298 [cottonianum
1456 4235 1525 4288 abror
1544 4231 1579 4296 ja
1719 4227 1720 4311 l

716 4326 767 4372 bam
787 4315 836 4380 2or
853 4319 908 4382 nom
923 4323 964 4369 hrt
981 4319 1065 4381 arton
1084 4315 1178 4382 libriin
1198 4317 1242 4384 ,31
1253 4319 1421 4383 bunaria.
1458 4319 1494 4373 .‘.
1710 4365 1719 4431 p

399 4440 407 4474 ¹
426 4457 568 4503 ‚aceruum
587 4441 651 4506 luge
665 4438 870 4490 meridianum'’.
890 4436 991 4487 Schola
1004 4434 1132 4487 asismat
1152 4437 1292 4503 utsupra
1309 4455 1332 4489 c.
1346 4437 1389 4488 25.
1402 4441 1426 4500 5.
1442 4438 1481 4490 tt.
1526 4436 1538 4470 ³
1555 4453 1607 4488 era·

228 4515 231 4528 '
332 4529 409 4576 risi.
456 4522 574 4591 iPascal]
589 4527 611 4575 1.
624 4523 667 4574 98.
720 4519 804 4587 Cela]
823 4521 894 4572 bled.
908 4522 929 4572 1.
946 4521 967 4572 l.
987 4523 1096 4584 „Sam
1114 4521 1202 4584 homo,
1221 4523 1266 4588 qui
1284 4527 1313 4574 et
1331 4523 1401 4573 haue
1419 4523 1497 4574 ualet
1515 4531 1542 4572 et
1558 4537 1608 4572 auae
1710 4528 1713 4547 ¹

331 4611 436 4677 spontis
455 4619 509 4673 eat,
535 4610 619 4661 narllis
637 4607 762 4673 obligare
781 4623 810 4657 se
829 4606 938 4672 legibus
957 4607 1052 4668 debat,
1078 4621 1121 4656 act
1135 4621 1222 4672 neque
1240 4607 1346 4658 medico
1364 4621 1454 4672 neque
1472 4606 1607 4672 iatralipta

332 4699 440 4762 egere’.
488 4693 510 4728 ¹⁰
528 4691 635 4758 Galen]
656 4695 725 4757 ing.
739 4691 764 4740 8.
775 4697 807 4741 et
825 4692 858 4744 de
877 4707 936 4742 tau.
951 4690 1053 4741 tuenda
1065 4691 1087 4740 1.
1104 4691 1125 4740 l.
1140 4691 1176 4740 ai.
1191 4691 1220 4741 in
1232 4691 1363 4757 Hippocr.
1376 4691 1410 4742 de
1430 4691 1505 4742 alim.
1519 4707 1605 4742 comm.

331 4783 383 4833 lll.
396 4782 419 4832 t.
435 4779 475 4830 lh.
528 4777 549 4812 ¹²
566 4780 645 4829 Hanc
663 4777 750 4828 libelli
770 4776 936 4839 cicerculam,
956 4776 1057 4842 nequid
1076 4775 1264 4826 dissertationi
1281 4775 1366 4836 desit,
1386 4777 1548 4841 repetimus:
1567 4790 1606 4823 aa·

331 4865 419 4916 hibita
438 4871 481 4914 est
498 4861 698 4927 antipam).
753 4861 773 4893 ¹⁷
791 4862 931 4926 exposiaa,
951 4865 975 4911 2.
1033 4858 1055 4892 ⁸²
1072 4861 1160 4925 gloubi
1180 4877 1204 4910 n.
