3434 5512
328 379 402 452 278
461 409 598 444 Helium
612 407 786 445 sternuntur
800 409 834 444 DE
848 407 996 444 nonvturv
1009 377 1183 444 AVGV-U'Hssl
1197 407 1371 444 munninio.
1384 405 1411 441 Δ.
1425 399 1483 442 lbi&

282 563 287 580 ⁸
327 567 395 628 milri
417 524 659 624 reverendissimus
682 565 833 640 Episcopus
854 565 1006 629 Plocensis,
1029 567 1099 640 apud
1122 565 1254 624 Caesarem
1275 563 1396 624 Polouim
1425 565 1500 640 regis
1530 573 1622 622 eruto·

329 671 387 711 renr
409 669 506 726 agens,
536 651 673 713 recitavit,
702 650 744 706 vir
770 650 947 724 gravissimus
975 658 1002 708 et
1030 649 1170 713 literatus,
1199 658 1228 708 el
1254 651 1311 713 cui.
1340 651 1398 706 sine
1425 649 1622 712 controuersia,

150 773 174 796 «t
262 743 322 795 bil·
331 738 396 795 lidos
419 735 566 795 adhibenda
588 745 639 792 est.
682 735 748 804 Qun
771 735 879 810 quidem
906 736 995 794 omnia
1023 753 1084 792 cum
1112 736 1139 792 in
1167 735 1285 792 comitiis
1312 736 1463 810 principum
1493 735 1621 791 mandatu

330 823 443 880 Cesaris
465 822 661 884 recitarentur,
683 820 766 894 aliqui
789 821 831 876 vix
852 821 937 878 risum
960 821 1091 878 moderati
1115 829 1195 882 suut,
1223 837 1284 877 cum
1313 819 1394 895 longe
1415 819 1499 878 aliter
1519 819 1622 877 iaetu·

331 925 411 984 quam
432 907 522 963 nostri
544 905 717 964 commentati
741 907 862 968 fueraut,
886 906 932 980 qui
956 923 1011 962 rem
1034 906 1102 963 adeo
1125 922 1232 980 grauem
1255 923 1286 962 ae
1301 905 1483 980 periculosam
1500 905 1639 962 fecerants

331 993 364 1050 ab
387 990 479 1054 initio.
502 999 534 1047 ut
556 1008 650 1048 omues
672 990 759 1066 palam
782 991 916 1054 dicerent.
947 991 1089 1049 Pannonas
1112 991 1233 1065 Regnum
1261 998 1289 1046 et
1310 1007 1361 1048 nos
1383 989 1554 1048 Germaniam
1578 991 1624 1045 tri·

331 1079 385 1135 duo
413 1077 571 1132 amissuros.
615 1075 685 1146 Quid
713 1076 736 1132 si
765 1076 930 1133 Thurcarum
960 1076 1152 1150 Imperatorem
1181 1076 1325 1150 quesitum
1353 1075 1399 1133 diu
1433 1086 1461 1132 et
1490 1091 1624 1148 nusquam

334 1163 465 1220 hactenus
487 1171 625 1234 repertum
647 1161 773 1222 dixerim.
797 1178 840 1218 me
862 1177 895 1218 ne
917 1159 990 1218 diras
1012 1167 1157 1236 propterea
1180 1161 1353 1218 incursurum
1375 1161 1541 1219 credendum
1564 1159 1624 1216 ert?

265 1255 322 1308 ιιι
335 1239 528 1329 ξξξῗζῑῗιῷξωωξξς
550 1243 558 1312 Ι
581 1247 657 1320 atqui
679 1245 772 1304 literas
794 1245 861 1308 vidi,
883 1246 948 1309 ridi,
971 1246 1094 1320 iuquam,
1117 1245 1225 1310 literas,
1248 1263 1309 1320 qure
1330 1263 1363 1302 ex
1384 1245 1518 1303 balmaeia
1540 1261 1625 1318 nuper

334 1331 421 1390 allatae
443 1341 524 1395 sunt,
552 1331 651 1404 quibus
673 1329 891 1404 significabatur,
920 1348 974 1388 nou
1003 1331 1083 1388 medo
1112 1331 1247 1388 Phureum
1275 1330 1543 1406 Constantinopolim
1571 1345 1624 1384 nou
1633 1343 1655 1383 ιι

335 1415 461 1478 rediisse,
484 1415 532 1472 sed
554 1416 635 1472 etiam
657 1423 748 1473 utrum
770 1416 845 1472 rivus
867 1417 904 1472 sit
927 1433 960 1474 au
982 1424 1120 1480 mortuus,
1144 1433 1158 1472 ι
1181 1415 1320 1492 plerisque
1341 1415 1470 1474 dubitari.
1518 1414 1574 1489 lige
1596 1415 1623 1469 iu

336 1509 411 1559 tanta
433 1518 523 1558 rerum
546 1500 590 1556 vel·
609 1502 701 1574 potius
725 1501 925 1558 mendaciorum
946 1502 1075 1558 varietate
1103 1518 1152 1558 nec
1177 1501 1295 1576 probare
1324 1519 1374 1558 nee
1402 1501 1530 1558 refellere
1553 1499 1625 1574 quic·

254 1659 256 1664 ,
338 1603 417 1661 quam
440 1585 540 1643 audeo:
568 1585 664 1643 abeant
687 1585 812 1644 Thurere'
827 1587 855 1642 iu
878 1585 1022 1660 pessimam
1051 1587 1174 1642 crucem!
1204 1587 1227 1642 si
1254 1587 1420 1644 Pannoniam
1447 1585 1491 1642 vel
1520 1584 1625 1641 Germa-

338 1665 443 1745 ffffi',
464 1675 472 1744 Ι
494 1671 565 1728 niam
587 1670 743 1744 attigerint,
767 1688 861 1745 spere,
892 1671 943 1726 nisi
967 1670 1047 1728 nobis
1068 1670 1163 1729 deesse
1186 1671 1334 1734 ιοΙιιιιιιιι,ἱ
1357 1688 1411 1728 non
1433 1670 1626 1745 AEgyptiorum

270 1755 500 1826 §.rumolliciem
524 1755 569 1810 sed
592 1756 665 1812 viros
688 1763 715 1812 et
736 1756 849 1814 duratos
871 1756 935 1829 gelu
956 1765 984 1812 et
1006 1765 1131 1812 assuetos
1152 1757 1234 1814 armis
1257 1765 1423 1831 reperturos.
1469 1755 1553 1812 Sexta
1568 1755 1624 1810 ldus
1634 1767 1653 1806 ιι

338 1840 505 1916 Septembris
526 1840 636 1899 comitis
659 1839 749 1900 habita
772 1849 850 1903 suut,
873 1841 900 1896 iu
923 1840 1022 1915 quibus
1043 1841 1196 1915 Principes.
1228 1859 1287 1898 euru
1310 1842 1337 1897 iu
1358 1859 1440 1898 eausa
1461 1840 1544 1896 llueis
1559 1839 1626 1893 ll'ir·

332 1925 526 2000 'tenbergensis
547 1925 694 1996 hincinde
716 1926 800 1984 multa
824 1925 1026 1992 tractavissent,
1049 1925 1146 1984 Caesari
1169 1925 1371 2001 supplicarunt,
1394 1934 1424 1982 ιιι
1447 1943 1510 1982 eum
1533 1941 1567 1980 eo
1583 1924 1627 1979 mi·

226 2041 235 2060 ·
338 2011 393 2068 lius
414 2008 628 2084 clementiusque
650 2020 786 2084 ageretur.
830 2011 875 2084 qui
906 2011 941 2066 ιιι
971 2010 1145 2084 respondisse
1175 2013 1275 2068 fertur:
1303 2011 1378 2072 ..Etsi
1407 2027 1548 2084 nunquam
1577 2008 1625 2064 ulla

338 2087 583 2175 ssffifflfflff
605 2102 613 2174 Ι
635 2113 704 2159 ..nos
726 2095 857 2154 hactenus
880 2097 963 2154 movit
985 2113 1081 2157 causa.
1106 2105 1252 2154 utcontra
1275 2105 1396 2153 naturam
1417 2103 1541 2151 nostram
1557 2093 1627 2168 quie·

339 2197 437 2255 „quam
464 2197 622 2254 ageremus,
651 2188 738 2238 tamen
766 2181 910 2238 immatura
938 2180 1055 2238 bominis
1086 2181 1168 2238 huius
1196 2183 1265 2238 iacta
1292 2182 1329 2238 ιιι
1359 2180 1476 2240 animum
1506 2189 1654 2236 nostramet

240 2323 244 2330 ,
338 2265 571 2335 „inllammerunt,
601 2274 632 2323 ut
658 2265 782 2324 malimus
810 2284 824 2322 ι
852 2265 1048 2324 consuetudine
1076 2267 1226 2324 clementie
1254 2274 1357 2322 uostrae
1391 2265 1524 2322 decedere
1552 2281 1626 2338 quum

263 2409 264 2412 ,
339 2349 474 2414 „ulterius
497 2349 652 2408 turbulenta
675 2351 735 2408 eius
757 2350 869 2408 consilia
893 2352 1104 2424 immensamque
1126 2369 1192 2426 erga
1213 2351 1324 2408 domurn
1345 2349 1463 2406 Ausuiae
1485 2349 1627 2423 ingratitu-

339 2435 447 2499 „dinem
469 2437 585 2510 perpeti.
629 2435 784 2507 deferrem,
808 2435 831 2492 si
854 2436 912 2492 sine
934 2435 1153 2510 exprobrationis
1176 2435 1245 2494 vicio
1267 2435 1325 2492 lieri
1353 2443 1463 2510 posset,
1493 2441 1565 2508 quot
1585 2433 1627 2488 bc·

339 2519 514 2584 ..deliciorum
537 2537 637 2595 genera
658 2539 673 2576 a
693 2520 841 2578 maioribus
864 2521 967 2578 uostris
989 2528 1016 2578 et
1039 2539 1054 2579 ι
1076 2521 1155 2576 nobis
1171 2521 1198 2578 in
1213 2521 1282 2578 hanc
1297 2519 1424 2578 familiam
1438 2518 1540 2576 collata
1556 2518 1625 2580 sint:

342 2605 491 2669 ..referrem
519 2623 598 2680 quarn
625 2615 720 2680 gratus
744 2607 809 2670 iste,
838 2614 979 2680 antequam
1008 2625 1023 2662 ι
1049 2605 1182 2662 ιιιιιοιιιιιι
1210 2623 1323 2663 suorum
1350 2606 1450 2663 virtute
1472 2602 1652 2662 declinaretis

272 2690 439 2754 r.u·,.nohts
461 2708 569 2764 semper
591 2691 683 2748 luerit.
726 2691 779 2748 Sed
800 2709 879 2765 aequo
902 2699 976 2748 certe
999 2691 1089 2748 auimo
1112 2690 1330 2748 toleravissemns
1352 2689 1457 2752 omnia,
1481 2689 1536 2745 nisi
1556 2696 1626 2744 eleo

340 2782 503 2850 ..provectos
527 2775 638 2838 luisset,
663 2783 789 2851 tauquam
812 2784 916 2834 nostre
943 2777 1052 2850 penitus
1075 2775 1216 2833 immemor
1237 2775 1441 2836 benivolentiae.
1470 2773 1626 2848 imperiique

340 2860 470 2926 „llomsni
493 2867 617 2934 spretor,
642 2869 672 2918 ut
695 2879 755 2918 sese
777 2879 848 2918 nunc
870 2859 968 2924 Gallis,
997 2878 1069 2918 nune
1091 2859 1221 2918 llelveeiis
1243 2858 1389 2934 aliquando
1413 2859 1541 2916 iunxerit.
1577 2857 1626 2912 lios

341 2953 450 3012 „tamen
472 2944 581 3000 iuvenili
602 2945 662 3002 eius
685 2945 874 3020 imprudentiae
896 2955 1038 3020 parcentes
1066 2945 1195 3020 quasdam
1225 2946 1324 3004 iuturae
1356 2945 1512 3006 concordie
1541 2941 1626 2999 cendi·

343 3029 455 3093 ..tiones
477 3045 537 3085 cum
561 3046 593 3085 eo
617 3031 782 3104 pepigimus;
806 3031 854 3088 sed
876 3031 922 3087 ille
945 3030 1056 3105 perinde
1079 3037 1161 3104 atque
1190 3047 1278 3106 equus
1300 3031 1346 3107 qui
1369 3029 1485 3088 fraenum
1509 3029 1565 3103 pati
1586 3042 1651 3083 ress

341 3113 427 3178 ..seit,
450 3114 535 3188 fregit
557 3114 629 3171 illico
653 3115 756 3178 orinia,
785 3125 813 3173 et
836 3115 985 3172 iusiurandi
1012 3125 1041 3172 ct
1062 3124 1166 3173 nostre
1188 3115 1364 3173 authoritatis
1392 3131 1442 3190 per
1465 3111 1626 3170 reverendis·

341 3199 457 3263 ..simum
480 3198 642 3256 Gurcensem
664 3199 834 3276 interpositae
862 3207 1034 3274 contemptor
1055 3218 1131 3258 suam
1154 3201 1288 3258 feritatem
1310 3201 1392 3258 latius
1421 3199 1530 3273 evagari
1554 3213 1625 3271 quam

341 3291 454 3348 ..nostra
481 3284 580 3340 meruit
606 3283 750 3343 clementia
777 3303 876 3360 passus
904 3293 955 3342 ost.
999 3285 1132 3343 Ceterum
1161 3285 1185 3342 si
1214 3286 1241 3342 iu
1270 3303 1300 3341 re
1329 3283 1454 3360 quapiam
1483 3282 1547 3340 ledi
1568 3297 1626 3338 sea
1696 3269 1697 3336 l

342 3367 441 3432 „uobis
462 3376 555 3444 putat,
578 3377 625 3426 aut
649 3370 721 3444 quod
744 3371 833 3428 minus
857 3371 928 3428 iusto
950 3387 1078 3444 agamus,
1102 3369 1186 3433 adsit,
1209 3385 1335 3428 securum
1357 3369 1454 3426 damus
1470 3369 1585 3426 aditum:
1605 3364 1625 3419 si

343 3455 388 3518 ..in
410 3471 490 3512 eausa
513 3455 667 3529 superabit,
690 3455 870 3519 absolvimus,
893 3455 917 3512 si
939 3454 1003 3513 iacti
1025 3472 1101 3512 reum
1123 3455 1328 3517 convincemus,
1357 3471 1451 3529 peenas
1473 3453 1541 3509 luat.
1577 3451 1652 3506 esea

344 3544 461 3604 ..terum'
474 3540 581 3613 quando
604 3557 661 3598 suae
683 3540 871 3616 imprudentia
893 3539 1050 3615 penitebit,
1079 3540 1161 3598 etad
1184 3557 1235 3596 nos
1257 3539 1371 3616 supplex
1393 3539 1516 3604 venerit,
1545 3535 1625 3594 liubila

343 3624 389 3688 ..iu
411 3625 508 3699 primis
531 3625 563 3682 ab
587 3643 620 3682 eo
643 3626 675 3681 de
698 3625 747 3690 iis,
770 3643 840 3700 quos
862 3634 958 3682 contra
980 3624 1022 3680 ius
1044 3625 1141 3700 sasque
1164 3625 1248 3688 lesit,
1271 3626 1391 3686 ratione,
1423 3621 1514 3682 solitae
1536 3623 1561 3678 iu
1582 3633 1625 3675 nn·

272 3709 405 3772 §.sr.„bis
426 3709 578 3767 elementiae
599 3710 690 3768 locum
712 3729 741 3768 se
764 3718 937 3785 reperturum
960 3727 1020 3766 esse
1043 3709 1229 3784 pollicemur''.
1265 3710 1301 3765 ‘ln
1317 3709 1412 3766 iisdem
1426 3707 1548 3765 comitiis
1561 3723 1625 3780 qur·

340 3793 401 3853 dam
424 3794 506 3850 etde
529 3795 624 3852 ordine
647 3795 764 3856 Gamerae
787 3791 835 3871 (ita
856 3795 927 3852 enim
950 3794 1159 3852 consultationis
1182 3813 1268 3869 genus
1296 3791 1446 3870 appellant)
1474 3801 1534 3850 aeta
1561 3797 1623 3846 runt

341 3879 497 3954 insequenti
519 3879 562 3936 die
585 3881 719 3938 electores
740 3880 850 3938 comitia
870 3879 944 3954 ppud
966 3882 1096 3939 Caesarem
1119 3879 1280 3938 habuerunt.
1324 3879 1413 3936 Pridie
1434 3879 1500 3935 ldus
1515 3878 1650 3951 Septen-t·

341 3964 398 4020 bris
420 3961 569 4023 cirdudis
591 3966 677 4023 sancti
701 3966 782 4028 Sixti.
813 3974 908 4022 orator
935 3964 1043 4028 Galliae.
1075 3973 1200 4024 oratores
1227 3965 1302 4040 regis
1324 3964 1459 4032 Pelonim,
1491 3957 1623 4021 Cesariam

344 4047 438 4110 treis,
449 4057 480 4106 ut
502 4049 535 4106 de
558 4051 641 4108 rebus
656 4049 795 4108 'l'burcicis
818 4050 1016 4126 disceptarent,
1039 4051 1111 4125 apud
1126 4050 1378 4108 reverendissimum
1392 4048 1555 4106 Gemensem
1568 4059 1625 4100 eon·

274 4141 485 4195 §.mernerunt
540 4133 759 4194 illuderemus
782 4136 907 4194 Octobris
929 4133 1068 4211 Principes
1091 4152 1151 4192 cum
1173 4136 1246 4192 serio
1269 4151 1432 4210 responsum
1454 4131 1561 4194 Caesari
1581 4129 1622 4184 be

345 4218 415 4292 gatis
437 4235 469 4276 ae
489 4221 594 4278 ceteris
616 4221 777 4298 Oratoribus
799 4221 889 4279 daturi
912 4229 1017 4284 esseut,
1047 4219 1174 4296 (primum
1196 4220 1281 4282 enim.
1310 4227 1341 4276 ut
1363 4219 1415 4294 ipsi
1439 4223 1574 4278 asserunt,
1600 4213 1623 4268 in

411 4402 610 4456 'smmisuros
625 4407 680 4455 bt.
726 4403 744 4438 ¹¹
765 4404 825 4458 mii
842 4401 883 4470 rie
899 4408 925 4455 2.
965 4403 1090 4456 Mortuus
1109 4407 1151 4453 est
1169 4392 1621 4467 Setimus1.d.2a.sispes152]·

347 4487 367 4523 ¹¹
384 4487 577 4544 ιιιιιιιιιιιιι.
641 4486 662 4520 ¹⁴
677 4487 766 4554 aeltric
782 4493 808 4542 2.
843 4490 913 4550 ιι.
925 4487 967 4541 79.
977 4486 1021 4538 80.
1039 4503 1134 4553 supra,
1154 4486 1208 4538 vol.
1219 4488 1242 4540 1.
1255 4501 1280 4552 p.
1293 4485 1335 4538 Pb.
1350 4487 1435 4537 etism
1454 4481 1620 4537 exhibuimus
1696 4549 1697 4560 ἵ

347 4573 367 4607 ¹⁸
384 4574 580 4634 βιιιιιιιιιιιιιι.
626 4570 650 4606 ²¹
667 4575 732 4627 niati
748 4577 774 4626 2.
827 4571 849 4606 ¹⁸
867 4573 1167 4626 tollererissimusbt.
1203 4569 1226 4604 ⁸⁷
1242 4571 1363 4636 metemus
1381 4576 1407 4622 ι.
1460 4571 1584 4623 immam
1599 4565 1620 4612 ι.

346 4659 369 4694 ³⁰
387 4659 478 4710 froenu
490 4662 515 4710 ι.
533 4659 641 4710 frenum
660 4661 687 4711 8.
707 4660 831 4710 frosnum
844 4662 869 4710 4.
905 4658 928 4692 ⁸⁰
946 4657 1304 4724 Kommerperiebtrordnaap.
1340 4655 1363 4689 ⁴⁰
1381 4657 1414 4707 In
1432 4653 1552 4720 sequenti
1567 4649 1619 4700 edd

344 4742 366 4778 ⁴¹
385 4743 501 4800 Θιιιιιιι
512 4747 538 4798 2.
