3464 5526
332 409 380 480 24
476 437 598 475 ttvrrm
616 439 646 475 ΙΙ
664 438 756 475 ΜΟΕΙ
775 439 1052 477 minturnenses!
1066 438 1174 476 ORATIO
1192 441 1223 476 11.
1242 409 1394 477 ann-vttm.
1410 433 1468 475 itti.

218 604 221 612 ⁴
277 605 449 656 §.t-morum
472 593 636 654 facinorum
663 600 747 655 noma
776 595 818 656 sic
845 594 882 656 ab
911 612 943 656 se
970 593 1105 674 iugulate
1133 593 1326 674 impingebat!
1359 571 1558 665 'Onia‘enim
1583 602 1614 656 ut
1670 595 1674 605 ‘

333 695 465 775 medam
484 693 521 756 de
543 711 574 756 se
596 692 738 772 flagitiosa
761 701 790 756 et
816 714 831 756 a
859 695 965 776 quibus
987 698 1050 776 ipsa
1075 696 1245 774 longissime
1272 715 1389 776 semper
1411 695 1505 758 abfuit
1526 697 1614 758 conli-

331 801 460 866 teretur,
483 794 601 875 adigere
620 813 678 856 nen
700 797 809 876 potuit,
831 798 940 858 invenit
960 797 1018 859 beo
1040 797 1193 858 consilium
1213 796 1387 867 sceleratus,
1416 805 1449 860 ut
1469 805 1614 860 mortuam

330 916 413 960 ream
436 905 551 978 ageret,
575 904 605 959 et
630 902 700 958 tunc
724 905 889 968 accusaret,
918 899 1036 978 quando
1059 897 1099 961 illi
1122 899 1158 960 ad
1185 898 1338 985 dicendam
1364 917 1481 961 cansam
1514 899 1616 961 adesse

332 1017 391 1061 non
411 999 522 1062 liceret.
568 999 618 1061 ubi
640 999 854 1062 connivendum
881 999 952 1062 mibi
980 1001 1085 1071 eredo,
1115 1001 1194 1081 quod
1221 1002 1252 1062 in
1277 1021 1310 1062 ea
1339 1002 1442 1072 incidi,
1461 1019 1536 1082 guae
1558 1008 1635 1063 tame

292 1119 293 1122 ¹
332 1109 401 1163 sunt
422 1101 557 1162 omnibus
580 1109 663 1171 nom,
700 1121 786 1182 quam
811 1121 827 1164 a
850 1120 897 1164 me
926 1103 982 1164 diei
1011 1120 1070 1164 non
1099 1101 1262 1182 postulant,
1294 1109 1323 1166 et
1350 1104 1483 1183 quedam
1512 1107 1537 1165 si
1565 1103 1616 1164 ob·

333 1204 429 1264 nixius
448 1221 502 1286 ego
523 1221 783 1278 commemorem,¹
799 1211 894 1283 potest
919 1203 1006 1266 alicui
1032 1207 1160 1284 suspicio
1189 1205 1267 1275 lieri,
1302 1204 1419 1267 aliunde
1447 1206 1510 1267 baec
1532 1205 1616 1266 nobis

333 1307 416 1385 quasi
437 1305 542 1367 auxilia
563 1307 636 1384 peti,
660 1323 695 1366 ac
714 1324 840 1385 peregre
861 1308 1035 1368 accersitum
1058 1307 1136 1387 quod
1160 1307 1228 1369 huic
1241 1305 1445 1386 'patrocinetur
1463 1325 1568 1377 causae,
1591 1314 1618 1367 et

334 1406 443 1468 alienas
465 1403 642 1470 calamitates
664 1409 775 1472 nostrie
793 1407 957 1474 defectibus
971 1408 1075 1470 suffici.
1113 1409 1225 1469 accedit
1240 1409 1276 1469 ad
1297 1408 1354 1470 boc
1369 1409 1449 1489 quod
1468 1407 1533 1470 talia
1552 1415 1619 1470 sunt

313 1508 468 1588 ¹quaedam
488 1508 576 1572 buius
598 1510 742 1579 criminis,
772 1517 805 1572 ut
827 1528 883 1572 nee
910 1529 926 1572 a
955 1529 1003 1572 me
1032 1511 1089 1572 diei
1111 1527 1166 1572 uec
1182 1529 1207 1589 ‚a
1229 1510 1311 1572 vobis
1332 1511 1426 1572 audiri
1440 1512 1649 1572 ‘sustineantn

280 1609 379 1673 told
401 1617 530 1672 nostram
550 1611 668 1690 quidem
690 1631 807 1674 oausam
831 1613 908 1693 quod
932 1614 1073 1692 pertinet,
1104 1611 1170 1684 talis
1192 1612 1295 1674 iniuria
1322 1619 1382 1682 est,
1416 1617 1449 1674 ut
1473 1619 1619 1675 nontam

335 1710 462 1772 alienum
482 1712 518 1773 ad
541 1732 573 1774 se
594 1711 666 1774 nibil
692 1722 818 1795 querat,
846 1733 934 1796 quam
961 1733 1014 1776 sua
1038 1715 1238 1792 magnitudine
1264 1733 1300 1775 ac
1326 1716 1477 1776 atrocitate
1502 1699 1620 1776 omnem

336 1811 496 1883 diritatem,
520 1831 607 1877 omne
627 1815 724 1878 scelus
745 1819 848 1879 riocat.
885 1816 969 1887 Quod
992 1818 1045 1878 etsi
1065 1834 1239 1897 persuasum
1260 1818 1297 1878 ita
1316 1816 1399 1878 vobis
1420 1823 1501 1878 certo
1520 1819 1619 1888 sciam,

336 1916 414 1991 cogit
433 1933 480 1978 me
500 1922 598 1979 tamea
621 1916 820 1979 illustrissimae
841 1917 973 1980 mulieris
998 1918 1162 1988 calamitas,
1191 1925 1301 1987 restra,
1329 1917 1478 1980 fortissimi
1506 1919 1619 1989 iterari,

335 2019 484 2088 mestitia,
505 2035 571 2097 quse
592 2036 624 2080 se
647 2020 721 2080 miro
738 2020 865 2098 quodam
880 2020 940 2081 fato
954 2022 1063 2082 nostris
1081 2018 1164 2082 malis
1185 2019 1328 2091 adiunxit,
1350 2019 1478 2098 aliquam
1497 2019 1557 2081 buo
1572 2037 1651 2081 con

335 2117 507 2196 gitati'onum
526 2138 659 2182 mearum
679 2129 793 2201 partem
814 2120 962 2192 derivare;
990 2139 1049 2184 non
1080 2141 1139 2202 quo
1158 2139 1213 2183 nos
1234 2133 1372 2203 augeam,
1401 2121 1453 2183 sed
1477 2120 1543 2184 solo
1564 2121 1622 2183 lm·
1719 2141 1720 2186 t

335 2222 480 2284 manitatis
503 2223 608 2286 affectu
629 2221 731 2286 alienis
750 2223 955 2286 condolentem
978 2224 1072 2311 malis.
1115 2241 1206 2304 quare
1232 2223 1289 2284 hoc
1313 2224 1395 2294 dieo,
1422 2241 1481 2285 non
1513 2231 1622 2286 nostrae

324 2323 432 2391 banse
455 2326 632 2405 patrocinari
659 2325 737 2388 hanc
763 2344 869 2388 noram
896 2327 1128 2407 improbitatem,
1162 2326 1214 2388 sed
1242 2333 1260 2388 a
1287 2328 1396 2387 uostris
1417 2327 1516 2406 potius
1537 2325 1623 2388 malis

276 2436 322 2488 §.t
337 2434 537 2507 comparatam
556 2427 628 2510 buia
651 2429 748 2490 iidem.
789 2434 818 2490 et
836 2429 891 2490 nisi
913 2436 991 2490 tanta
1011 2429 1040 2489 in
1060 2445 1115 2490 nos
1134 2427 1305 2490 crudelitate
1325 2436 1443 2489 emnem
1462 2427 1499 2490 ab
1516 2445 1550 2489 se
1569 2429 1622 2490 hu·
1719 2435 1720 2512 i

336 2529 415 2592 mani
435 2530 544 2607 ingenii
567 2531 734 2611 opinionem
754 2533 881 2594 exuisset
902 2531 1032 2599 nefarius
1046 2530 1136 2600 latro,
1159 2549 1343 2612 nequaquam
1358 2528 1523 2591 inauribus
1538 2531 1654 2610 plen-eo

324 2631 454 2693 tissima
473 2634 591 2701 mauis,
615 2631 842 2696 fortissimorum
869 2633 994 2695 fratrum
1015 2633 1146 2696 haesuras
1168 2634 1308 2712 principis
1334 2632 1459 2700 faemina
1487 2630 1625 2710 querelas
1719 2645 1720 2712 ξ

336 2732 440 2802 fuisse,
463 2733 541 2813 quod
563 2751 650 2796 nemo
673 2741 782 2797 tanmm
803 2735 881 2797 banc
900 2735 1129 2816 asperitudinem
1150 2734 1290 2803 eredidit,
1317 2733 1412 2795 donec
1427 2733 1551 2795 aliunde
1573 2733 1624 2794 do·
1719 2757 1720 2796 i

337 2841 506 2900 numentum
528 2839 660 2928 accessit.
702 2835 824 2907 Quoties
844 2840 921 2900 enim
942 2837 988 2900 illa
1012 2839 1113 2907 matri,
1135 2839 1250 2918 quoties
1268 2833 1409 2896 iratribus
1429 2834 1505 2896 flens
1526 2855 1562 2897 ac
1584 2834 1625 2895 la·
1719 2921 1720 2926 γ

337 2935 494 3016 cbrymans
515 2945 625 3020 quaefsta
647 2945 692 3000 est
712 2959 746 3001 ea
770 2921 801 3002 se
818 2941 898 3020 apud
921 2941 1008 3001 istum
1030 2940 1145 3019 perpeti
1167 2955 1233 3018 que
1254 2938 1362 3000 diutius
1383 2937 1462 2998 ferre
1479 2955 1541 2998 non
1557 2955 1624 3017 pos·
1719 2973 1720 3030 3

337 3039 388 3108 sit,
413 3039 455 3101 sic
475 3039 512 3100 ab
534 3039 583 3102 illo
604 3042 738 3112 tractmi,
762 3049 795 3104 ut
817 3059 1023 3122 quamcunque
1044 3048 1170 3103 mortem
1193 3057 1281 3120 quam
1309 3040 1387 3102 banc
1414 3039 1503 3100 vitam
1533 3037 1623 3106 malit,
1633 3055 1655 3093 n
1719 3079 1720 3082 ,

338 3158 404 3201 enm
428 3140 469 3202 illi
488 3141 609 3205 meliora
631 3143 738 3215 indies,
766 3151 799 3205 ut
820 3163 875 3224 par
896 3151 973 3215 erat,
1004 3152 1157 3223 sperantes
1185 3141 1383 3204 consolatione
1409 3139 1577 3202 mulcerent
1598 3147 1626 3200 et

339 3245 530 3321 persuasione
550 3247 771 3316 confirmarent,
796 3247 985 3309 cohortantes
1006 3247 1121 3308 fortiter
1144 3245 1338 3313 baee‘ferret,
1362 3259 1452 3322 seque
1468 3244 1536 3322 ipsa
1556 3259 1625 3303 oon·

278 3354 325 3405 §.a
339 3345 459 3414 tineret,
483 3345 614 3410 futurum
629 3355 662 3408 ut
681 3348 816 3411 diuturna
832 3349 969 3429 patientia
988 3350 1155 3412 mitesceret
1176 3347 1344 3409 ferocientis
1359 3352 1467 3405 tumor.
1505 3343 1626 3406 intenm

337 3449 489 3510 nocturnis
509 3450 680 3530 diurnisque
701 3451 840 3530 precibus
862 3471 878 3512 a
899 3451 956 3514 deo
979 3454 1090 3534 optimo
1109 3452 1236 3511 maximo
1256 3448 1409 3510 meliorem
1425 3446 1466 3508 illi
1483 3453 1624 3515 mentem,

337 3549 469 3622 saniores
492 3546 633 3628 cogitatus
654 3555 765 3632 precati
786 3561 868 3622 sont:
891 3553 940 3615 illa
955 3571 1024 3616 rere
1044 3551 1114 3613 nibil
1134 3551 1299 3620 omittebat,
1324 3567 1383 3636 qno
1404 3547 1553 3609 infensam
1569 3547 1656 3609 sibiae

338 3652 475 3714 maritum
501 3652 644 3732 placaret,
668 3658 766 3718 omnia
792 3654 972 3719 familiariter
994 3673 1028 3715 ac
1050 3651 1157 3714 blande
1179 3670 1284 3732 agens,
1316 3650 1366 3712 illo
1395 3658 1497 3710 contra
1529 3649 1628 3711 verbis

282 3765 372 3815 §.tae
394 3753 566 3816 verberibus
587 3758 752 3835 ingruente.
786 3757 822 3818 m
844 3765 903 3827 est,
931 3764 964 3818 ut
985 3758 1091 3826 nostis,
1115 3756 1267 3824 Germani,
1292 3754 1362 3816 nibil
1385 3753 1471 3813 huius
1492 3729 1630 3814 rnnlieril

337 3857 432 3918 forma
452 3861 653 3936 prestantius,
676 3857 746 3920 nibil
766 3859 898 3921 moribus
924 3861 1054 3929 suavius,
1084 3858 1295 3920 consuetudine
1315 3854 1474 3918 blandinst‘
1494 3855 1535 3914 ita
1559 3871 1628 3933 spe·

338 3961 397 4022 cies
420 3967 469 4022 est·
487 3961 606 4030 eximia,
631 3963 669 4022 ita
695 3962 820 4023 ineunda
844 3963 1042 4030 con-versatim
1072 3963 1110 4022 ita
1133 3962 1229 4021 omnia
1255 3976 1321 4037 qnae
1343 3955 1412 4018 facit
1433 3973 1559 4035 quasque
1584 3954 1627 4015 lo·

338 4061 437 4138 quitur
454 4062 628 4140 perdocent,
649 4069 681 4124 ut
701 4082 777 4144 pene
796 4065 888 4144 magis
904 4065 1011 4125 mirum
1030 4063 1067 4125 sit
1089 4062 1166 4143 quod
1185 4061 1239 4122 has
1260 4059 1306 4121 ille
1325 4059 1408 4120 dotes
1422 4057 1520 4119 edisse
1536 4075 1658 4136 quamrs

283 4162 419 4238 §.equod
443 4161 520 4224 illius
541 4164 604 4226 hee
632 4165 834 4245 intemperiem
859 4165 938 4228 ferre
965 4165 1102 4246 potuerit.
1143 4163 1176 4226 ln
1202 4181 1258 4244 qua
1287 4169 1367 4223 certe
1394 4179 1461 4222 cum
1489 4157 1563 4219 nihil
1592 4159 1629 4218 sit

340 4281 400 4324 non
421 4264 624 4350 ardentissimo
648 4267 769 4347 dignum
790 4286 906 4338 amore,
930 4268 966 4331 ab
988 4267 1039 4329 illo
1060 4275 1161 4328 mmen
1182 4263 1280 4326 habita
1300 4269 1343 4324 est
1362 4251 1576 4326 intensissime:
1600 4267 1628 4320 et

340 4367 422 4428 cuius
444 4369 553 4448 nuptiis
573 4375 686 4431 tantum
705 4368 795 4431 decus
814 4379 965 4432 assecutus
984 4377 1062 4439 erat,
1093 4375 1233 4449 quantum
1256 4365 1285 4424 in
1308 4363 1385 4424 illam
1405 4362 1529 4424 domum
1552 4379 1627 4423 nnn·

340 4503 542 4514 ..α-’.-

406 4587 417 4621 ¹
435 4548 478 4640 Cf.
493 4588 783 4656 vol.1.p.9lt.rr.20.
798 4565 855 4658 qu.
910 4591 931 4625 ¹⁰
948 4597 978 4644 ut
1032 4591 1195 4642 sustineant.
1214 4602 1283 4637 corr.
1297 4592 1328 4636 tt.
1352 4599 1412 4650 quse
1427 4619 1444 4634 ..
1459 4579 1582 4634 sustinet.
1603 4586 1627 4633 1.

339 4673 360 4706 ¹⁷
378 4673 527 4726 condolens
544 4677 567 4726 1.
585 4692 654 4727 corr.
668 4683 697 4727 n.
767 4675 788 4710 ³³
807 4677 935 4729 blandius
953 4682 977 4730 1.
1008 4677 1150 4728 honestius
1168 4689 1234 4724 corr.
1248 4677 1277 4724 11.
1300 4673 1348 4722 sed
1365 4669 1535 4720 mobiliorem
1554 4685 1627 4736 most

310 4837 312 4840 Ι
334 4761 400 4826 suit,
419 4763 474 4812 baec
491 4766 576 4813 oratio
594 4761 713 4812 Sabinam
726 4765 838 4828 depingit
857 4763 954 4830 ntique.
1008 4760 1029 4795 ³⁴
1049 4759 1167 4811 irroranda
1187 4763 1210 4809 1.
1242 4756 1500 4810 amabilissimum
