3434 5512
218 487 353 522 nrcnannr
367 484 540 524 aauraornns
554 483 589 520 oa
602 481 747 520 convenas
760 481 934 520 auorarssar
948 481 1124 521 aasentrrro.
1138 482 1163 518 n.
1179 475 1236 518 tata.
1294 448 1368 522 267

94 643 214 721 templum
241 645 323 702 rebus
356 643 458 707 Caesar,
486 642 569 718 legati
596 661 627 700 ao
652 642 736 700 ceteri
758 643 896 718 principes
923 659 1022 716 magno
1050 641 1181 716 applausu
1203 637 1369 700 Cardinalem

93 730 272 804 llaguutinum
292 729 402 786 domum
423 745 510 804 usque
532 728 653 786 comitati
681 737 753 784 sunt.
797 729 842 784 ilie
870 736 959 784 autem
987 727 1227 801 advesperascente
1249 725 1436 783 durren-§.¹¹-

92 815 125 872 sia
143 815 224 872 duces
246 814 363 872 bavariaa
385 815 451 870 treis
472 813 691 888 complureisque
713 811 781 870 alios
804 813 940 887 principes
967 813 994 868 in
1021 829 1096 869 coeua
1119 811 1227 868 babuit:
1258 810 1369 885 epulum

94 900 153 956 satis
168 899 280 974 adipale
302 898 470 974 largiterque
492 899 592 956 datum.
637 897 766 972 Sequenti
790 914 854 954 vero
876 897 919 953 die
940 913 1001 954 oum
1023 897 1104 954 etiam
1128 895 1300 976 Treuerensis
1319 895 1370 950 Ar·

72 984 274 1059 adispiscapus
295 981 400 1042 elector
421 983 603 1046 adventasset.
627 982 654 1039 in
677 982 807 1040 urbanam
829 983 930 1039 curiam
953 999 1068 1044 omnes..
1084 991 1116 1038 ut
1137 981 1246 1055 aliquod
1264 979 1369 1037 tandem

92 1069 189 1127 initium
211 1068 294 1126 rebus
315 1069 441 1131 daretur,
462 1075 656 1126 convenerunt.
700 1067 766 1124 llum
789 1067 848 1124 hanc
870 1074 1034 1128 tractantur.
1064 1068 1133 1124 lama
1156 1065 1248 1123 attulit
1270 1065 1439 1140 prinei-§.¹²¹
1486 1109 1487 1112 ,

93 1170 135 1229 pes
154 1154 301 1211 Pannonio
323 1153 460 1210 intestinis
489 1153 559 1210 odiis
587 1169 642 1210 non
670 1153 856 1226 sine‘magno
883 1152 961 1225 regni
988 1152 1084 1210 discri·
1106 1159 1114 1232 Ι
1135 1141 1371 1234 ssfflgffmlffiiffl'

93 1239 156 1296 mina
177 1237 318 1296 laborare:
340 1255 402 1295 nam
423 1255 484 1296 oum
506 1239 585 1296 diaeta
614 1239 695 1296 etiam
717 1255 732 1293 a
754 1237 826 1310 Rege
854 1237 952 1294 indicta
981 1237 1092 1299 suisset,
1121 1245 1149 1294 et
1177 1237 1248 1292 inter
1274 1243 1373 1293 caetera

92 1323 237 1386 decretam,
270 1332 302 1381 ut
324 1322 474 1400 Episcopus
496 1322 694 1396 Vespruneasis
724 1321 757 1378 ds
786 1321 903 1379 rebusa
932 1339 961 1378 se
989 1331 1084 1380 contra
1108 1321 1235 1380 Thuroas
1253 1337 1304 1395 per
1330 1329 1373 1377 tot

70 1419 171 1464 'tannes
191 1403 294 1482 gestis.
315 1409 403 1482 deque
425 1408 555 1482 pecumb
571 1407 607 1464 ob
629 1425 687 1464 eam
709 1425 817 1464 causam
837 1407 970 1482 expositis
992 1407 1125 1464 rationem
1147 1407 1285 1469 redderet,
1313 1406 1371 1482 ipae

92 1493 301 1567 indignabundus
323 1511 383 1550 cum
407 1491 492 1550 valida
514 1491 630 1549 miliurm
652 1509 732 1550 manu
754 1492 825 1550 unda
846 1501 956 1550 venerat
972 1509 1096 1548 reversus
1112 1501 1168 1554 est,
1191 1500 1219 1548 et
1233 1499 1264 1546 ut
1279 1490 1372 1564 regui·

92 1577 157 1634 colas
177 1578 290 1635 omnino
312 1576 483 1641 molestaret.
506 1570 630 1634 meditari
653 1587 810 1651 acceperam
833 1576 981 1652 paulopost
1003 1585 1032 1632 et
1053 1576 1193 1638 Palatinus
1213 1575 1369 1640 llanubium,

91 1663 273 1736 ignorantibus
295 1663 400 1720 cunctis
415 1681 471 1738 quo
485 1671 560 1720 esset
574 1663 767 1737 protecturus,
791 1661 904 1719 traiecit.
942 1670 1087 1737 propterea
1102 1661 1214 1724 balbus,
1237 1661 1278 1718 vir
1292 1677 1370 1735 egre·
1381 1661 1453 1720 §.tas

95 1747 131 1820 gie
151 1748 262 1810 doctus,
284 1748 442 1805 Pannonum
465 1747 539 1822 regis
561 1755 669 1810 orator,
699 1747 770 1822 apud
792 1747 923 1806 Cesaram
946 1745 1077 1808 instabat,
1106 1755 1137 1802 ut
1163 1748 1244 1803 etium
1266 1745 1370 1802 Panno·
1443 1800 1446 1811 ,

68 1832 152 1889 *anicia
171 1832 254 1890 rebus
277 1833 472 1908 componendis
496 1849 606 1907 operam
628 1832 719 1894 daret,
749 1831 964 1906 hortabaturque
986 1849 1037 1907 pro
1066 1831 1151 1894 virili,
1181 1840 1211 1888 ut
1233 1832 1264 1888 ad
1287 1831 1371 1888 vicina

91 1915 225 1977 Pannonias
247 1917 310 1975 loea
331 1935 361 1974 se
384 1917 581 1992 quamprimum
604 1919 756 1976 conterret:
779 1917 839 1975 lore
861 1925 951 1974 autern
973 1925 1004 1974 ut
1019 1916 1131 1974 Caesaris
1151 1915 1266 1974 adventu
1282 1917 1372 1974 omnia

94 2001 119 2056 iu
139 2002 278 2060 meliorem
300 2010 402 2060 statum
424 2002 621 2076 redigerentur.
657 2002 685 2059 ln
701 2002 842 2060 Germania
865 2001 973 2066 iuterim
996 2001 1034 2058 nil
1056 2010 1146 2058 actum
1168 2010 1210 2058 est
1231 2001 1282 2058 nisi
1298 2001 1432 2075 quodi-tt

91 2087 202 2158 quadam
233 2088 347 2164 privatae
376 2085 591 2144 consultationes
621 2086 719 2144 habitae
749 2094 827 2150 sunt;
855 2085 1056 2143 illustrissimus
1084 2105 1149 2143 vero
1172 2086 1317 2144 Gurceasis
1344 2093 1372 2142 et

92 2170 229 2230 Cardinalis
252 2171 338 2230 sancti
360 2171 443 2236 sini.
467 2179 591 2229 oratores
614 2171 748 2246 pontilicis
771 2179 798 2228 et
814 2169 907 2228 Galliae
928 2171 962 2228 de
983 2171 1066 2228 rebus
1085 2172 1251 2229 Thuscarum
1274 2179 1371 2228 tracta·

66 2263 193 2321 narrant:
215 2257 405 2331 pomeridiano
427 2264 517 2314 autem
540 2265 809 2332 temperamentum
832 2257 899 2312 itum
922 2263 972 2312 est.
1009 2255 1047 2312 Ex
1066 2256 1194 2331 Hispania
1216 2273 1280 2312 vcro
1302 2263 1440 2314 nun-idt-

92 2341 152 2396 duro
174 2343 328 2418 accepimus
349 2342 514 2404 bannorum,
536 2340 663 2400 oatbolici
685 2342 767 2414 Regis
790 2358 928 2404 sororem,
951 2341 1063 2400 casaris
1086 2350 1209 2416 neptem,
1232 2339 1298 2415 llegi
1320 2340 1372 2396 bu·

91 2425 200 2489 sitaniaa.
224 2435 339 2484 mature
361 2427 452 2484 aetatis
472 2427 546 2490 uiro,
569 2428 596 2484 in
619 2425 820 2484 matrimonium
843 2426 946 2490 datam;
968 2443 1074 2484 necnon
1097 2434 1211 2501 propter
1232 2424 1371 2482 victoriam

92 2509 226 2582 pauloante
249 2513 277 2568 in
300 2511 416 2586 dpbrica
438 2511 557 2569 habitam
576 2513 716 2570 decretum
738 2511 809 2568 meru
831 2511 925 2568 laetitia
950 2510 1097 2586 quotannis
1110 2509 1310 2568 celebrandum.
1340 2511 1449 2579 intro„

91 2593 234 2659 Germania.
262 2604 301 2667 ut,
310 2599 446 2670 pontificii
466 2597 575 2654 tandem
597 2597 775 2661 audirentur.
803 2598 832 2652 in
853 2603 950 2652 sanata
969 2597 1130 2668 princepum
1153 2601 1299 2652 conventus
1320 2595 1372 2650 iro·

65 2677 152 2734 santo
171 2685 224 2742 eri.-
247 2682 345 2755 Legati
364 2681 461 2740 dea'nde
481 2680 546 2738 illuc
564 2681 688 2756 proiecti
699 2686 778 2743 sunt,
800 2684 912 2754 excepti
924 2684 953 2736 in
967 2683 1080 2760 attero}
1102 2673 1373 2762 ggqsslssfflffffllm

88 2772 164 2833 porto
188 2769 277 2824 cumae
304 2784 321 2822 aa
343 2765 520 2840 Musquordo
548 2783 599 2826 nott
622 2765 701 2822 Staio
730 2766 885 2838 Praeposito
912 2766 1125 2840 Bambergensi.
1156 2769 1215 2822 oiro
1239 2767 1322 2838 praui
1348 2771 1373 2822 et

91 2849 205 2920 cordato,
227 2855 277 2924 qui
298 2851 418 2909 cesana
439 2853 527 2908 iocum
549 2851 667 2914 tenebat,
696 2868 714 2906 u
737 2851 881 2910 cardinali
896 2851 1059 2924 Maquntino
1081 2867 1116 2908 uc
1137 2853 1246 2910 cceoeris
1262 2852 1371 2922 princi·

89 2932 164 3003 abus.
199 2947 224 2991 et
242 2938 336 3008 primo
358 2938 445 2993 literae
466 2944 493 2994 ct
513 2937 663 3010 &tornata
685 2938 835 3008 apostolica
857 2939 985 3002 remmia,
1007 2927 1105 3010 pacibus
1123 2937 1212 3008 ponti·
1235 2934 1242 3006 Ι
1264 2929 1364 3012 mg..
1381 2947 1438 3000 aar.

89 3015 136 3087 [aa
154 3024 293 3078 nummus
312 3022 487 3095 pnncapibus
502 3023 649 3079 Germania
668 3022 853 3096 significabat,
875 3039 929 3094 quo
942 3025 970 3078 in
981 3024 1108 3094 pericula
1123 3022 1279 3094 respublica
1293 3020 1373 3079 Cirri-
1393 3071 1400 3083 .,

66 3104 172 3160 osiana
188 3107 282 3179 masto
304 3113 379 3171 erat,
407 3113 434 3163 et
456 3113 609 3180 prowm
630 3122 700 3182 apua
721 3121 782 3164 essa
803 3113 942 3171 terimam
957 3109 1120 3181 principum
1148 3107 1262 3162 auxilio.
1306 3105 1372 3162 bor·

92 3187 190 3246 raiatia
207 3197 350 3263 praetereo
371 3195 459 3266 ipsos.
481 3200 512 3250 ut
532 3209 595 3252 cum
617 3194 671 3250 sint
688 3194 883 3266 potentissimi,
912 3199 938 3249 et
958 3209 1060 3264 mopso
1082 3193 1116 3248 de
1136 3208 1232 3248 eorum
1248 3191 1373 3263 potentio

90 3286 146 3344 iper
165 3277 198 3332 ob
218 3277 343 3336 amnibus
364 3285 496 3349 concepta
517 3281 564 3344 ait,
586 3280 667 3337 mian
686 3292 765 3336 mom
787 3279 912 3349 ipsorum
932 3279 1049 3351 qtoriont
1070 3293 1106 3333 oc
1119 3278 1259 3334 ammaon
1277 3277 1372 3347 reino-

92 3356 158 3414 lticoe
178 3361 343 3419 carnisne
364 3365 518 3435 respicere:
540 3363 677 3434 multaque
698 3379 760 3420 eum
781 3364 810 3418 in
831 3362 906 3418 bono
927 3365 1087 3419 sententiam
1106 3363 1221 3418 recisio
1241 3360 1370 3432 fuissent,
1380 3369 1440 3420 trs.

93 3441 237 3500 Cardinnlis
255 3449 348 3503 suncti
363 3447 438 3503 Sr'aati
449 3449 599 3504 orationem
617 3447 711 3508 nabau
724 3449 763 3503 ori
770 3449 917 3521 principes
930 3450 998 3503 satia
1013 3449 1070 3502 cul-
1086 3447 1094 3519 Ι
1109 3437 1318 3526 ffl'ffibffllffi'
1327 3447 1371 3474 '¹²'

68 3533 140 3583 trun
160 3530 187 3584 et
204 3533 247 3586 rei
267 3532 488 3602 monedulam,
517 3549 572 3604 quo
594 3531 701 3605 qstidm
723 3539 835 3604 captata
857 3535 941 3605 prius
962 3531 997 3588 ab
1024 3535 1063 3588 eis
1089 3533 1280 3600 beniuolentia,
1307 3545 1372 3585 cass

93 3625 118 3665 te
136 3611 214 3670 bonos
235 3618 351 3672 nmmos
373 3615 440 3690 sore
461 3617 577 3685 durren
605 3631 720 3676 eausam
747 3620 876 3689 exponit
904 3617 1080 3689 qsmnobem
1107 3617 1245 3683 merim,
1273 3615 1405 3672 somat-

93 3699 156 3766 quod
172 3701 328 3772 mutam
349 3703 501 3759 immiteret
521 3701 625 3758 nomini
645 3702 815 3762 t‘nrisuanas
841 3702 966 3773 protasii
993 3708 1083 3758 nedem
1105 3719 1122 3756 a
1144 3701 1263 3756 muris
1283 3713 1374 3771 nuper

93 3785 266 3840 ausonam
293 3785 469 3843 diurnarum
495 3794 575 3860 gente
600 3786 713 3848 Mittis:
742 3793 905 3860 argumenta
932 3787 1014 3845 aiom
1035 3787 1158 3859 sumpsit
1183 3798 1202 3842 α
1228 3783 1374 3844 uacuum

92 3870 196 3938 omno,
223 3869 404 3944 hortatusque
431 3875 486 3941 est,
513 3879 542 3928 ut
571 3871 770 3944 expeditarum
797 3877 894 3952 conto
918 3871 986 3944 fida·
1008 3871 1100 3928 tostas
1124 3875 1277 3941 sumerent,
1307 3884 1373 3926 cuin
1453 3875 1456 3880 '

150 4131 329 4188 ‘Richardus
347 4136 381 4187 de
400 4135 600 4190 Greiffanklnu.
653 4136 836 4190 *distaedet
874 4122 900 4170 '⁹
917 4153 966 4190 oon
988 4139 1114 4204 Vespasiani.
1162 4134 1183 4170 ¹⁸
1201 4138 1373 4202 Hieronymus

94 4213 186 4270 Bribra.
205 4219 527 4288 et.v01.1.p.ttta.n.u.
578 4219 601 4256 ²⁸
620 4222 657 4273 ci.
671 4219 732 4284 §.u
788 4219 810 4254 ¹³
828 4219 914 4272 illhuo
933 4225 1021 4274 tm.
1078 4221 1100 4255 ¹¹
1118 4222 1263 4288 Proposito
1282 4225 1372 4272 t.2.t.

92 4297 111 4330 ¹⁸
126 4301 272 4370 ‘Proposita
288 4311 317 4356 et
333 4309 456 4364 tractata
472 4306 567 4357 Romae
586 4321 604 4356 s
621 4307 730 4357 Summo
749 4306 884 4357 Pontifice
903 4312 932 4358 et
948 4323 1029 4360 sacro
1048 4307 1236 4358 Cardinsllum
1254 4306 1373 4374 collegio

93 4383 118 4432 in
133 4385 383 4442 consultationibus
400 4395 507 4442 sanotae
525 4391 724 4457 expeditionis,
744 4403 805 4456 quaa
824 4389 860 4443 ad
876 4391 1022 4459 Principes
1039 4391 1153 4458 Imperii
1165 4391 1301 4442 mittenda
1311 4391 1373 4442 visa

94 4474 159 4530 anat,
177 4487 268 4524 eornm
286 4489 393 4541 quoque
410 4475 557 4542 prudentis
575 4479 603 4526 at
621 4474 737 4526 consilio
756 4475 951 4538 examinands3
970 4477 1060 4542 siquid
1078 4477 1232 4528 addendum
1248 4476 1373 4527 minnan-

94 4549 336 4621 damascianam,
362 4559 561 4628 corrigendum.
586 4560 640 4610 Die
659 4558 700 4610 le.
712 4559 874 4610 Novembris
891 4561 1074 4612 bl.D.XV11.'
1099 4577 1159 4626 quaa
1178 4575 1261 4628 supra
1272 4577 1299 4627 p.
1314 4557 1370 4610 tto.

95 4643 355 4709 sqq-repetiturum.
392 4646 492 4697 Litaroe
505 4643 752 4700 Pontificistnsoto
765 4657 787 4697 a.
801 4645 991 4710 ampinana.
1038 4643 1060 4678 ¹³
1078 4645 1185 4696 laetitiae
1199 4649 1225 4696 3.
1278 4641 1371 4694 '‘ors-

95 4723 198 4789 lionern,
216 4743 296 4794 supra
312 4747 339 4796 p.
355 4727 411 4780 162.
423 4733 631 4796 appr-epatium.
650 4729 683 4780 In
700 4735 811 4783 suarm
828 4735 866 4780 eet
884 4731 948 4780 boa:
967 4729 1066 4780 Oratio
1080 4728 1237 4780 Cardinslis
1248 4727 1371 4778 moini.

94 4801 113 4838 '⁸
126 4807 270 4863 Tuscorum
287 4826 310 4866 a.
856 4815 861 4834 '
1227 4798 1239 4816 ⁸
