<?xml version="1.0" encoding="UTF-8"?>
<!DOCTYPE html PUBLIC "-//W3C//DTD XHTML 1.0 Transitional//EN"
    "http://www.w3.org/TR/xhtml1/DTD/xhtml1-transitional.dtd">
<html xmlns="http://www.w3.org/1999/xhtml" xml:lang="en" lang="en">
 <head>
  <title>
</title>
<meta http-equiv="Content-Type" content="text/html;charset=utf-8" />
  <meta name='ocr-system' content='tesseract 3.04.00' />
  <meta name='ocr-capabilities' content='ocr_page ocr_carea ocr_par ocr_line ocrx_word'/>
</head>
<body>
  <div class='ocr_page' id='page_1' title='image "./ulrichihuttenie12huttgoog_0458.png"; bbox 0 0 3468 5512; ppageno 0'>
   <div class='ocr_carea' id='block_1_1' title="bbox 372 412 1408 500">
    <p class='ocr_par' dir='ltr' id='par_1_1' title="bbox 372 412 1408 500">
     <span class='ocr_line' id='line_1_1' title="bbox 372 412 1408 500; baseline 0.013 -28"><span class='ocrx_word' id='word_1_1' title='bbox 372 437 426 480; x_wconf 75' lang='lat' dir='ltr'>Qvo</span> <span class='ocrx_word' id='word_1_2' title='bbox 439 438 514 474; x_wconf 76' lang='lat' dir='ltr'>alono</span> <span class='ocrx_word' id='word_1_3' title='bbox 528 439 684 478; x_wconf 57' lang='lat' dir='ltr'>mittamini</span> <span class='ocrx_word' id='word_1_4' title='bbox 699 440 762 500; x_wconf 73' lang='lat' dir='ltr'>Slll&#39;l&#39;</span> <span class='ocrx_word' id='word_1_5' title='bbox 775 441 804 476; x_wconf 79' lang='grc'>11</span> <span class='ocrx_word' id='word_1_6' title='bbox 818 439 976 492; x_wconf 72' lang='lat' dir='ltr'>cvntrtortn</span> <span class='ocrx_word' id='word_1_7' title='bbox 990 441 1043 478; x_wconf 76' lang='grc' dir='ltr'>11Ᾰο</span> <span class='ocrx_word' id='word_1_8' title='bbox 1057 441 1164 481; x_wconf 67' lang='grc'><strong>13111111.</strong></span> <span class='ocrx_word' id='word_1_9' title='bbox 1334 412 1408 484; x_wconf 76' lang='grc'>435</span> 
     </span>
    </p>
   </div>
   <div class='ocr_carea' id='block_1_2' title="bbox 76 590 1497 2916">
    <p class='ocr_par' dir='ltr' id='par_1_2' title="bbox 76 590 1497 2916">
     <span class='ocr_line' id='line_1_2' title="bbox 121 590 1411 662; baseline 0.005 -10"><span class='ocrx_word' id='word_1_10' title='bbox 121 591 165 652; x_wconf 87' lang='lat' dir='ltr'>cis</span> <span class='ocrx_word' id='word_1_11' title='bbox 187 591 293 652; x_wconf 84' lang='lat' dir='ltr'>iterum</span> <span class='ocrx_word' id='word_1_12' title='bbox 317 592 424 652; x_wconf 89' lang='lat' dir='ltr'>nostris</span> <span class='ocrx_word' id='word_1_13' title='bbox 444 590 546 653; x_wconf 83' lang='lat' dir='ltr'>herbis</span> <span class='ocrx_word' id='word_1_14' title='bbox 567 593 643 654; x_wconf 85' lang='lat' dir='ltr'>intra</span> <span class='ocrx_word' id='word_1_15' title='bbox 667 593 813 656; x_wconf 90' lang='lat' dir='ltr'>decimum</span> <span class='ocrx_word' id='word_1_16' title='bbox 836 602 886 658; x_wconf 88' lang='lat' dir='ltr'>aut</span> <span class='ocrx_word' id='word_1_17' title='bbox 907 594 1114 662; x_wconf 82' lang='lat' dir='ltr'>duodecimum</span> <span class='ocrx_word' id='word_1_18' title='bbox 1137 597 1215 660; x_wconf 87' lang='lat' dir='ltr'>diem</span> <span class='ocrx_word' id='word_1_19' title='bbox 1230 598 1303 658; x_wconf 86' lang='lat' dir='ltr'>citra</span> <span class='ocrx_word' id='word_1_20' title='bbox 1318 595 1411 658; x_wconf 84' lang='lat' dir='ltr'>labris</span> 
     </span>
     <span class='ocr_line' id='line_1_3' title="bbox 120 692 1479 763; baseline 0.004 -9"><span class='ocrx_word' id='word_1_21' title='bbox 120 697 234 754; x_wconf 89' lang='lat' dir='ltr'>metum</span> <span class='ocrx_word' id='word_1_22' title='bbox 262 692 419 763; x_wconf 81' lang='lat' dir='ltr'><strong>coaluisse,</strong></span> <span class='ocrx_word' id='word_1_23' title='bbox 448 698 518 755; x_wconf 88' lang='lat' dir='ltr'>‘non</span> <span class='ocrx_word' id='word_1_24' title='bbox 561 693 625 757; x_wconf 88' lang='lat' dir='ltr'>lieri</span> <span class='ocrx_word' id='word_1_25' title='bbox 647 696 809 756; x_wconf 88' lang='lat' dir='ltr'>secundnm</span> <span class='ocrx_word' id='word_1_26' title='bbox 838 714 966 758; x_wconf 87' lang='lat' dir='ltr'>canones</span> <span class='ocrx_word' id='word_1_27' title='bbox 992 697 1057 760; x_wconf 89' lang='lat' dir='ltr'>ista’</span> <span class='ocrx_word' id='word_1_28' title='bbox 1087 697 1260 762; x_wconf 75' lang='lat' dir='ltr'>dictitantes.</span> <span class='ocrx_word' id='word_1_29' title='bbox 1304 698 1341 760; x_wconf 81' lang='lat' dir='ltr'>Fa</span> <span class='ocrx_word' id='word_1_30' title='bbox 1359 700 1479 761; x_wconf 20' lang='lat' dir='ltr'>&#39;decia</span> 
     </span>
     <span class='ocr_line' id='line_1_4' title="bbox 120 784 1497 880; baseline 0.006 -26"><span class='ocrx_word' id='word_1_31' title='bbox 120 793 251 856; x_wconf 82' lang='lat' dir='ltr'>Guciaco</span> <span class='ocrx_word' id='word_1_32' title='bbox 273 813 351 856; x_wconf 90' lang='lat' dir='ltr'>nnnc</span> <span class='ocrx_word' id='word_1_33' title='bbox 373 796 451 858; x_wconf 89' lang='lat' dir='ltr'>idem</span> <span class='ocrx_word' id='word_1_34' title='bbox 473 797 615 868; x_wconf 86' lang='lat' dir='ltr'>sentiunt,</span> <span class='ocrx_word' id='word_1_35' title='bbox 645 798 727 860; x_wconf 90' lang='lat' dir='ltr'>cuius</span> <span class='ocrx_word' id='word_1_36' title='bbox 756 800 812 860; x_wconf 82' lang='lat' dir='ltr'>rim</span> <span class='ocrx_word' id='word_1_37' title='bbox 840 815 928 876; x_wconf 93' lang='lat' dir='ltr'>quam</span> <span class='ocrx_word' id='word_1_38' title='bbox 958 806 1043 862; x_wconf 89' lang='lat' dir='ltr'>acute</span> <span class='ocrx_word' id='word_1_39' title='bbox 1071 799 1249 878; x_wconf 88' lang='lat' dir='ltr'>intelligant,</span> <span class='ocrx_word' id='word_1_40' title='bbox 1280 808 1309 862; x_wconf 90' lang='lat' dir='ltr'>et</span> <span class='ocrx_word' id='word_1_41' title='bbox 1335 817 1411 880; x_wconf 90' lang='lat' dir='ltr'>quos</span> <span class='ocrx_word' id='word_1_42' title='bbox 1439 784 1444 793; x_wconf 63' lang='grc'><strong><em>’</em></strong></span> <span class='ocrx_word' id='word_1_43' title='bbox 1488 822 1497 839; x_wconf 93' lang='grc'><em>·</em></span> 
     </span>
     <span class='ocr_line' id='line_1_5' title="bbox 120 896 1410 974; baseline 0.006 -18"><span class='ocrx_word' id='word_1_44' title='bbox 120 896 159 956; x_wconf 92' lang='lat' dir='ltr'>de</span> <span class='ocrx_word' id='word_1_45' title='bbox 175 913 212 958; x_wconf 91' lang='lat' dir='ltr'>eo</span> <span class='ocrx_word' id='word_1_46' title='bbox 226 914 379 961; x_wconf 84' lang='lat' dir='ltr'>sermones</span> <span class='ocrx_word' id='word_1_47' title='bbox 401 897 511 960; x_wconf 88' lang='lat' dir='ltr'>babere</span> <span class='ocrx_word' id='word_1_48' title='bbox 533 897 662 969; x_wconf 79' lang='lat' dir='ltr'>soleant,</span> <span class='ocrx_word' id='word_1_49' title='bbox 686 918 721 960; x_wconf 86' lang='lat' dir='ltr'>ex</span> <span class='ocrx_word' id='word_1_50' title='bbox 744 899 835 962; x_wconf 90' lang='lat' dir='ltr'>nobili</span> <span class='ocrx_word' id='word_1_51' title='bbox 858 901 1009 964; x_wconf 87' lang='lat' dir='ltr'>cuiusdam</span> <span class='ocrx_word' id='word_1_52' title='bbox 1031 919 1091 964; x_wconf 88' lang='lat' dir='ltr'>non</span> <span class='ocrx_word' id='word_1_53' title='bbox 1116 904 1229 964; x_wconf 85' lang='lat' dir='ltr'>iuvenis</span> <span class='ocrx_word' id='word_1_54' title='bbox 1250 904 1307 964; x_wconf 91' lang='lat' dir='ltr'>iam</span> <span class='ocrx_word' id='word_1_55' title='bbox 1331 903 1410 974; x_wconf 89' lang='lat' dir='ltr'>dum,</span> 
     </span>
     <span class='ocr_line' id='line_1_6' title="bbox 95 981 1411 1081; baseline 0.006 -25"><span class='ocrx_word' id='word_1_56' title='bbox 95 1003 154 1058; x_wconf 83' lang='lat' dir='ltr'>aut</span> <span class='ocrx_word' id='word_1_57' title='bbox 177 1000 304 1076; x_wconf 80' lang='lat' dir='ltr'>experiri</span> <span class='ocrx_word' id='word_1_58' title='bbox 324 1001 457 1080; x_wconf 83' lang='lat' dir='ltr'>incipiat,</span> <span class='ocrx_word' id='word_1_59' title='bbox 489 999 541 1060; x_wconf 90' lang='lat' dir='ltr'>sed</span> <span class='ocrx_word' id='word_1_60' title='bbox 568 1018 651 1080; x_wconf 82' lang='lat' dir='ltr'>paene</span> <span class='ocrx_word' id='word_1_61' title='bbox 679 981 836 1081; x_wconf 81' lang='lat' dir='ltr'>decrepiti,</span> <span class='ocrx_word' id='word_1_62' title='bbox 866 1010 900 1064; x_wconf 92' lang='lat' dir='ltr'>ut</span> <span class='ocrx_word' id='word_1_63' title='bbox 920 1003 1113 1072; x_wconf 72' lang='lat' dir='ltr'>avicennam,</span> <span class='ocrx_word' id='word_1_64' title='bbox 1143 1003 1263 1066; x_wconf 84' lang='lat' dir='ltr'>blesuen</span> <span class='ocrx_word' id='word_1_65' title='bbox 1293 1011 1322 1066; x_wconf 88' lang='lat' dir='ltr'>et</span> <span class='ocrx_word' id='word_1_66' title='bbox 1343 1004 1411 1065; x_wconf 79' lang='lat' dir='ltr'>reli·</span> 
     </span>
     <span class='ocr_line' id='line_1_7' title="bbox 121 1101 1410 1185; baseline 0.005 -25"><span class='ocrx_word' id='word_1_67' title='bbox 121 1116 198 1177; x_wconf 87' lang='lat' dir='ltr'>quos</span> <span class='ocrx_word' id='word_1_68' title='bbox 219 1101 372 1162; x_wconf 85' lang='lat' dir='ltr'>medicinae</span> <span class='ocrx_word' id='word_1_69' title='bbox 394 1108 512 1164; x_wconf 83' lang='lat' dir='ltr'>autores</span> <span class='ocrx_word' id='word_1_70' title='bbox 533 1111 566 1163; x_wconf 91' lang='lat' dir='ltr'>ut</span> <span class='ocrx_word' id='word_1_71' title='bbox 587 1119 700 1180; x_wconf 88' lang='lat' dir='ltr'>ungues</span> <span class='ocrx_word' id='word_1_72' title='bbox 722 1121 791 1168; x_wconf 89' lang='lat' dir='ltr'>suos</span> <span class='ocrx_word' id='word_1_73' title='bbox 813 1102 920 1166; x_wconf 88' lang='lat' dir='ltr'>callere</span> <span class='ocrx_word' id='word_1_74' title='bbox 942 1105 1039 1183; x_wconf 90' lang='lat' dir='ltr'>ipsum</span> <span class='ocrx_word' id='word_1_75' title='bbox 1061 1105 1215 1185; x_wconf 80' lang='lat' dir='ltr'>probabile</span> <span class='ocrx_word' id='word_1_76' title='bbox 1237 1107 1338 1175; x_wconf 89' lang='lat' dir='ltr'>luerit,</span> <span class='ocrx_word' id='word_1_77' title='bbox 1362 1125 1410 1168; x_wconf 87' lang='lat' dir='ltr'>re·</span> 
     </span>
     <span class='ocr_line' id='line_1_8' title="bbox 122 1199 1411 1280; baseline 0.005 -19"><span class='ocrx_word' id='word_1_78' title='bbox 122 1219 234 1280; x_wconf 87' lang='lat' dir='ltr'>sponso</span> <span class='ocrx_word' id='word_1_79' title='bbox 257 1219 437 1280; x_wconf 76' lang='lat' dir='ltr'>cognoscere</span> <span class='ocrx_word' id='word_1_80' title='bbox 460 1203 555 1265; x_wconf 87' lang='lat' dir='ltr'>datur.</span> <span class='ocrx_word' id='word_1_81' title='bbox 593 1205 618 1264; x_wconf 94' lang='lat' dir='ltr'>is</span> <span class='ocrx_word' id='word_1_82' title='bbox 640 1205 717 1266; x_wconf 87' lang='lat' dir='ltr'>enim</span> <span class='ocrx_word' id='word_1_83' title='bbox 740 1223 806 1268; x_wconf 91' lang='lat' dir='ltr'>cum</span> <span class='ocrx_word' id='word_1_84' title='bbox 829 1199 955 1268; x_wconf 81' lang='lat' dir='ltr'>maxime</span> <span class='ocrx_word' id='word_1_85' title='bbox 978 1207 1041 1268; x_wconf 84' lang='lat' dir='ltr'>baeo</span> <span class='ocrx_word' id='word_1_86' title='bbox 1062 1213 1250 1277; x_wconf 87' lang='lat' dir='ltr'>annotarem,</span> <span class='ocrx_word' id='word_1_87' title='bbox 1273 1217 1303 1268; x_wconf 90' lang='lat' dir='ltr'>et</span> <span class='ocrx_word' id='word_1_88' title='bbox 1318 1208 1411 1270; x_wconf 82' lang='lat' dir='ltr'>Fran·</span> 
     </span>
     <span class='ocr_line' id='line_1_9' title="bbox 121 1303 1410 1388; baseline 0.005 -26"><span class='ocrx_word' id='word_1_89' title='bbox 121 1303 266 1376; x_wconf 88' lang='lat' dir='ltr'>colurdio,</span> <span class='ocrx_word' id='word_1_90' title='bbox 290 1305 341 1366; x_wconf 90' lang='lat' dir='ltr'>ubi</span> <span class='ocrx_word' id='word_1_91' title='bbox 364 1304 492 1385; x_wconf 81' lang='lat' dir='ltr'>&#39;Recipe’</span> <span class='ocrx_word' id='word_1_92' title='bbox 515 1305 617 1368; x_wconf 88' lang='lat' dir='ltr'>scribit</span> <span class='ocrx_word' id='word_1_93' title='bbox 637 1305 701 1378; x_wconf 91' lang='lat' dir='ltr'>ille,</span> <span class='ocrx_word' id='word_1_94' title='bbox 724 1309 780 1368; x_wconf 86' lang='lat' dir='ltr'>iter</span> <span class='ocrx_word' id='word_1_95' title='bbox 802 1307 940 1380; x_wconf 88' lang='lat' dir='ltr'>lacerem,</span> <span class='ocrx_word' id='word_1_96' title='bbox 964 1311 1161 1388; x_wconf 87' lang='lat' dir='ltr'>interrogatus</span> <span class='ocrx_word' id='word_1_97' title='bbox 1176 1309 1214 1370; x_wconf 88' lang='lat' dir='ltr'>ab</span> <span class='ocrx_word' id='word_1_98' title='bbox 1229 1313 1323 1370; x_wconf 88' lang='lat' dir='ltr'>amieo</span> <span class='ocrx_word' id='word_1_99' title='bbox 1339 1327 1410 1388; x_wconf 91' lang='lat' dir='ltr'>quo·</span> 
     </span>
     <span class='ocr_line' id='line_1_10' title="bbox 120 1397 1409 1490; baseline 0.004 -24"><span class='ocrx_word' id='word_1_100' title='bbox 120 1405 191 1466; x_wconf 92' lang='lat' dir='ltr'>dam</span> <span class='ocrx_word' id='word_1_101' title='bbox 212 1425 280 1471; x_wconf 88' lang='lat' dir='ltr'>mco</span> <span class='ocrx_word' id='word_1_102' title='bbox 302 1407 339 1468; x_wconf 88' lang='lat' dir='ltr'>de</span> <span class='ocrx_word' id='word_1_103' title='bbox 361 1408 488 1471; x_wconf 89' lang='lat' dir='ltr'>Guaiaco</span> <span class='ocrx_word' id='word_1_104' title='bbox 512 1397 581 1486; x_wconf 86' lang='lat' dir='ltr'>quid</span> <span class='ocrx_word' id='word_1_105' title='bbox 603 1407 723 1478; x_wconf 77' lang='lat' dir='ltr'>sentiat,</span> <span class='ocrx_word' id='word_1_106' title='bbox 748 1419 817 1471; x_wconf 87' lang='lat' dir='ltr'>‘non</span> <span class='ocrx_word' id='word_1_107' title='bbox 839 1411 905 1472; x_wconf 86' lang='lat' dir='ltr'>ridi’</span> <span class='ocrx_word' id='word_1_108' title='bbox 927 1413 1035 1490; x_wconf 91' lang='lat' dir='ltr'>inquit,</span> <span class='ocrx_word' id='word_1_109' title='bbox 1061 1411 1120 1472; x_wconf 88' lang='lat' dir='ltr'>‘sed</span> <span class='ocrx_word' id='word_1_110' title='bbox 1138 1409 1341 1490; x_wconf 86' lang='lat' dir='ltr'>qualecunque</span> <span class='ocrx_word' id='word_1_111' title='bbox 1357 1419 1409 1480; x_wconf 87' lang='lat' dir='ltr'>est,</span> 
     </span>
     <span class='ocr_line' id='line_1_11' title="bbox 84 1509 1410 1593; baseline 0.006 -27"><span class='ocrx_word' id='word_1_112' title='bbox 84 1513 240 1584; x_wconf 78' lang='lat' dir='ltr'>conportet</span> <span class='ocrx_word' id='word_1_113' title='bbox 261 1510 324 1572; x_wconf 89' lang='lat' dir='ltr'>eius</span> <span class='ocrx_word' id='word_1_114' title='bbox 346 1509 534 1572; x_wconf 88' lang='lat' dir='ltr'>considerare</span> <span class='ocrx_word' id='word_1_115' title='bbox 556 1510 685 1589; x_wconf 91' lang='lat' dir='ltr'>pondus,</span> <span class='ocrx_word' id='word_1_116' title='bbox 715 1510 860 1583; x_wconf 88' lang='lat' dir='ltr'>colorem,</span> <span class='ocrx_word' id='word_1_117' title='bbox 889 1513 1010 1574; x_wconf 90' lang='lat' dir='ltr'>odorem</span> <span class='ocrx_word' id='word_1_118' title='bbox 1033 1516 1062 1576; x_wconf 92' lang='lat' dir='ltr'>in</span> <span class='ocrx_word' id='word_1_119' title='bbox 1085 1513 1223 1593; x_wconf 86' lang='lat' dir='ltr'>qualitate</span> <span class='ocrx_word' id='word_1_120' title='bbox 1245 1521 1275 1574; x_wconf 90' lang='lat' dir='ltr'>et</span> <span class='ocrx_word' id='word_1_121' title='bbox 1296 1514 1410 1592; x_wconf 91' lang='lat' dir='ltr'>quanti·</span> 
     </span>
     <span class='ocr_line' id='line_1_12' title="bbox 119 1609 1477 1695; baseline 0.004 -24"><span class='ocrx_word' id='word_1_122' title='bbox 119 1609 198 1672; x_wconf 86' lang='lat' dir='ltr'>tate&#39;.</span> <span class='ocrx_word' id='word_1_123' title='bbox 242 1609 286 1672; x_wconf 90' lang='lat' dir='ltr'>lbi</span> <span class='ocrx_word' id='word_1_124' title='bbox 308 1619 406 1676; x_wconf 72' lang='lat' dir='ltr'>umen</span> <span class='ocrx_word' id='word_1_125' title='bbox 429 1629 484 1691; x_wconf 86' lang='lat' dir='ltr'>ego</span> <span class='ocrx_word' id='word_1_126' title='bbox 506 1619 557 1684; x_wconf 91' lang='lat' dir='ltr'>„at</span> <span class='ocrx_word' id='word_1_127' title='bbox 570 1611 686 1690; x_wconf 91' lang='lat' dir='ltr'>pondus</span> <span class='ocrx_word' id='word_1_128' title='bbox 702 1613 728 1674; x_wconf 90' lang='lat' dir='ltr'>ei</span> <span class='ocrx_word' id='word_1_129' title='bbox 744 1621 788 1674; x_wconf 88' lang='lat' dir='ltr'>est</span> <span class='ocrx_word' id='word_1_130' title='bbox 802 1632 954 1694; x_wconf 80' lang='lat' dir='ltr'>pergrave,</span> <span class='ocrx_word' id='word_1_131' title='bbox 979 1623 1007 1676; x_wconf 91' lang='lat' dir='ltr'>et</span> <span class='ocrx_word' id='word_1_132' title='bbox 1021 1617 1051 1677; x_wconf 89' lang='lat' dir='ltr'>in</span> <span class='ocrx_word' id='word_1_133' title='bbox 1066 1633 1141 1695; x_wconf 86' lang='lat' dir='ltr'>aqna</span> <span class='ocrx_word' id='word_1_134' title='bbox 1156 1615 1300 1694; x_wconf 83' lang='lat' dir='ltr'>mergitur</span> <span class='ocrx_word' id='word_1_135' title='bbox 1316 1632 1407 1692; x_wconf 89' lang='lat' dir='ltr'>quan·</span> <span class='ocrx_word' id='word_1_136' title='bbox 1418 1624 1437 1676; x_wconf 83' lang='lat' dir='ltr'>t.</span> <span class='ocrx_word' id='word_1_137' title='bbox 1447 1627 1477 1671; x_wconf 77' lang='lat' dir='ltr'>tt.</span> 
     </span>
     <span class='ocr_line' id='line_1_13' title="bbox 119 1713 1410 1797; baseline 0.006 -27"><span class='ocrx_word' id='word_1_138' title='bbox 119 1719 304 1790; x_wconf 91' lang='lat' dir='ltr'>tumcunque</span> <span class='ocrx_word' id='word_1_139' title='bbox 326 1715 459 1775; x_wconf 90' lang='lat' dir='ltr'>minutim</span> <span class='ocrx_word' id='word_1_140' title='bbox 483 1715 622 1783; x_wconf 89' lang='lat' dir='ltr'>incisum;</span> <span class='ocrx_word' id='word_1_141' title='bbox 652 1713 735 1776; x_wconf 88' lang='lat' dir='ltr'>color</span> <span class='ocrx_word' id='word_1_142' title='bbox 763 1718 812 1794; x_wconf 93' lang='lat' dir='ltr'>qui</span> <span class='ocrx_word' id='word_1_143' title='bbox 841 1716 920 1777; x_wconf 86' lang='lat' dir='ltr'>buxo</span> <span class='ocrx_word' id='word_1_144' title='bbox 943 1717 1020 1786; x_wconf 87' lang='lat' dir='ltr'>lere,</span> <span class='ocrx_word' id='word_1_145' title='bbox 1051 1716 1167 1797; x_wconf 91' lang='lat' dir='ltr'>oletque</span> <span class='ocrx_word' id='word_1_146' title='bbox 1189 1716 1314 1780; x_wconf 88' lang='lat' dir='ltr'>obscure</span> <span class='ocrx_word' id='word_1_147' title='bbox 1337 1719 1410 1779; x_wconf 87' lang='lat' dir='ltr'>resi·</span> 
     </span>
     <span class='ocr_line' id='line_1_14' title="bbox 119 1811 1409 1899; baseline 0.005 -25"><span class='ocrx_word' id='word_1_148' title='bbox 119 1829 247 1874; x_wconf 86' lang='lat' dir='ltr'>naccum</span> <span class='ocrx_word' id='word_1_149' title='bbox 269 1815 423 1894; x_wconf 87' lang='lat' dir='ltr'>quiddam:</span> <span class='ocrx_word' id='word_1_150' title='bbox 446 1818 503 1878; x_wconf 91' lang='lat' dir='ltr'>iam</span> <span class='ocrx_word' id='word_1_151' title='bbox 527 1826 557 1876; x_wconf 88' lang='lat' dir='ltr'>tu</span> <span class='ocrx_word' id='word_1_152' title='bbox 580 1817 637 1877; x_wconf 89' lang='lat' dir='ltr'>scis</span> <span class='ocrx_word' id='word_1_153' title='bbox 659 1818 749 1894; x_wconf 88' lang='lat' dir='ltr'>igitur</span> <span class='ocrx_word' id='word_1_154' title='bbox 771 1819 889 1880; x_wconf 86' lang='lat' dir='ltr'>Guaiaci</span> <span class='ocrx_word' id='word_1_155' title='bbox 912 1826 1015 1880; x_wconf 91' lang='lat' dir='ltr'>natura</span> <span class='ocrx_word' id='word_1_156' title='bbox 1039 1837 1104 1899; x_wconf 82' lang='lat' dir='ltr'>quae</span> <span class='ocrx_word' id='word_1_157' title='bbox 1127 1827 1156 1878; x_wconf 90' lang='lat' dir='ltr'>et</span> <span class='ocrx_word' id='word_1_158' title='bbox 1177 1811 1242 1899; x_wconf 80' lang='lat' dir='ltr'>q&#39;uae</span> <span class='ocrx_word' id='word_1_159' title='bbox 1257 1819 1336 1882; x_wconf 84' lang='lat' dir='ltr'>visl&#39;&#39;</span> <span class='ocrx_word' id='word_1_160' title='bbox 1358 1819 1409 1881; x_wconf 93' lang='lat' dir='ltr'>llle</span> 
     </span>
     <span class='ocr_line' id='line_1_15' title="bbox 119 1901 1409 1998; baseline 0.005 -24"><span class='ocrx_word' id='word_1_161' title='bbox 119 1914 219 1975; x_wconf 83' lang='lat' dir='ltr'>verbis</span> <span class='ocrx_word' id='word_1_162' title='bbox 240 1901 287 1978; x_wconf 72' lang='lat' dir='ltr'>me</span> <span class='ocrx_word' id='word_1_163' title='bbox 310 1902 473 1979; x_wconf 82' lang='lat' dir='ltr'>obtundere</span> <span class='ocrx_word' id='word_1_164' title='bbox 496 1917 616 1982; x_wconf 85' lang='lat' dir='ltr'>adortus</span> <span class='ocrx_word' id='word_1_165' title='bbox 639 1921 737 1981; x_wconf 89' lang='lat' dir='ltr'>nescio</span> <span class='ocrx_word' id='word_1_166' title='bbox 760 1919 829 1998; x_wconf 93' lang='lat' dir='ltr'>quid</span> <span class='ocrx_word' id='word_1_167' title='bbox 852 1939 888 1980; x_wconf 86' lang='lat' dir='ltr'>ex</span> <span class='ocrx_word' id='word_1_168' title='bbox 909 1919 1142 1998; x_wconf 72' lang='lat' dir='ltr'>predicamentis</span> <span class='ocrx_word' id='word_1_169' title='bbox 1158 1920 1320 1982; x_wconf 76' lang='lat' dir='ltr'>Aristotelis</span> <span class='ocrx_word' id='word_1_170' title='bbox 1342 1937 1409 1998; x_wconf 87' lang='lat' dir='ltr'>gar·</span> 
     </span>
     <span class='ocr_line' id='line_1_16' title="bbox 83 2011 1477 2103; baseline 0.004 -25"><span class='ocrx_word' id='word_1_171' title='bbox 83 2016 228 2079; x_wconf 75' lang='lat' dir='ltr'>uniebat.</span> <span class='ocrx_word' id='word_1_172' title='bbox 271 2017 347 2078; x_wconf 83' lang='lat' dir='ltr'>Turn</span> <span class='ocrx_word' id='word_1_173' title='bbox 370 2036 426 2097; x_wconf 90' lang='lat' dir='ltr'>ego</span> <span class='ocrx_word' id='word_1_174' title='bbox 449 2021 534 2088; x_wconf 88' lang='lat' dir='ltr'>„fleri</span> <span class='ocrx_word' id='word_1_175' title='bbox 556 2015 668 2099; x_wconf 83' lang='lat' dir='ltr'>potest,</span> <span class='ocrx_word' id='word_1_176' title='bbox 691 2011 795 2092; x_wconf 86' lang='lat' dir='ltr'>senex,</span> <span class='ocrx_word' id='word_1_177' title='bbox 818 2029 851 2082; x_wconf 91' lang='lat' dir='ltr'>ut</span> <span class='ocrx_word' id='word_1_178' title='bbox 873 2040 939 2082; x_wconf 85' lang='lat' dir='ltr'>cnm</span> <span class='ocrx_word' id='word_1_179' title='bbox 962 2039 1055 2084; x_wconf 82' lang='lat' dir='ltr'>novus</span> <span class='ocrx_word' id='word_1_180' title='bbox 1076 2025 1114 2084; x_wconf 89' lang='lat' dir='ltr'>sit</span> <span class='ocrx_word' id='word_1_181' title='bbox 1136 2022 1259 2083; x_wconf 88' lang='lat' dir='ltr'>morbus</span> <span class='ocrx_word' id='word_1_182' title='bbox 1273 2035 1477 2103; x_wconf 60' lang='lat' dir='ltr'>marquardi.</span> 
     </span>
     <span class='ocr_line' id='line_1_17' title="bbox 119 2117 1409 2201; baseline 0.006 -23"><span class='ocrx_word' id='word_1_183' title='bbox 119 2117 185 2180; x_wconf 87' lang='lat' dir='ltr'>baec</span> <span class='ocrx_word' id='word_1_184' title='bbox 208 2119 367 2197; x_wconf 81' lang='lat' dir='ltr'>medicina,</span> <span class='ocrx_word' id='word_1_185' title='bbox 397 2122 579 2200; x_wconf 87' lang='lat' dir='ltr'>incognitum</span> <span class='ocrx_word' id='word_1_186' title='bbox 608 2130 701 2182; x_wconf 90' lang='lat' dir='ltr'>totum</span> <span class='ocrx_word' id='word_1_187' title='bbox 722 2121 819 2184; x_wconf 89' lang='lat' dir='ltr'>adhuc</span> <span class='ocrx_word' id='word_1_188' title='bbox 846 2123 932 2186; x_wconf 90' lang='lat' dir='ltr'>nobis</span> <span class='ocrx_word' id='word_1_189' title='bbox 954 2124 1103 2201; x_wconf 89' lang='lat' dir='ltr'>negotium</span> <span class='ocrx_word' id='word_1_190' title='bbox 1126 2124 1213 2184; x_wconf 68' lang='lat' dir='ltr'>sit&#39;&#39;.”</span> <span class='ocrx_word' id='word_1_191' title='bbox 1234 2124 1341 2186; x_wconf 83' lang='lat' dir='ltr'>‘Erras&#39;</span> <span class='ocrx_word' id='word_1_192' title='bbox 1363 2127 1409 2186; x_wconf 90' lang='lat' dir='ltr'>in·</span> 
     </span>
     <span class='ocr_line' id='line_1_18' title="bbox 119 2223 1410 2305; baseline 0.004 -24"><span class='ocrx_word' id='word_1_193' title='bbox 119 2223 192 2300; x_wconf 89' lang='lat' dir='ltr'>quit,</span> <span class='ocrx_word' id='word_1_194' title='bbox 216 2231 284 2285; x_wconf 85' lang='lat' dir='ltr'>‘non</span> <span class='ocrx_word' id='word_1_195' title='bbox 307 2241 400 2284; x_wconf 85' lang='lat' dir='ltr'>novus</span> <span class='ocrx_word' id='word_1_196' title='bbox 422 2231 467 2286; x_wconf 91' lang='lat' dir='ltr'>est</span> <span class='ocrx_word' id='word_1_197' title='bbox 484 2223 620 2292; x_wconf 80' lang='lat' dir='ltr'>morbus,</span> <span class='ocrx_word' id='word_1_198' title='bbox 644 2243 711 2286; x_wconf 91' lang='lat' dir='ltr'>cum</span> <span class='ocrx_word' id='word_1_199' title='bbox 734 2225 770 2286; x_wconf 92' lang='lat' dir='ltr'>de</span> <span class='ocrx_word' id='word_1_200' title='bbox 793 2223 841 2284; x_wconf 90' lang='lat' dir='ltr'>illo</span> <span class='ocrx_word' id='word_1_201' title='bbox 863 2224 973 2286; x_wconf 86' lang='lat' dir='ltr'>scribat</span> <span class='ocrx_word' id='word_1_202' title='bbox 994 2223 1122 2286; x_wconf 88' lang='lat' dir='ltr'>Plinius’.</span> <span class='ocrx_word' id='word_1_203' title='bbox 1167 2224 1278 2305; x_wconf 84' lang='lat' dir='ltr'>Cupide</span> <span class='ocrx_word' id='word_1_204' title='bbox 1293 2226 1323 2286; x_wconf 92' lang='lat' dir='ltr'>id</span> <span class='ocrx_word' id='word_1_205' title='bbox 1338 2225 1410 2287; x_wconf 91' lang='lat' dir='ltr'>mihi</span> 
     </span>
     <span class='ocr_line' id='line_1_19' title="bbox 119 2323 1409 2406; baseline 0.003 -22"><span class='ocrx_word' id='word_1_206' title='bbox 119 2323 287 2393; x_wconf 82' lang='lat' dir='ltr'>accidebat,</span> <span class='ocrx_word' id='word_1_207' title='bbox 317 2325 419 2386; x_wconf 90' lang='lat' dir='ltr'>audire</span> <span class='ocrx_word' id='word_1_208' title='bbox 447 2325 554 2386; x_wconf 87' lang='lat' dir='ltr'>volenti</span> <span class='ocrx_word' id='word_1_209' title='bbox 576 2325 654 2405; x_wconf 93' lang='lat' dir='ltr'>apud</span> <span class='ocrx_word' id='word_1_210' title='bbox 675 2325 800 2387; x_wconf 90' lang='lat' dir='ltr'>Plinium</span> <span class='ocrx_word' id='word_1_211' title='bbox 823 2327 893 2404; x_wconf 93' lang='lat' dir='ltr'>quid</span> <span class='ocrx_word' id='word_1_212' title='bbox 916 2324 1091 2404; x_wconf 88' lang='lat' dir='ltr'>intelligeret</span> <span class='ocrx_word' id='word_1_213' title='bbox 1112 2328 1174 2405; x_wconf 90' lang='lat' dir='ltr'>ipse</span> <span class='ocrx_word' id='word_1_214' title='bbox 1197 2327 1276 2406; x_wconf 92' lang='lat' dir='ltr'>quod</span> <span class='ocrx_word' id='word_1_215' title='bbox 1298 2347 1345 2389; x_wconf 91' lang='lat' dir='ltr'>me</span> <span class='ocrx_word' id='word_1_216' title='bbox 1368 2328 1409 2388; x_wconf 88' lang='lat' dir='ltr'>la·</span> 
     </span>
     <span class='ocr_line' id='line_1_20' title="bbox 118 2425 1407 2508; baseline 0.005 -24"><span class='ocrx_word' id='word_1_217' title='bbox 118 2431 211 2494; x_wconf 85' lang='lat' dir='ltr'>teret.</span> <span class='ocrx_word' id='word_1_218' title='bbox 235 2425 417 2506; x_wconf 81' lang='lat' dir='ltr'>quaesitoque</span> <span class='ocrx_word' id='word_1_219' title='bbox 437 2426 548 2506; x_wconf 82' lang='lat' dir='ltr'>Plinius</span> <span class='ocrx_word' id='word_1_220' title='bbox 569 2445 629 2507; x_wconf 91' lang='lat' dir='ltr'>quo</span> <span class='ocrx_word' id='word_1_221' title='bbox 651 2428 770 2488; x_wconf 90' lang='lat' dir='ltr'>nomine</span> <span class='ocrx_word' id='word_1_222' title='bbox 791 2427 928 2490; x_wconf 91' lang='lat' dir='ltr'>morbum</span> <span class='ocrx_word' id='word_1_223' title='bbox 943 2428 1023 2490; x_wconf 91' lang='lat' dir='ltr'>bunc</span> <span class='ocrx_word' id='word_1_224' title='bbox 1038 2428 1179 2508; x_wconf 91' lang='lat' dir='ltr'>appellet,</span> <span class='ocrx_word' id='word_1_225' title='bbox 1205 2428 1407 2506; x_wconf 87' lang='lat' dir='ltr'>‘mentagram’</span> 
     </span>
     <span class='ocr_line' id='line_1_21' title="bbox 76 2526 1477 2608; baseline 0.003 -20"><span class='ocrx_word' id='word_1_226' title='bbox 76 2528 232 2608; x_wconf 80' lang='lat' dir='ltr'>auinquit,</span> <span class='ocrx_word' id='word_1_227' title='bbox 255 2529 332 2608; x_wconf 84' lang='lat' dir='ltr'>‘quia</span> <span class='ocrx_word' id='word_1_228' title='bbox 354 2535 439 2590; x_wconf 80' lang='lat' dir='ltr'>verat</span> <span class='ocrx_word' id='word_1_229' title='bbox 460 2526 608 2590; x_wconf 86' lang='lat' dir='ltr'>mentem&#39;.</span> <span class='ocrx_word' id='word_1_230' title='bbox 653 2527 749 2598; x_wconf 84' lang='lat' dir='ltr'>„Tum</span> <span class='ocrx_word' id='word_1_231' title='bbox 771 2529 819 2591; x_wconf 89' lang='lat' dir='ltr'>alii</span> <span class='ocrx_word' id='word_1_232' title='bbox 840 2528 954 2590; x_wconf 84' lang='lat' dir='ltr'>morbi&#39;</span> <span class='ocrx_word' id='word_1_233' title='bbox 977 2529 1110 2594; x_wconf 88' lang='lat' dir='ltr'>dicebam</span> <span class='ocrx_word' id='word_1_234' title='bbox 1133 2549 1213 2602; x_wconf 89' lang='lat' dir='ltr'>„non</span> <span class='ocrx_word' id='word_1_235' title='bbox 1236 2539 1477 2596; x_wconf 74' lang='lat' dir='ltr'>vesanientes.</span> 
     </span>
     <span class='ocr_line' id='line_1_22' title="bbox 117 2629 1477 2712; baseline 0.003 -22"><span class='ocrx_word' id='word_1_236' title='bbox 117 2629 298 2710; x_wconf 88' lang='lat' dir='ltr'>perturbant</span> <span class='ocrx_word' id='word_1_237' title='bbox 318 2638 446 2692; x_wconf 89' lang='lat' dir='ltr'>mentem</span> <span class='ocrx_word' id='word_1_238' title='bbox 469 2632 575 2711; x_wconf 83' lang='lat' dir='ltr'>igiturl</span> <span class='ocrx_word' id='word_1_239' title='bbox 603 2638 654 2693; x_wconf 86' lang='lat' dir='ltr'>aut</span> <span class='ocrx_word' id='word_1_240' title='bbox 682 2648 740 2692; x_wconf 89' lang='lat' dir='ltr'>non</span> <span class='ocrx_word' id='word_1_241' title='bbox 763 2633 856 2710; x_wconf 92' lang='lat' dir='ltr'>magis</span> <span class='ocrx_word' id='word_1_242' title='bbox 878 2631 989 2693; x_wconf 84' lang='lat' dir='ltr'>laniunt</span> <span class='ocrx_word' id='word_1_243' title='bbox 1017 2631 1073 2694; x_wconf 91' lang='lat' dir='ltr'>hoo</span> <span class='ocrx_word' id='word_1_244' title='bbox 1101 2633 1272 2712; x_wconf 83' lang='lat' dir='ltr'>phrenesis,</span> <span class='ocrx_word' id='word_1_245' title='bbox 1299 2635 1406 2701; x_wconf 89' lang='lat' dir='ltr'>mania,</span> <span class='ocrx_word' id='word_1_246' title='bbox 1474 2682 1477 2694; x_wconf 93' lang='lat'>.</span> 
     </span>
     <span class='ocr_line' id='line_1_23' title="bbox 118 2731 1407 2814; baseline -0.001 -18"><span class='ocrx_word' id='word_1_247' title='bbox 118 2732 289 2804; x_wconf 87' lang='lat' dir='ltr'>comitialis,</span> <span class='ocrx_word' id='word_1_248' title='bbox 319 2741 347 2796; x_wconf 90' lang='lat' dir='ltr'>et</span> <span class='ocrx_word' id='word_1_249' title='bbox 375 2732 495 2812; x_wconf 79' lang='lat' dir='ltr'>relique</span> <span class='ocrx_word' id='word_1_250' title='bbox 517 2735 623 2796; x_wconf 85' lang='lat' dir='ltr'>mentis</span> <span class='ocrx_word' id='word_1_251' title='bbox 645 2740 790 2812; x_wconf 84' lang='lat' dir='ltr'>capturae,</span> <span class='ocrx_word' id='word_1_252' title='bbox 818 2753 905 2814; x_wconf 87' lang='lat' dir='ltr'>quam</span> <span class='ocrx_word' id='word_1_253' title='bbox 928 2733 1053 2796; x_wconf 90' lang='lat' dir='ltr'>morbus</span> <span class='ocrx_word' id='word_1_254' title='bbox 1072 2731 1237 2796; x_wconf 79' lang='lat' dir='ltr'>Gallicust&#39;’</span> <span class='ocrx_word' id='word_1_255' title='bbox 1280 2733 1332 2796; x_wconf 96' lang='lat' dir='ltr'>lllo</span> <span class='ocrx_word' id='word_1_256' title='bbox 1356 2751 1407 2795; x_wconf 89' lang='lat' dir='ltr'>ne·</span> 
     </span>
     <span class='ocr_line' id='line_1_24' title="bbox 117 2835 1408 2916; baseline 0 -20"><span class='ocrx_word' id='word_1_257' title='bbox 117 2837 181 2896; x_wconf 87' lang='lat' dir='ltr'>scio</span> <span class='ocrx_word' id='word_1_258' title='bbox 205 2836 274 2916; x_wconf 91' lang='lat' dir='ltr'>qnid</span> <span class='ocrx_word' id='word_1_259' title='bbox 296 2838 523 2916; x_wconf 89' lang='lat' dir='ltr'>interpretante,</span> <span class='ocrx_word' id='word_1_260' title='bbox 553 2835 669 2897; x_wconf 89' lang='lat' dir='ltr'>subdidi</span> <span class='ocrx_word' id='word_1_261' title='bbox 691 2835 860 2910; x_wconf 67' lang='lat' dir='ltr'>„brecco</span> <span class='ocrx_word' id='word_1_262' title='bbox 882 2854 987 2907; x_wconf 84' lang='lat' dir='ltr'>senex,</span> <span class='ocrx_word' id='word_1_263' title='bbox 1008 2837 1131 2898; x_wconf 86' lang='lat' dir='ltr'>cautius</span> <span class='ocrx_word' id='word_1_264' title='bbox 1153 2835 1349 2915; x_wconf 90' lang='lat' dir='ltr'>respondere,</span> <span class='ocrx_word' id='word_1_265' title='bbox 1377 2837 1408 2896; x_wconf 89' lang='lat' dir='ltr'>in</span> 
     </span>
    </p>
   </div>
   <div class='ocr_carea' id='block_1_3' title="bbox 75 3037 1477 3699">
    <p class='ocr_par' dir='ltr' id='par_1_3' title="bbox 76 3037 1477 3190">
     <span class='ocr_line' id='line_1_25' title="bbox 115 3037 1477 3108; baseline 0.001 -16"><span class='ocrx_word' id='word_1_266' title='bbox 115 3047 148 3093; x_wconf 79' lang='lat' dir='ltr'>bc</span> <span class='ocrx_word' id='word_1_267' title='bbox 166 3041 209 3104; x_wconf 82' lang='lat' dir='ltr'>bro</span> <span class='ocrx_word' id='word_1_268' title='bbox 226 3049 252 3104; x_wconf 79' lang='lat' dir='ltr'>n3</span> <span class='ocrx_word' id='word_1_269' title='bbox 269 3040 368 3106; x_wconf 69' lang='lat' dir='ltr'>aridate</span> <span class='ocrx_word' id='word_1_270' title='bbox 385 3043 425 3093; x_wconf 83' lang='lat' dir='ltr'>att</span> <span class='ocrx_word' id='word_1_271' title='bbox 443 3042 497 3104; x_wconf 70' lang='lat' dir='ltr'>aab</span> <span class='ocrx_word' id='word_1_272' title='bbox 516 3041 553 3092; x_wconf 75' lang='lat' dir='ltr'>iri</span> <span class='ocrx_word' id='word_1_273' title='bbox 572 3039 684 3104; x_wconf 64' lang='lat' dir='ltr'>tironi,</span> <span class='ocrx_word' id='word_1_274' title='bbox 707 3045 746 3094; x_wconf 83' lang='lat' dir='ltr'>ota</span> <span class='ocrx_word' id='word_1_275' title='bbox 763 3043 796 3108; x_wconf 74' lang='lat' dir='ltr'>lie</span> <span class='ocrx_word' id='word_1_276' title='bbox 813 3043 869 3104; x_wconf 79' lang='lat' dir='ltr'>oud)</span> <span class='ocrx_word' id='word_1_277' title='bbox 887 3041 943 3105; x_wconf 68' lang='lat' dir='ltr'>ierat</span> <span class='ocrx_word' id='word_1_278' title='bbox 962 3039 994 3094; x_wconf 75' lang='lat' dir='ltr'>oi</span> <span class='ocrx_word' id='word_1_279' title='bbox 1008 3041 1082 3106; x_wconf 73' lang='lat' dir='ltr'>bifera</span> <span class='ocrx_word' id='word_1_280' title='bbox 1101 3043 1164 3104; x_wconf 71' lang='lat' dir='ltr'>autc</span> <span class='ocrx_word' id='word_1_281' title='bbox 1183 3044 1251 3102; x_wconf 70' lang='lat' dir='ltr'>toi,</span> <span class='ocrx_word' id='word_1_282' title='bbox 1272 3049 1313 3093; x_wconf 76' lang='lat' dir='ltr'>ars</span> <span class='ocrx_word' id='word_1_283' title='bbox 1332 3037 1477 3103; x_wconf 69' lang='lat' dir='ltr'>leniatis.</span> 
     </span>
     <span class='ocr_line' id='line_1_26' title="bbox 76 3121 1409 3190; baseline 0.002 -18"><span class='ocrx_word' id='word_1_284' title='bbox 76 3134 107 3172; x_wconf 75' lang='lat' dir='ltr'>aa</span> <span class='ocrx_word' id='word_1_285' title='bbox 120 3126 154 3188; x_wconf 77' lang='lat' dir='ltr'>[ir</span> <span class='ocrx_word' id='word_1_286' title='bbox 172 3126 213 3178; x_wconf 84' lang='lat' dir='ltr'>ait</span> <span class='ocrx_word' id='word_1_287' title='bbox 231 3125 260 3178; x_wconf 83' lang='lat' dir='ltr'>io</span> <span class='ocrx_word' id='word_1_288' title='bbox 277 3126 354 3189; x_wconf 74' lang='lat' dir='ltr'>iungi</span> <span class='ocrx_word' id='word_1_289' title='bbox 372 3131 427 3190; x_wconf 71' lang='lat' dir='ltr'>tort</span> <span class='ocrx_word' id='word_1_290' title='bbox 445 3129 547 3178; x_wconf 76' lang='grc' dir='ltr'>ιτιιτιιιι</span> <span class='ocrx_word' id='word_1_291' title='bbox 565 3125 638 3190; x_wconf 72' lang='lat' dir='ltr'>icti,</span> <span class='ocrx_word' id='word_1_292' title='bbox 662 3127 732 3189; x_wconf 68' lang='lat' dir='ltr'>lunt*</span> <span class='ocrx_word' id='word_1_293' title='bbox 751 3127 778 3179; x_wconf 88' lang='lat' dir='ltr'>io</span> <span class='ocrx_word' id='word_1_294' title='bbox 794 3131 823 3179; x_wconf 77' lang='lat' dir='ltr'>bi</span> <span class='ocrx_word' id='word_1_295' title='bbox 842 3121 929 3190; x_wconf 68' lang='lat' dir='ltr'>limiti</span> <span class='ocrx_word' id='word_1_296' title='bbox 947 3129 1023 3188; x_wconf 81' lang='lat' dir='ltr'>oltra,</span> <span class='ocrx_word' id='word_1_297' title='bbox 1047 3129 1086 3178; x_wconf 78' lang='lat' dir='ltr'>ata</span> <span class='ocrx_word' id='word_1_298' title='bbox 1104 3127 1136 3188; x_wconf 69' lang='lat' dir='ltr'>id</span> <span class='ocrx_word' id='word_1_299' title='bbox 1153 3122 1185 3176; x_wconf 78' lang='lat' dir='ltr'>oi</span> <span class='ocrx_word' id='word_1_300' title='bbox 1203 3125 1257 3176; x_wconf 77' lang='lat' dir='ltr'>elai</span> <span class='ocrx_word' id='word_1_301' title='bbox 1276 3125 1351 3188; x_wconf 78' lang='lat' dir='ltr'>iungi</span> <span class='ocrx_word' id='word_1_302' title='bbox 1369 3138 1409 3176; x_wconf 79' lang='lat' dir='ltr'>er·</span> 
     </span>
    </p>

    <p class='ocr_par' dir='ltr' id='par_1_4' title="bbox 117 3201 1408 3276">
     <span class='ocr_line' id='line_1_27' title="bbox 117 3201 1408 3276; baseline 0 -14"><span class='ocrx_word' id='word_1_303' title='bbox 117 3208 174 3273; x_wconf 75' lang='lat' dir='ltr'>tati</span> <span class='ocrx_word' id='word_1_304' title='bbox 192 3209 250 3272; x_wconf 85' lang='lat' dir='ltr'>bia,</span> <span class='ocrx_word' id='word_1_305' title='bbox 273 3209 305 3262; x_wconf 77' lang='lat' dir='ltr'>oi</span> <span class='ocrx_word' id='word_1_306' title='bbox 322 3210 369 3262; x_wconf 80' lang='lat' dir='ltr'>eim</span> <span class='ocrx_word' id='word_1_307' title='bbox 387 3219 449 3274; x_wconf 71' lang='lat' dir='ltr'>octat</span> <span class='ocrx_word' id='word_1_308' title='bbox 465 3201 660 3276; x_wconf 65' lang='lat' dir='ltr'>psistarchiam</span> <span class='ocrx_word' id='word_1_309' title='bbox 679 3225 721 3263; x_wconf 79' lang='lat' dir='ltr'>coa</span> <span class='ocrx_word' id='word_1_310' title='bbox 739 3212 768 3264; x_wconf 85' lang='lat' dir='ltr'>ab</span> <span class='ocrx_word' id='word_1_311' title='bbox 784 3215 824 3264; x_wconf 76' lang='lat' dir='ltr'>ote</span> <span class='ocrx_word' id='word_1_312' title='bbox 842 3212 874 3274; x_wconf 69' lang='lat' dir='ltr'>id</span> <span class='ocrx_word' id='word_1_313' title='bbox 890 3209 932 3274; x_wconf 67' lang='lat' dir='ltr'>alp</span> <span class='ocrx_word' id='word_1_314' title='bbox 950 3211 1027 3276; x_wconf 69' lang='lat' dir='ltr'>[brui</span> <span class='ocrx_word' id='word_1_315' title='bbox 1046 3209 1076 3265; x_wconf 83' lang='lat' dir='ltr'>ci</span> <span class='ocrx_word' id='word_1_316' title='bbox 1098 3209 1145 3262; x_wconf 79' lang='lat' dir='ltr'>einr</span> <span class='ocrx_word' id='word_1_317' title='bbox 1167 3207 1200 3270; x_wconf 69' lang='lat' dir='ltr'>oi</span> <span class='ocrx_word' id='word_1_318' title='bbox 1222 3208 1302 3261; x_wconf 72' lang='lat' dir='ltr'>maini</span> <span class='ocrx_word' id='word_1_319' title='bbox 1325 3206 1408 3271; x_wconf 65' lang='lat' dir='ltr'>trinu</span> 
     </span>
    </p>

    <p class='ocr_par' dir='ltr' id='par_1_5' title="bbox 117 3291 1406 3359">
     <span class='ocr_line' id='line_1_28' title="bbox 117 3291 1406 3359; baseline -0.001 -13"><span class='ocrx_word' id='word_1_320' title='bbox 117 3293 309 3359; x_wconf 65' lang='lat' dir='ltr'>adrapinam,</span> <span class='ocrx_word' id='word_1_321' title='bbox 333 3308 367 3358; x_wconf 70' lang='lat' dir='ltr'>na</span> <span class='ocrx_word' id='word_1_322' title='bbox 389 3309 414 3346; x_wconf 79' lang='lat' dir='ltr'>rr</span> <span class='ocrx_word' id='word_1_323' title='bbox 436 3293 468 3348; x_wconf 80' lang='lat' dir='ltr'>oi</span> <span class='ocrx_word' id='word_1_324' title='bbox 481 3295 556 3359; x_wconf 73' lang='lat' dir='ltr'>auen</span> <span class='ocrx_word' id='word_1_325' title='bbox 575 3299 639 3358; x_wconf 69' lang='lat' dir='ltr'>totta</span> <span class='ocrx_word' id='word_1_326' title='bbox 658 3295 718 3359; x_wconf 80' lang='lat' dir='ltr'>birlt</span> <span class='ocrx_word' id='word_1_327' title='bbox 736 3305 848 3349; x_wconf 81' lang='lat' dir='ltr'>catmurt</span> <span class='ocrx_word' id='word_1_328' title='bbox 868 3309 892 3346; x_wconf 81' lang='lat' dir='ltr'>rt</span> <span class='ocrx_word' id='word_1_329' title='bbox 910 3295 954 3347; x_wconf 77' lang='lat' dir='ltr'>mia</span> <span class='ocrx_word' id='word_1_330' title='bbox 973 3298 1020 3348; x_wconf 82' lang='lat' dir='ltr'>rost</span> <span class='ocrx_word' id='word_1_331' title='bbox 1042 3295 1087 3358; x_wconf 71' lang='lat' dir='ltr'>itia</span> <span class='ocrx_word' id='word_1_332' title='bbox 1110 3294 1165 3356; x_wconf 70' lang='lat' dir='ltr'>aab</span> <span class='ocrx_word' id='word_1_333' title='bbox 1188 3292 1228 3344; x_wconf 85' lang='lat' dir='ltr'>ait</span> <span class='ocrx_word' id='word_1_334' title='bbox 1251 3291 1329 3356; x_wconf 73' lang='lat' dir='ltr'>peleti</span> <span class='ocrx_word' id='word_1_335' title='bbox 1353 3291 1406 3356; x_wconf 70' lang='lat' dir='ltr'>trab,</span> 
     </span>
    </p>

    <p class='ocr_par' dir='ltr' id='par_1_6' title="bbox 117 3370 1404 3446">
     <span class='ocr_line' id='line_1_29' title="bbox 117 3370 1404 3446; baseline -0.003 -16"><span class='ocrx_word' id='word_1_336' title='bbox 117 3393 143 3430; x_wconf 77' lang='lat' dir='ltr'>rs</span> <span class='ocrx_word' id='word_1_337' title='bbox 162 3378 195 3444; x_wconf 73' lang='lat' dir='ltr'>[ei</span> <span class='ocrx_word' id='word_1_338' title='bbox 213 3379 259 3431; x_wconf 76' lang='lat' dir='ltr'>soie</span> <span class='ocrx_word' id='word_1_339' title='bbox 275 3393 300 3431; x_wconf 77' lang='lat' dir='ltr'>re</span> <span class='ocrx_word' id='word_1_340' title='bbox 318 3373 366 3431; x_wconf 81' lang='lat' dir='ltr'>nbt</span> <span class='ocrx_word' id='word_1_341' title='bbox 384 3379 409 3442; x_wconf 77' lang='lat' dir='ltr'>io</span> <span class='ocrx_word' id='word_1_342' title='bbox 427 3370 485 3441; x_wconf 73' lang='lat' dir='ltr'>oriali</span> <span class='ocrx_word' id='word_1_343' title='bbox 503 3377 545 3431; x_wconf 73' lang='lat' dir='ltr'>aaa*</span> <span class='ocrx_word' id='word_1_344' title='bbox 560 3380 614 3444; x_wconf 70' lang='lat' dir='ltr'>aad)</span> <span class='ocrx_word' id='word_1_345' title='bbox 633 3379 683 3443; x_wconf 78' lang='lat' dir='ltr'>[ria</span> <span class='ocrx_word' id='word_1_346' title='bbox 702 3380 811 3444; x_wconf 71' lang='lat' dir='ltr'>centor,</span> <span class='ocrx_word' id='word_1_347' title='bbox 833 3378 901 3443; x_wconf 74' lang='lat' dir='ltr'>tort,</span> <span class='ocrx_word' id='word_1_348' title='bbox 926 3379 1052 3446; x_wconf 67' lang='lat' dir='ltr'>ottonom</span> <span class='ocrx_word' id='word_1_349' title='bbox 1074 3381 1102 3432; x_wconf 85' lang='lat' dir='ltr'>in</span> <span class='ocrx_word' id='word_1_350' title='bbox 1129 3379 1185 3430; x_wconf 76' lang='lat' dir='ltr'>ater</span> <span class='ocrx_word' id='word_1_351' title='bbox 1202 3377 1347 3440; x_wconf 73' lang='lat' dir='ltr'>artrqrairit</span> <span class='ocrx_word' id='word_1_352' title='bbox 1365 3377 1404 3428; x_wconf 80' lang='lat' dir='ltr'>te·</span> 
     </span>
    </p>

    <p class='ocr_par' dir='ltr' id='par_1_7' title="bbox 75 3460 1475 3614">
     <span class='ocr_line' id='line_1_30' title="bbox 118 3460 1475 3528; baseline -0.004 -13"><span class='ocrx_word' id='word_1_353' title='bbox 118 3465 224 3525; x_wconf 76' lang='lat' dir='ltr'>atarbii,</span> <span class='ocrx_word' id='word_1_354' title='bbox 246 3471 276 3516; x_wconf 76' lang='lat' dir='ltr'>aa</span> <span class='ocrx_word' id='word_1_355' title='bbox 294 3463 367 3526; x_wconf 74' lang='lat' dir='ltr'>iniat)</span> <span class='ocrx_word' id='word_1_356' title='bbox 385 3463 417 3526; x_wconf 84' lang='lat' dir='ltr'>id)</span> <span class='ocrx_word' id='word_1_357' title='bbox 436 3477 460 3515; x_wconf 78' lang='lat' dir='ltr'>rs</span> <span class='ocrx_word' id='word_1_358' title='bbox 478 3461 509 3528; x_wconf 71' lang='lat' dir='ltr'>iit</span> <span class='ocrx_word' id='word_1_359' title='bbox 528 3462 609 3527; x_wconf 70' lang='lat' dir='ltr'>[maort</span> <span class='ocrx_word' id='word_1_360' title='bbox 626 3460 661 3516; x_wconf 75' lang='lat' dir='ltr'>ud</span> <span class='ocrx_word' id='word_1_361' title='bbox 678 3463 739 3527; x_wconf 74' lang='lat' dir='ltr'>frtrt</span> <span class='ocrx_word' id='word_1_362' title='bbox 762 3464 790 3516; x_wconf 82' lang='lat' dir='ltr'>ln</span> <span class='ocrx_word' id='word_1_363' title='bbox 812 3464 857 3518; x_wconf 76' lang='lat' dir='ltr'>ali</span> <span class='ocrx_word' id='word_1_364' title='bbox 882 3461 961 3528; x_wconf 64' lang='lat' dir='ltr'>nodet</span> <span class='ocrx_word' id='word_1_365' title='bbox 983 3467 1058 3517; x_wconf 72' lang='lat' dir='ltr'>odiar</span> <span class='ocrx_word' id='word_1_366' title='bbox 1080 3463 1126 3515; x_wconf 81' lang='lat' dir='ltr'>nir</span> <span class='ocrx_word' id='word_1_367' title='bbox 1148 3462 1216 3513; x_wconf 79' lang='lat' dir='ltr'>latria</span> <span class='ocrx_word' id='word_1_368' title='bbox 1232 3475 1263 3512; x_wconf 71' lang='lat' dir='ltr'>ss</span> <span class='ocrx_word' id='word_1_369' title='bbox 1285 3461 1331 3524; x_wconf 73' lang='lat' dir='ltr'>itt,</span> <span class='ocrx_word' id='word_1_370' title='bbox 1355 3461 1405 3525; x_wconf 75' lang='lat' dir='ltr'>[ria</span> <span class='ocrx_word' id='word_1_371' title='bbox 1415 3463 1435 3514; x_wconf 84' lang='grc'>1.</span> <span class='ocrx_word' id='word_1_372' title='bbox 1445 3466 1475 3510; x_wconf 82' lang='lat' dir='ltr'>to,</span> 
     </span>
     <span class='ocr_line' id='line_1_31' title="bbox 75 3543 1407 3614; baseline -0.003 -14"><span class='ocrx_word' id='word_1_373' title='bbox 75 3547 174 3609; x_wconf 75' lang='lat' dir='ltr'>cotors</span> <span class='ocrx_word' id='word_1_374' title='bbox 191 3547 224 3610; x_wconf 74' lang='lat' dir='ltr'>itt</span> <span class='ocrx_word' id='word_1_375' title='bbox 241 3546 320 3610; x_wconf 64' lang='lat' dir='ltr'>ibice?</span> <span class='ocrx_word' id='word_1_376' title='bbox 328 3549 373 3600; x_wconf 82' lang='lat' dir='ltr'>nir</span> <span class='ocrx_word' id='word_1_377' title='bbox 390 3546 487 3612; x_wconf 64' lang='lat' dir='ltr'>baltei</span> <span class='ocrx_word' id='word_1_378' title='bbox 504 3548 528 3614; x_wconf 73' lang='lat' dir='ltr'>[o</span> <span class='ocrx_word' id='word_1_379' title='bbox 547 3548 578 3612; x_wconf 75' lang='lat' dir='ltr'>iit</span> <span class='ocrx_word' id='word_1_380' title='bbox 596 3549 686 3612; x_wconf 73' lang='lat' dir='ltr'>tabiit)</span> <span class='ocrx_word' id='word_1_381' title='bbox 704 3548 753 3614; x_wconf 71' lang='lat' dir='ltr'>iria</span> <span class='ocrx_word' id='word_1_382' title='bbox 771 3548 906 3614; x_wconf 61' lang='lat' dir='ltr'>grimmam,</span> <span class='ocrx_word' id='word_1_383' title='bbox 921 3553 953 3600; x_wconf 78' lang='lat' dir='ltr'>aa</span> <span class='ocrx_word' id='word_1_384' title='bbox 970 3546 1037 3613; x_wconf 71' lang='lat' dir='ltr'>tiraq</span> <span class='ocrx_word' id='word_1_385' title='bbox 1050 3563 1074 3600; x_wconf 78' lang='lat' dir='ltr'>rr</span> <span class='ocrx_word' id='word_1_386' title='bbox 1092 3559 1124 3601; x_wconf 81' lang='lat' dir='ltr'>aa</span> <span class='ocrx_word' id='word_1_387' title='bbox 1143 3543 1174 3599; x_wconf 73' lang='lat' dir='ltr'>oi</span> <span class='ocrx_word' id='word_1_388' title='bbox 1186 3543 1338 3608; x_wconf 51' lang='lat' dir='ltr'>aristotelea</span> <span class='ocrx_word' id='word_1_389' title='bbox 1356 3544 1407 3596; x_wconf 82' lang='lat' dir='ltr'>bir-</span> 
     </span>
    </p>

    <p class='ocr_par' dir='ltr' id='par_1_8' title="bbox 117 3619 1475 3699">
     <span class='ocr_line' id='line_1_32' title="bbox 117 3619 1475 3699; baseline -0.003 -16"><span class='ocrx_word' id='word_1_390' title='bbox 117 3633 182 3696; x_wconf 68' lang='lat' dir='ltr'>cam,</span> <span class='ocrx_word' id='word_1_391' title='bbox 197 3619 272 3696; x_wconf 70' lang='lat' dir='ltr'>serait</span> <span class='ocrx_word' id='word_1_392' title='bbox 290 3632 338 3684; x_wconf 82' lang='lat' dir='ltr'>citt</span> <span class='ocrx_word' id='word_1_393' title='bbox 355 3635 454 3685; x_wconf 72' lang='lat' dir='ltr'>aierent</span> <span class='ocrx_word' id='word_1_394' title='bbox 472 3634 503 3696; x_wconf 76' lang='lat' dir='ltr'>it)</span> <span class='ocrx_word' id='word_1_395' title='bbox 521 3632 583 3697; x_wconf 69' lang='lat' dir='ltr'>utili</span> <span class='ocrx_word' id='word_1_396' title='bbox 602 3632 647 3696; x_wconf 69' lang='lat' dir='ltr'>[ott</span> <span class='ocrx_word' id='word_1_397' title='bbox 665 3633 704 3685; x_wconf 84' lang='lat' dir='ltr'>nit</span> <span class='ocrx_word' id='word_1_398' title='bbox 723 3645 756 3696; x_wconf 65' lang='lat' dir='ltr'>toa</span> <span class='ocrx_word' id='word_1_399' title='bbox 772 3623 802 3696; x_wconf 76' lang='lat'>31⁰¹</span> <span class='ocrx_word' id='word_1_400' title='bbox 821 3633 890 3699; x_wconf 67' lang='lat' dir='ltr'>logi,</span> <span class='ocrx_word' id='word_1_401' title='bbox 914 3630 955 3694; x_wconf 69' lang='lat' dir='ltr'>bii</span> <span class='ocrx_word' id='word_1_402' title='bbox 978 3632 1010 3694; x_wconf 76' lang='lat' dir='ltr'>it)</span> <span class='ocrx_word' id='word_1_403' title='bbox 1032 3621 1061 3694; x_wconf 78' lang='lat'>31⁰1</span> <span class='ocrx_word' id='word_1_404' title='bbox 1080 3629 1134 3697; x_wconf 73' lang='lat' dir='ltr'>tersa</span> <span class='ocrx_word' id='word_1_405' title='bbox 1154 3621 1218 3694; x_wconf 75' lang='lat' dir='ltr'>arbit</span> <span class='ocrx_word' id='word_1_406' title='bbox 1243 3628 1313 3695; x_wconf 74' lang='lat' dir='ltr'>[ogra</span> <span class='ocrx_word' id='word_1_407' title='bbox 1332 3628 1404 3680; x_wconf 79' lang='lat' dir='ltr'>tiebet</span> <span class='ocrx_word' id='word_1_408' title='bbox 1416 3631 1475 3680; x_wconf 73' lang='lat' dir='ltr'>§.tt-</span> 
     </span>
    </p>
   </div>
   <div class='ocr_carea' id='block_1_4' title="bbox 115 3710 1406 3804">
    <p class='ocr_par' dir='ltr' id='par_1_9' title="bbox 115 3710 1406 3804">
     <span class='ocr_line' id='line_1_33' title="bbox 115 3710 1406 3804; baseline -0.005 -34"><span class='ocrx_word' id='word_1_409' title='bbox 115 3721 183 3770; x_wconf 75' lang='lat' dir='ltr'>atter</span> <span class='ocrx_word' id='word_1_410' title='bbox 200 3730 225 3768; x_wconf 81' lang='lat' dir='ltr'>rs</span> <span class='ocrx_word' id='word_1_411' title='bbox 242 3729 297 3780; x_wconf 76' lang='lat' dir='ltr'>raca</span> <span class='ocrx_word' id='word_1_412' title='bbox 317 3717 367 3777; x_wconf 79' lang='lat' dir='ltr'>irin</span> <span class='ocrx_word' id='word_1_413' title='bbox 384 3725 410 3781; x_wconf 69' lang='lat' dir='ltr'>aa</span> <span class='ocrx_word' id='word_1_414' title='bbox 429 3719 469 3771; x_wconf 79' lang='lat' dir='ltr'>rin</span> <span class='ocrx_word' id='word_1_415' title='bbox 487 3731 566 3771; x_wconf 74' lang='lat' dir='ltr'>orno</span> <span class='ocrx_word' id='word_1_416' title='bbox 583 3719 645 3780; x_wconf 77' lang='lat' dir='ltr'>breta</span> <span class='ocrx_word' id='word_1_417' title='bbox 664 3719 704 3770; x_wconf 78' lang='lat' dir='ltr'>rin</span> <span class='ocrx_word' id='word_1_418' title='bbox 728 3730 811 3770; x_wconf 80' lang='lat' dir='ltr'>arone</span> <span class='ocrx_word' id='word_1_419' title='bbox 834 3726 938 3804; x_wconf 69' lang='lat' dir='ltr'>artarier)¹</span> <span class='ocrx_word' id='word_1_420' title='bbox 957 3715 1084 3780; x_wconf 69' lang='lat' dir='ltr'>ettotam,</span> <span class='ocrx_word' id='word_1_421' title='bbox 1107 3710 1143 3767; x_wconf 79' lang='lat' dir='ltr'>ori</span> <span class='ocrx_word' id='word_1_422' title='bbox 1164 3710 1216 3776; x_wconf 67' lang='lat' dir='ltr'>cai</span> <span class='ocrx_word' id='word_1_423' title='bbox 1235 3718 1262 3776; x_wconf 72' lang='lat' dir='ltr'>m</span> <span class='ocrx_word' id='word_1_424' title='bbox 1285 3715 1340 3776; x_wconf 69' lang='lat' dir='ltr'>aad}</span> <span class='ocrx_word' id='word_1_425' title='bbox 1362 3725 1406 3776; x_wconf 75' lang='lat' dir='ltr'>par</span> 
     </span>
    </p>
   </div>
   <div class='ocr_carea' id='block_1_5' title="bbox 114 3879 1408 4804">
    <p class='ocr_par' dir='ltr' id='par_1_10' title="bbox 114 3879 1408 4804">
     <span class='ocr_line' id='line_1_34' title="bbox 187 3879 1407 3954; baseline -0.006 -17"><span class='ocrx_word' id='word_1_426' title='bbox 187 3885 296 3952; x_wconf 76' lang='lat' dir='ltr'>⁵poene</span> <span class='ocrx_word' id='word_1_427' title='bbox 315 3890 340 3938; x_wconf 81' lang='lat'>3.</span> <span class='ocrx_word' id='word_1_428' title='bbox 393 3888 548 3950; x_wconf 79' lang='lat' dir='ltr'>Ariconna,</span> <span class='ocrx_word' id='word_1_429' title='bbox 567 3889 695 3954; x_wconf 88' lang='lat' dir='ltr'>princeps</span> <span class='ocrx_word' id='word_1_430' title='bbox 713 3886 860 3937; x_wconf 73' lang='lat' dir='ltr'>medicinam</span> <span class='ocrx_word' id='word_1_431' title='bbox 884 3886 979 3936; x_wconf 89' lang='lat' dir='ltr'>doctor</span> <span class='ocrx_word' id='word_1_432' title='bbox 996 3882 1086 3934; x_wconf 66' lang='lat' dir='ltr'>¹trabs</span> <span class='ocrx_word' id='word_1_433' title='bbox 1103 3882 1121 3944; x_wconf 86' lang='lat'><strong>†</strong></span> <span class='ocrx_word' id='word_1_434' title='bbox 1141 3898 1166 3932; x_wconf 80' lang='lat' dir='ltr'>a.</span> <span class='ocrx_word' id='word_1_435' title='bbox 1182 3879 1258 3932; x_wconf 77' lang='lat'><strong>1037.</strong></span> <span class='ocrx_word' id='word_1_436' title='bbox 1311 3880 1407 3931; x_wconf 80' lang='lat' dir='ltr'>Mesua</span> 
     </span>
     <span class='ocr_line' id='line_1_35' title="bbox 116 3963 1407 4036; baseline -0.005 -14"><span class='ocrx_word' id='word_1_437' title='bbox 116 3971 236 4036; x_wconf 87' lang='lat' dir='ltr'>(iunior)</span> <span class='ocrx_word' id='word_1_438' title='bbox 256 3971 365 4022; x_wconf 72' lang='lat' dir='ltr'>orbitae</span> <span class='ocrx_word' id='word_1_439' title='bbox 383 3972 440 4034; x_wconf 86' lang='lat' dir='ltr'>†a.</span> <span class='ocrx_word' id='word_1_440' title='bbox 456 3970 529 4023; x_wconf 80' lang='lat'>1015.</span> <span class='ocrx_word' id='word_1_441' title='bbox 592 3971 622 4005; x_wconf 62' lang='lat'>⁷³</span> <span class='ocrx_word' id='word_1_442' title='bbox 639 3971 822 4022; x_wconf 85' lang='lat' dir='ltr'>Franooiurto</span> <span class='ocrx_word' id='word_1_443' title='bbox 840 3973 864 4022; x_wconf 86' lang='lat'>8.</span> <span class='ocrx_word' id='word_1_444' title='bbox 918 3968 939 4002; x_wconf 81' lang='lat'>¹⁹</span> <span class='ocrx_word' id='word_1_445' title='bbox 956 3970 1131 4034; x_wconf 82' lang='lat' dir='ltr'>Mentagram</span> <span class='ocrx_word' id='word_1_446' title='bbox 1151 3967 1283 4030; x_wconf 78' lang='lat' dir='ltr'>(l&#39;teelae,</span> <span class='ocrx_word' id='word_1_447' title='bbox 1299 3963 1407 4016; x_wconf 84' lang='lat' dir='ltr'>Gallice</span> 
     </span>
     <span class='ocr_line' id='line_1_36' title="bbox 115 4050 1407 4122; baseline -0.006 -15"><span class='ocrx_word' id='word_1_448' title='bbox 115 4059 219 4119; x_wconf 74' lang='lat' dir='ltr'>dier-tre,</span> <span class='ocrx_word' id='word_1_449' title='bbox 238 4056 355 4122; x_wconf 77' lang='lat' dir='ltr'>Anglico</span> <span class='ocrx_word' id='word_1_450' title='bbox 373 4057 460 4120; x_wconf 82' lang='lat' dir='ltr'>tetter)</span> <span class='ocrx_word' id='word_1_451' title='bbox 480 4072 497 4106; x_wconf 83' lang='lat' dir='ltr'>a</span> <span class='ocrx_word' id='word_1_452' title='bbox 514 4061 621 4118; x_wconf 84' lang='lat' dir='ltr'>mento,</span> <span class='ocrx_word' id='word_1_453' title='bbox 639 4071 695 4106; x_wconf 87' lang='lat' dir='ltr'>non</span> <span class='ocrx_word' id='word_1_454' title='bbox 713 4071 730 4106; x_wconf 84' lang='lat' dir='ltr'>e</span> <span class='ocrx_word' id='word_1_455' title='bbox 747 4061 848 4119; x_wconf 85' lang='lat' dir='ltr'>mente,</span> <span class='ocrx_word' id='word_1_456' title='bbox 866 4060 897 4113; x_wconf 89' lang='lat' dir='ltr'>ut</span> <span class='ocrx_word' id='word_1_457' title='bbox 913 4053 1007 4120; x_wconf 83' lang='lat' dir='ltr'>paullo</span> <span class='ocrx_word' id='word_1_458' title='bbox 1025 4057 1087 4119; x_wconf 86' lang='lat' dir='ltr'>post</span> <span class='ocrx_word' id='word_1_459' title='bbox 1104 4052 1206 4103; x_wconf 88' lang='lat' dir='ltr'>dictum</span> <span class='ocrx_word' id='word_1_460' title='bbox 1225 4053 1275 4113; x_wconf 87' lang='lat' dir='ltr'>est,</span> <span class='ocrx_word' id='word_1_461' title='bbox 1294 4050 1351 4100; x_wconf 86' lang='lat' dir='ltr'>dici</span> <span class='ocrx_word' id='word_1_462' title='bbox 1368 4051 1407 4100; x_wconf 87' lang='lat' dir='ltr'>le·</span> 
     </span>
     <span class='ocr_line' id='line_1_37' title="bbox 115 4136 1407 4209; baseline -0.008 -15"><span class='ocrx_word' id='word_1_463' title='bbox 115 4142 185 4209; x_wconf 76' lang='lat' dir='ltr'>pide</span> <span class='ocrx_word' id='word_1_464' title='bbox 197 4141 299 4192; x_wconf 85' lang='lat' dir='ltr'>medici</span> <span class='ocrx_word' id='word_1_465' title='bbox 309 4141 391 4192; x_wconf 87' lang='lat' dir='ltr'>istius</span> <span class='ocrx_word' id='word_1_466' title='bbox 409 4142 568 4208; x_wconf 80' lang='lat' dir='ltr'>ignorantia</span> <span class='ocrx_word' id='word_1_467' title='bbox 585 4141 646 4192; x_wconf 84' lang='lat' dir='ltr'>luit.</span> <span class='ocrx_word' id='word_1_468' title='bbox 683 4141 737 4202; x_wconf 82' lang='lat' dir='ltr'>Qui</span> <span class='ocrx_word' id='word_1_469' title='bbox 755 4139 877 4190; x_wconf 87' lang='lat' dir='ltr'>morbum</span> <span class='ocrx_word' id='word_1_470' title='bbox 890 4139 1027 4190; x_wconf 81' lang='lat' dir='ltr'>Gallicum</span> <span class='ocrx_word' id='word_1_471' title='bbox 1045 4136 1180 4186; x_wconf 90' lang='lat' dir='ltr'>lichenem</span> <span class='ocrx_word' id='word_1_472' title='bbox 1194 4149 1255 4184; x_wconf 88' lang='lat' dir='ltr'>esse</span> <span class='ocrx_word' id='word_1_473' title='bbox 1267 4138 1407 4200; x_wconf 81' lang='lat' dir='ltr'>putarent,</span> 
     </span>
     <span class='ocr_line' id='line_1_38' title="bbox 115 4215 1406 4285; baseline -0.007 -8"><span class='ocrx_word' id='word_1_474' title='bbox 115 4227 224 4278; x_wconf 78' lang='lat' dir='ltr'>refutat</span> <span class='ocrx_word' id='word_1_475' title='bbox 242 4223 333 4276; x_wconf 88' lang='lat' dir='ltr'>multis</span> <span class='ocrx_word' id='word_1_476' title='bbox 352 4227 452 4276; x_wconf 86' lang='lat' dir='ltr'>Petrus</span> <span class='ocrx_word' id='word_1_477' title='bbox 469 4224 594 4276; x_wconf 81' lang='lat' dir='ltr'>Andreas</span> <span class='ocrx_word' id='word_1_478' title='bbox 611 4224 780 4276; x_wconf 83' lang='lat' dir='ltr'>Mattbeolus</span> <span class='ocrx_word' id='word_1_479' title='bbox 798 4224 938 4274; x_wconf 86' lang='lat' dir='ltr'>Senensis.</span> <span class='ocrx_word' id='word_1_480' title='bbox 974 4221 1059 4272; x_wconf 89' lang='lat' dir='ltr'>Plinii</span> <span class='ocrx_word' id='word_1_481' title='bbox 1077 4215 1168 4285; x_wconf 68' lang='grc'><strong>(11.11.</strong></span> <span class='ocrx_word' id='word_1_482' title='bbox 1182 4219 1281 4270; x_wconf 84' lang='lat' dir='ltr'>XXVI.</span> <span class='ocrx_word' id='word_1_483' title='bbox 1303 4217 1324 4268; x_wconf 92' lang='grc'>1.</span> <span class='ocrx_word' id='word_1_484' title='bbox 1337 4225 1406 4268; x_wconf 85' lang='lat' dir='ltr'>sect.</span> 
     </span>
     <span class='ocr_line' id='line_1_39' title="bbox 114 4301 1408 4376; baseline -0.007 -14"><span class='ocrx_word' id='word_1_485' title='bbox 114 4310 159 4376; x_wconf 81' lang='lat'>².)</span> <span class='ocrx_word' id='word_1_486' title='bbox 178 4309 256 4362; x_wconf 87' lang='lat' dir='ltr'>locus</span> <span class='ocrx_word' id='word_1_487' title='bbox 273 4309 320 4360; x_wconf 91' lang='lat' dir='ltr'>bic</span> <span class='ocrx_word' id='word_1_488' title='bbox 333 4315 388 4360; x_wconf 85' lang='lat' dir='ltr'>eat:</span> <span class='ocrx_word' id='word_1_489' title='bbox 409 4310 628 4374; x_wconf 81' lang='lat' dir='ltr'>„Gravissimum</span> <span class='ocrx_word' id='word_1_490' title='bbox 648 4327 682 4360; x_wconf 84' lang='lat' dir='ltr'>ex</span> <span class='ocrx_word' id='word_1_491' title='bbox 694 4309 737 4360; x_wconf 92' lang='lat' dir='ltr'>bis</span> <span class='ocrx_word' id='word_1_492' title='bbox 750 4306 846 4375; x_wconf 80' lang='lat' dir='ltr'>[facici</span> <span class='ocrx_word' id='word_1_493' title='bbox 858 4307 968 4368; x_wconf 89' lang='lat' dir='ltr'>morbis]</span> <span class='ocrx_word' id='word_1_494' title='bbox 981 4306 1107 4357; x_wconf 87' lang='lat' dir='ltr'>lichenas</span> <span class='ocrx_word' id='word_1_495' title='bbox 1120 4303 1297 4372; x_wconf 82' lang='lat' dir='ltr'>appellavere</span> <span class='ocrx_word' id='word_1_496' title='bbox 1311 4301 1408 4353; x_wconf 81' lang='lat' dir='ltr'>Graeco</span> 
     </span>
     <span class='ocr_line' id='line_1_40' title="bbox 115 4385 1408 4460; baseline -0.007 -14"><span class='ocrx_word' id='word_1_497' title='bbox 115 4395 229 4447; x_wconf 87' lang='lat' dir='ltr'>nomine</span> <span class='ocrx_word' id='word_1_498' title='bbox 247 4395 364 4458; x_wconf 80' lang='lat' dir='ltr'>Latine,</span> <span class='ocrx_word' id='word_1_499' title='bbox 389 4395 517 4460; x_wconf 87' lang='lat' dir='ltr'>quoniam</span> <span class='ocrx_word' id='word_1_500' title='bbox 537 4410 553 4444; x_wconf 82' lang='lat' dir='ltr'>a</span> <span class='ocrx_word' id='word_1_501' title='bbox 572 4399 664 4444; x_wconf 89' lang='lat' dir='ltr'>mento</span> <span class='ocrx_word' id='word_1_502' title='bbox 689 4394 747 4444; x_wconf 88' lang='lat' dir='ltr'>sere</span> <span class='ocrx_word' id='word_1_503' title='bbox 767 4391 921 4454; x_wconf 82' lang='lat' dir='ltr'>oriebatur,</span> <span class='ocrx_word' id='word_1_504' title='bbox 947 4391 1065 4442; x_wconf 85' lang='lat' dir='ltr'>ioculari</span> <span class='ocrx_word' id='word_1_505' title='bbox 1087 4391 1204 4458; x_wconf 89' lang='lat' dir='ltr'>primum</span> <span class='ocrx_word' id='word_1_506' title='bbox 1221 4385 1352 4450; x_wconf 84' lang='lat' dir='ltr'>lascivia,</span> <span class='ocrx_word' id='word_1_507' title='bbox 1377 4393 1408 4438; x_wconf 89' lang='lat' dir='ltr'>ut</span> 
     </span>
     <span class='ocr_line' id='line_1_41' title="bbox 116 4470 1408 4547; baseline -0.009 -15"><span class='ocrx_word' id='word_1_508' title='bbox 116 4485 162 4532; x_wconf 82' lang='lat' dir='ltr'>est</span> <span class='ocrx_word' id='word_1_509' title='bbox 178 4494 282 4547; x_wconf 80' lang='lat' dir='ltr'>procax</span> <span class='ocrx_word' id='word_1_510' title='bbox 299 4483 399 4532; x_wconf 83' lang='lat' dir='ltr'>natura</span> <span class='ocrx_word' id='word_1_511' title='bbox 417 4479 560 4530; x_wconf 90' lang='lat' dir='ltr'>multorum</span> <span class='ocrx_word' id='word_1_512' title='bbox 578 4479 607 4528; x_wconf 91' lang='lat' dir='ltr'>in</span> <span class='ocrx_word' id='word_1_513' title='bbox 626 4477 726 4528; x_wconf 85' lang='lat' dir='ltr'>alienis</span> <span class='ocrx_word' id='word_1_514' title='bbox 744 4477 878 4538; x_wconf 86' lang='lat' dir='ltr'>miseriis,</span> <span class='ocrx_word' id='word_1_515' title='bbox 897 4491 959 4525; x_wconf 84' lang='lat' dir='ltr'>mox</span> <span class='ocrx_word' id='word_1_516' title='bbox 976 4481 1004 4525; x_wconf 87' lang='lat' dir='ltr'>et</span> <span class='ocrx_word' id='word_1_517' title='bbox 1021 4479 1152 4541; x_wconf 84' lang='lat' dir='ltr'>usurpato</span> <span class='ocrx_word' id='word_1_518' title='bbox 1169 4470 1305 4524; x_wconf 77' lang='lat' dir='ltr'>vocabulo</span> <span class='ocrx_word' id='word_1_519' title='bbox 1325 4471 1408 4522; x_wconf 81' lang='lat' dir='ltr'>‘man-</span> 
     </span>
     <span class='ocr_line' id='line_1_42' title="bbox 114 4555 1406 4633; baseline -0.009 -15"><span class='ocrx_word' id='word_1_520' title='bbox 114 4567 244 4633; x_wconf 83' lang='lat' dir='ltr'>tagram‘,</span> <span class='ocrx_word' id='word_1_521' title='bbox 264 4568 446 4632; x_wconf 81' lang='lat' dir='ltr'>occupantem</span> <span class='ocrx_word' id='word_1_522' title='bbox 464 4565 492 4613; x_wconf 90' lang='lat' dir='ltr'>in</span> <span class='ocrx_word' id='word_1_523' title='bbox 510 4562 603 4613; x_wconf 87' lang='lat' dir='ltr'>multis</span> <span class='ocrx_word' id='word_1_524' title='bbox 621 4567 693 4613; x_wconf 87' lang='lat' dir='ltr'>totos</span> <span class='ocrx_word' id='word_1_525' title='bbox 711 4561 811 4626; x_wconf 91' lang='lat' dir='ltr'>ubique</span> <span class='ocrx_word' id='word_1_526' title='bbox 829 4560 933 4622; x_wconf 84' lang='lat' dir='ltr'>vultus,</span> <span class='ocrx_word' id='word_1_527' title='bbox 954 4559 1042 4610; x_wconf 88' lang='lat' dir='ltr'>oculis</span> <span class='ocrx_word' id='word_1_528' title='bbox 1059 4563 1165 4608; x_wconf 85' lang='lat' dir='ltr'>tantum</span> <span class='ocrx_word' id='word_1_529' title='bbox 1178 4555 1342 4618; x_wconf 82' lang='lat' dir='ltr'>inmunibus,</span> <span class='ocrx_word' id='word_1_530' title='bbox 1361 4557 1406 4607; x_wconf 93' lang='lat' dir='ltr'>de·</span> 
     </span>
     <span class='ocr_line' id='line_1_43' title="bbox 115 4637 1407 4714; baseline -0.009 -13"><span class='ocrx_word' id='word_1_531' title='bbox 115 4649 297 4702; x_wconf 80' lang='lat' dir='ltr'>scandentem</span> <span class='ocrx_word' id='word_1_532' title='bbox 315 4663 380 4699; x_wconf 83' lang='lat' dir='ltr'>vero</span> <span class='ocrx_word' id='word_1_533' title='bbox 400 4653 428 4698; x_wconf 89' lang='lat' dir='ltr'>ct</span> <span class='ocrx_word' id='word_1_534' title='bbox 446 4647 474 4698; x_wconf 92' lang='grc' dir='ltr'>1ιι</span> <span class='ocrx_word' id='word_1_535' title='bbox 493 4648 564 4698; x_wconf 80' lang='lat' dir='ltr'>colla</span> <span class='ocrx_word' id='word_1_536' title='bbox 583 4651 734 4714; x_wconf 85' lang='lat' dir='ltr'>pectusque</span> <span class='ocrx_word' id='word_1_537' title='bbox 753 4661 786 4696; x_wconf 84' lang='lat' dir='ltr'>ec</span> <span class='ocrx_word' id='word_1_538' title='bbox 805 4661 900 4696; x_wconf 86' lang='lat' dir='ltr'>manus</span> <span class='ocrx_word' id='word_1_539' title='bbox 919 4645 991 4696; x_wconf 84' lang='lat' dir='ltr'>loedo</span> <span class='ocrx_word' id='word_1_540' title='bbox 1010 4645 1080 4695; x_wconf 88' lang='lat' dir='ltr'>cutis</span> <span class='ocrx_word' id='word_1_541' title='bbox 1099 4643 1231 4696; x_wconf 84' lang='lat' dir='ltr'>inrfure&#39;&#39;.</span> <span class='ocrx_word' id='word_1_542' title='bbox 1283 4637 1305 4671; x_wconf 73' lang='lat'>¹³</span> <span class='ocrx_word' id='word_1_543' title='bbox 1324 4641 1407 4690; x_wconf 88' lang='lat' dir='ltr'>inter-</span> 
     </span>
     <span class='ocr_line' id='line_1_44' title="bbox 114 4723 1372 4804; baseline -0.009 -18"><span class='ocrx_word' id='word_1_544' title='bbox 114 4737 298 4804; x_wconf 70' lang='lat' dir='ltr'>praetentet.</span> <span class='ocrx_word' id='word_1_545' title='bbox 317 4733 504 4798; x_wconf 78' lang='lat' dir='ltr'>interpraetdte</span> <span class='ocrx_word' id='word_1_546' title='bbox 524 4735 546 4782; x_wconf 74' lang='grc'><strong>1.</strong></span> <span class='ocrx_word' id='word_1_547' title='bbox 599 4728 621 4762; x_wconf 71' lang='lat'>²⁵</span> <span class='ocrx_word' id='word_1_548' title='bbox 639 4729 823 4781; x_wconf 69' lang='lat' dir='ltr'>&#39;temulentae</span> <span class='ocrx_word' id='word_1_549' title='bbox 875 4728 897 4760; x_wconf 76' lang='lat'>²⁰</span> <span class='ocrx_word' id='word_1_550' title='bbox 915 4728 1049 4795; x_wconf 60' lang='lat' dir='ltr'>§audiuit</span> <span class='ocrx_word' id='word_1_551' title='bbox 1069 4743 1093 4778; x_wconf 81' lang='grc' dir='ltr'>ιι.</span> <span class='ocrx_word' id='word_1_552' title='bbox 1147 4725 1169 4759; x_wconf 69' lang='lat'>²⁰</span> <span class='ocrx_word' id='word_1_553' title='bbox 1188 4729 1203 4778; x_wconf 94' lang='lat' dir='ltr'>l.</span> <span class='ocrx_word' id='word_1_554' title='bbox 1218 4723 1372 4787; x_wconf 64' lang='lat' dir='ltr'>budalibannt.</span> 
     </span>
    </p>
   </div>
   <div class='ocr_carea' id='block_1_6' title="bbox 1079 4811 1144 4875">
    <p class='ocr_par' dir='ltr' id='par_1_11' title="bbox 1079 4811 1144 4875">
     <span class='ocr_line' id='line_1_45' title="bbox 1079 4811 1144 4875; baseline 0.046 -3"><span class='ocrx_word' id='word_1_555' title='bbox 1079 4811 1144 4875; x_wconf 78' lang='lat'>28·</span> 
     </span>
    </p>
   </div>
   <div class='ocr_carea' id='block_1_7' title="bbox 0 0 1738 5512">
    <p class='ocr_par' dir='ltr' id='par_1_12' title="bbox 0 0 1738 5512">
     <span class='ocr_line' id='line_1_46' title="bbox 0 0 1738 5512; baseline 0 1"><span class='ocrx_word' id='word_1_556' title='bbox 0 0 1738 5512; x_wconf 95' lang='lat' dir='ltr'> </span> 
     </span>
    </p>
   </div>
  </div>
 </body>
</html>
