3444 5518
753 971 1007 1024 PRAEMONITVM
1024 971 1206 1024 EDITORIS.

401 1127 443 1176 Ex
467 1125 548 1176 buius
573 1126 755 1176 conmentarii
780 1123 985 1192 exemplaribus
1009 1141 1069 1192 quse
1088 1125 1228 1192 descripto
1251 1129 1315 1176 sunt
1331 1124 1422 1175 Indic.
1442 1124 1624 1192 bibliogrspb.

334 1213 449 1263 Hutten.
468 1227 542 1262 num.
556 1211 666 1262 XXXV.
681 1211 716 1262 sd
735 1210 884 1262 editionem
903 1216 1024 1264 nostrsm
1043 1209 1229 1262 sdnotsndsm
1246 1225 1302 1264 nou
1323 1211 1378 1262 nisi
1396 1211 1518 1276 primum
1537 1216 1565 1261 et
1581 1225 1624 1261 no-

334 1311 408 1359 num,
428 1295 761 1360 Cemmerlsuderisnum‚
786 1296 974 1358 adhibuimus,
995 1297 1095 1362 quippe
1114 1312 1148 1346 ex
1166 1295 1265 1362 quibus
1283 1299 1378 1368 cetere
1396 1299 1494 1348 omnis
1512 1297 1625 1362 repetitu

334 1387 412 1444 sunt,
439 1387 468 1432 et
486 1381 596 1448 quidem
614 1385 687 1432 2...s.
708 1385 736 1432 et
754 1383 795 1431 10.
816 1397 850 1433 ex
868 1385 906 1444 s.;
927 1397 960 1432 ex
979 1385 1002 1431 9.
1016 1381 1177 1446 prodierunt
1194 1381 1298 1431 Latius
1316 1380 1444 1447 exemplu
1462 1382 1626 1434 Hnttenisni

335 1467 539 1529 commentsrii;
563 1466 635 1517 idem
659 1470 684 1517 9.
705 1481 766 1516 cum
789 1466 989 1520 sdditumeutis
1007 1465 1291 1517 Cemmerlsuderiuni
1314 1466 1434 1532 exempli
1460 1467 1511 1531 (9.)
1530 1468 1624 1518 ioedius

335 1567 370 1604 su
388 1552 582 1620 neglegentius
599 1551 727 1602 dubitsre
745 1552 835 1617 possis
853 1552 1055 1602 contaminavit
1072 1551 1161 1616 mugis
1180 1567 1259 1616 querc
1278 1552 1391 1618 repetiit
1408 1555 1462 1615 12„
1481 1553 1524 1604 its
1543 1559 1572 1603 ut
1583 1553 1624 1603 sd·

335 1638 389 1688 huc
407 1639 515 1689 offuciis
533 1639 592 1688 suis
609 1638 645 1689 iis
662 1635 844 1702 scriptoribus
866 1640 981 1688 noceret
1005 1637 1050 1702 qui
1073 1636 1129 1686 sibi
1152 1643 1207 1687 nou
1229 1639 1299 1688 sutis
1321 1637 1356 1687 sb
1379 1637 1443 1688 istis
1465 1637 1623 1704 corruptelis

336 1724 471 1774 caverint.
506 1723 630 1774 Miincbii
653 1721 739 1773 verbs
762 1726 826 1773 sunt
842 1720 903 1772 bruc
925 1719 988 1786 „Qu
1006 1719 1129 1793 tingens
1148 1719 1186 1774 bit
1205 1721 1262 1785 trite
1280 1721 1407 1795 lludgcbs
1423 1721 1520 1790 [quum
1537 1739 1571 1773 ne
1588 1724 1623 1774 ri·

336 1807 378 1857 dit
396 1807 504 1872 quidem
521 1807 601 1859 homo
619 1803 785 1872 levissimus]
810 1819 844 1859 ou
861 1805 979 1872 meudun
998 1803 1100 1861 etcum
1117 1805 1265 1861 bebrutrnbe
1283 1805 1418 1873 bitterildt
1436 1806 1559 1874 dictitent
1576 1807 1623 1862 unt

336 1889 557 1962 tirridtigtcltsn,
574 1889 707 1954 belsebub
723 1889 764 1946 bei
781 1890 828 1945 bru
845 1889 947 1946 licetur
965 1889 1006 1946 brt
1024 1890 1114 1958 tidbite
1131 1891 1183 1957 bot.
1197 1891 1241 1945 ...”
1288 1891 1517 1944 Conmentsnnm
1536 1897 1623 1945 metor

336 1981 367 2027 ut
379 1977 489 2028 iuvenis
501 1977 650 2042 imperator
661 1975 696 2026 de
714 1975 846 2041 periculis
865 1991 973 2026 corones
992 1975 1178 2042 imperatorius
1192 1991 1209 2028 s
1222 1977 1296 2026 tisrs
1308 1976 1453 2042 pontificis
1469 1977 1622 2029 inminenti·

336 2063 387 2114 bus
404 2065 573 2123 moueretur,
596 2077 627 2114 se
646 2061 822 2126 conposuisse
841 2065 870 2111 et
887 2060 1068 2126 inscriptione
1088 2067 1116 2111 st
1133 2061 1298 2126 prseistioue
1315 2066 1399 2127 utque
1416 2063 1446 2114 in
1464 2061 1523 2114 tine
1541 2061 1622 2114 libelli

336 2147 395 2214 ipse
408 2147 519 2213 scripsit
533 2143 570 2213 [s.
585 2144 685 2213 1520.],
705 2145 824 2213 exempli
837 2151 930 2197 sutem
942 2146 1007 2197 noni
1020 2149 1125 2209 suctor,
1145 2146 1191 2212 qui
1203 2144 1327 2198 libellum
1340 2137 1500 2211 inmntsvit',
1520 2163 1580 2200 cum
1591 2147 1622 2198 sb

336 2232 453 2283 Hutteni
470 2232 640 2298 temporibus
657 2231 739 2298 longe
757 2231 896 2284 diversum
912 2247 957 2282 res
969 2228 1089 2297 publices
1109 2229 1362 2297 ecclesiasticaeque
1381 2232 1486 2284 t'sciem
1506 2232 1621 2298 sccepis-

336 2323 410 2376 ssnt,
430 2317 488 2368 iere
507 2316 664 2384 neglexisse
683 2317 806 2380 ridetur,
826 2317 951 2383 quemvis
969 2316 1029 2383 ipss
1043 2330 1150 2382 quoque
1163 2315 1196 2368 de
1215 2315 1381 2382 imperatore
1393 2316 1532 2368 monendo
1543 2317 1621 2369 verbs

339 2389 447 2452 iecerit.
487 2403 530 2452 De
543 2401 661 2454 diversis
679 2401 848 2454 diversorum
868 2403 1066 2469 exemplarium
1082 2401 1308 2467 inscriptionibus
1327 2401 1512 2453 conterendus
1531 2408 1572 2454 est
1582 2403 1621 2452 ln·

337 2485 390 2538 dex
407 2485 500 2552 psullo
519 2491 584 2538 sute
603 2491 778 2538 memoretus.
815 2487 863 2538 ubi
885 2487 960 2538 iutcr
980 2502 1011 2538 ss
1035 2485 1194 2552 discrepent
1211 2490 1236 2537 1.
1255 2490 1284 2538 et
1301 2490 1325 2536 9.
1346 2485 1431 2538 iccile
1455 2502 1490 2538 ex
1508 2487 1620 2538 editione

336 2575 431 2623 nostru
449 2576 598 2640 conspectu
617 2576 667 2624 est.
698 2571 886 2642 noluitsmen
908 2571 1027 2622 omnium
1049 2572 1195 2638 scriptume
1219 2573 1363 2638 spinarum
1386 2571 1565 2622 sdnotstione
1588 2571 1620 2620 le·

337 2659 454 2718 storum,
485 2657 531 2722 qui
556 2672 654 2708 vercor
680 2673 714 2708 ne
741 2655 853 2708 nimium
881 2657 1048 2708 variantium
1073 2657 1218 2722 scripturis
1244 2656 1447 2708 multitudinem
1470 2673 1515 2708 me
1539 2657 1620 2708 subis·

338 2741 409 2792 cisse
422 2741 634 2807 reprehendsnt,
655 2741 750 2792 oculos
768 2741 938 2807 deistigsrc;
958 2741 1053 2807 iisque
1072 2743 1100 2792 in
1118 2743 1277 2793 universum
1294 2741 1340 2794 hic
1358 2757 1517 2809 praemouso
1535 2741 1620 2807 sepis-

337 2827 405 2876 sime
423 2839 438 2878 u
456 2827 521 2891 poni
539 2827 569 2877 in
588 2829 629 2890 9.,
648 2826 696 2876 nbi
714 2840 728 2880 s
746 2825 834 2878 lrsbet
852 2831 889 2888 1.,
909 2830 940 2877 ut
958 2827 987 2876 in
1004 2826 1098 2877 verbis
1114 2834 1145 2881 is
1164 2825 1232 2892 (us),
1251 2829 1307 2892 trud)
1326 2827 1421 2892 (neb).
1438 2829 1542 2892 mussi)
1559 2825 1620 2890 (sss-

335 2909 417 2974 nsst).
441 2913 492 2964 nei
516 2909 608 2974 (nsi),
631 2910 728 2976 tirsus
752 2907 889 2978 (lirun),
912 2911 989 2976 trudit
1013 2911 1131 2976 (bresit),
1154 2917 1244 2977 pertun
1263 2909 1390 2977 (seneen
1412 2911 1423 2964 t
1446 2913 1475 2962 in
1495 2915 1521 2963 s.
1538 2912 1582 2962 nbi
1599 2913 1619 2960 1.

336 2993 422 3044 hebet
439 3009 469 3059 r.
488 2999 518 3044 ut
535 2995 573 3059 itt
591 2992 675 3060 (trs),
693 2992 737 3060 tte
756 2993 843 3062 (teu).
860 2996 889 3063 it
903 2997 962 3048 sive
980 2997 1019 3063 tlt
1036 2995 1106 3064 (ne)¹
1129 2998 1172 3052 ne
1190 2993 1278 3063 (ret).
1302 2997 1334 3059 [s
1352 2993 1433 3063 (irc).
1450 2997 1511 3061 suti
1530 2994 1617 3061 our).

336 3078 388 3132 ins
406 3074 508 3143 (ere),
531 3077 592 3144 titii
610 3077 719 3145 (tter).
738 3081 805 3134 nni
824 3079 938 3146 (nteit).
958 3083 1005 3147 stit
1025 3081 1116 3150 (rtet),
1140 3082 1204 3132 eum
1221 3097 1236 3132 0
1256 3095 1389 3132 ⁰⁰¹1v⁰r⁸0
1407 3083 1431 3132 ⁹·
1452 3097 1528 3148 repe
1547 3095 1560 3145 r
1576 3081 1618 3130 h·-

336 3163 385 3214 bet
402 3177 450 3227 pro
469 3163 478 3215 ἰ
497 3163 525 3212 in
544 3166 583 3223 1..
607 3161 741 3229 imprimis
759 3166 789 3216 iu
806 3164 923 3231 syllabis
945 3167 1008 3232 brit,
1033 3167 1097 3234 lictu
1122 3183 1156 3219 ex
1172 3164 1257 3218 verbo
1281 3164 1349 3232 [elidi
1372 3165 1440 3218 eicit
1458 3170 1482 3218 9.
1507 3165 1617 3216 litterum

335 3246 361 3312 n
379 3247 427 3297 uer
446 3249 470 3297 1.
487 3245 534 3313 jn,
555 3246 584 3314 ᾗς
605 3249 705 3312 naues,
730 3251 759 3300 in
777 3253 802 3301 o.
822 3251 881 3302 rere
903 3251 1005 3317 usique
1023 3251 1082 3316 en.
1106 3252 1147 3317 ur
1168 3251 1284 3318 legistin
1307 3263 1356 3318 pro
1374 3241 1392 3304 t
1411 3255 1434 3303 1.
1454 3251 1484 3302 in
1502 3254 1527 3302 s.
1544 3249 1618 3300 senti

336 3331 408 3383 solet
427 3345 457 3396 ιι,
482 3331 544 3398 (pro
562 3331 618 3398 ui.)
637 3333 695 3399 uls,
715 3332 776 3399 (pro
794 3331 842 3400 off)
861 3334 926 3401 uulf,
952 3334 1013 3402 (pro
1031 3334 1076 3402 ob)
1100 3335 1165 3401 sub,
1190 3335 1252 3402 (pro
1269 3333 1330 3400 tie)
1354 3333 1409 3401 tii,
1433 3335 1497 3402 (pro
1512 3334 1551 3400 η)
1570 3341 1616 3396 sss,

336 3415 399 3483 (pro
415 3416 469 3478 uls)
487 3415 545 3483 ulit
562 3423 611 3472 unt
629 3423 742 3472 stultus
760 3419 916 3484 promiscue
934 3419 963 3470 in
980 3425 1096 3486 utroque
1115 3420 1241 3488 exemplo
1259 3425 1408 3488 ponuntun
1427 3436 1477 3488 pro
1495 3417 1616 3488 singulari

336 3505 346 3555 t
364 3500 502 3568 duplicem
520 3501 609 3554 bsbet
624 3505 657 3564 9.,
675 3507 707 3553 ut
725 3501 820 3568 (peterit
839 3503 877 3568 1.)
894 3505 984 3573 urftsllt
1002 3507 1027 3558 9.
1047 3509 1075 3556 et
1091 3521 1141 3571 pro
1158 3505 1263 3571 duplici
1280 3495 1478 3572 r'singulrrsm
1496 3505 1577 3557 hebet
1586 3508 1614 3562 9..

335 3590 367 3636 ut
385 3587 450 3650 (isit
469 3585 506 3649 t.)
525 3591 581 3652 tut,
605 3584 678 3652 (suist
696 3585 735 3651 1.)
754 3587 810 3641 suit.
843 3589 967 3640 Litterss
990 3589 1115 3642 initiales
1132 3591 1192 3642 sive
1210 3591 1331 3642 msiorss
1348 3606 1374 3656 q.
1387 3606 1413 3641 r.
1426 3591 1456 3640 iu
1474 3589 1615 3642 nominibus

336 3671 491 3722 scribendis
508 3671 610 3738 sepius
629 3670 743 3722 sdhibct
754 3675 779 3722 9.
799 3687 882 3737 quum
894 3677 919 3724 1.
955 3673 1010 3737 Qui
1028 3673 1108 3724 huius
1119 3673 1193 3725 modi
1210 3673 1318 3726 scholis
1330 3673 1614 3741 sdsperusuturrelim

337 3760 365 3805 et
381 3754 494 3822 liuguus
511 3759 541 3806 et
558 3754 782 3822 orthogrsphism
799 3757 1064 3824 typogrspbiumque
1082 3775 1160 3810 susm
1177 3757 1322 3812 historism
1339 3757 1445 3810 habers
1458 3760 1613 3828 permittunt

402 3840 444 3890 sd
463 3839 671 3907 inscriptionem
689 3839 976 3896 Csmmerlsuderisni
999 3841 1118 3912 exempli
1143 3843 1243 3896 sdnoto
1266 3859 1375 3896 versum
1394 3845 1507 3895 tertium
1523 3843 1613 3894 hebere

335 3925 408 3988 situ,
426 3929 456 3974 ut
474 3925 669 3990 repetivimus,
688 3942 737 3992 pro
754 3929 832 3991 sitm,
851 3943 949 3980 nornen
967 3933 1060 3980 sutem
1072 3927 1244 3996 ssusimllunj
1255 3930 1375 3981 retinere
1388 3929 1480 3980 visum
1491 3943 1543 3980 uon
1554 3941 1613 3977 esse.
