3382 5516
347 415 419 485 222
439 445 471 479 11.
485 444 585 487 rttertQ.
600 445 699 479 rnsrtt.
711 425 864 480 bunnontct
877 442 985 480 cotim
998 445 1124 482 THVBGA!
1137 439 1240 480 otthrto
1252 445 1288 480 tn
1301 443 1447 480 ῦΙΒΙΔΙΙΟΙ
1460 427 1620 480 BADA-ibib.

346 602 391 659 ubi
414 609 456 659 est
478 601 523 658 illa
545 597 687 666 sanctitas,
717 617 769 677 qtrn
795 603 983 678 superioribus
1011 605 1088 660 annis
1111 603 1199 660 omitia
1222 603 1282 660 laetr
1311 602 1522 678 proveniebant?
1552 603 1621 678 quod

346 705 476 745 venenum
497 705 525 744 se
549 687 693 745 immiscuit
713 687 787 744 inter
807 689 993 745 Christianos?
1016 703 1031 746 a
1053 689 1151 764 quibus
1174 689 1251 746 brriis
1273 687 1333 745 haec
1354 687 1428 744 lebes
1449 688 1568 744 immissa
1583 695 1621 742 est

344 789 395 848 per
416 771 507 828 lurum
529 780 557 828 et
578 772 714 830 libidinem
737 773 876 847 pereundi.
889 775 1071 849 perdendique
1086 775 1192 831 omnia?
1214 773 1285 830 node
1301 775 1358 830 lraec
1373 783 1432 830 orta
1447 780 1489 828 est
1505 771 1621 834 ambitio,

344 851 542 930 fflnffi*
564 853 571 924 Ι
592 852 673 932 capul
700 859 818 915 omnium
845 859 995 916 malorum?
1022 875 1083 934 qne
1111 859 1170 916 lues
1198 873 1252 915 non
1274 857 1363 914 solum
1385 859 1413 913 in
1434 859 1556 932 privatos
1576 855 1621 912 ho

345 943 432 1000 mines
453 942 563 1016 longius
585 951 728 1017 evagatur.
751 943 797 1002 sed
820 960 868 1000 eos
890 944 999 1018 quidem
1022 945 1119 1019 quibus
1142 944 1250 1018 generis
1272 943 1382 1000 humani
1403 957 1468 999 cura
1482 941 1638 998 conunissat

345 1035 401 1091 est,
424 1027 452 1084 in
474 1043 589 1101 quorum
612 1027 734 1084 manibus
756 1037 850 1084 nostra
872 1028 944 1084 salus
965 1032 1134 1092 continetur,
1158 1031 1195 1085 ita
1217 1029 1323 1090 iniecit,
1347 1035 1379 1084 ut
1398 1025 1482 1083 divini
1504 1027 1622 1082 bomani·

346 1129 398 1186 que
421 1112 488 1168 iuris
511 1110 589 1168 obliti
611 1121 707 1169 nostro
730 1114 869 1187 sengrrine.
892 1115 993 1171 nostris
1016 1115 1144 1171 membris
1167 1115 1242 1170 inter.
1259 1129 1288 1170 se
1309 1111 1501 1186 digladientur.
1524 1111 1621 1167 nostris

278 1195 502 1256 §.ernulueribus
523 1213 570 1253 sne
594 1197 654 1254 odia
675 1197 809 1271 expleant.
853 1198 911 1255 lleu
933 1203 1033 1273 quanta
1054 1199 1201 1256 inventutis
1222 1207 1328 1272 strages
1349 1197 1419 1268 intra
1446 1195 1561 1270 triginta
1582 1213 1621 1250 an·

346 1275 483 1357 ssfflffl·
505 1288 512 1359 Ι
535 1297 586 1338 nos
607 1283 677 1338 lacta
699 1283 757 1338 est!
779 1299 835 1340 non
857 1285 1058 1344 connumeratis
1080 1286 1151 1342 enim
1173 1283 1291 1342 cedibus
1314 1283 1385 1342 inter
1399 1280 1501 1342 Gallos.
1522 1280 1621 1336 lirinu-

346 1383 411 1429 nos,
434 1365 544 1428 Scotos,
572 1367 764 1442 pretermissis
790 1369 943 1444 principum
965 1369 1115 1427 Germeuiae
1142 1367 1372 1432 dissensionibus,
1401 1367 1429 1423 in
1456 1363 1533 1422 ltalia
1562 1371 1646 1440 pro-¹⁸

322 1451 323 1456 ’
565 1445 573 1516 Ι
595 1452 666 1509 lecto
688 1452 761 1510 iusta
783 1452 895 1517 Varum,
917 1454 1050 1518 Mincium,
1073 1455 1218 1520 Benacum,
1247 1453 1383 1516 Athesim.
1405 1437 1506 1514 [irim.
1527 1458 1557 1506 et
1579 1467 1621 1504 nu·

346 1553 396 1612 per
418 1535 446 1591 in
467 1553 534 1610 agro
556 1537 706 1593 Rauennate
729 1555 758 1595 nc
780 1537 971 1600 Mediolanensi
994 1555 1076 1616 supra
1099 1547 1219 1596 trecenta
1248 1537 1331 1594 millio
1358 1537 1500 1593 hominurn
1526 1533 1621 1591 cecide·

278 1628 426 1682 pserunt,
443 1619 555 1696 ·quibus
576 1621 663 1696 copiis
684 1639 772 1697 usqne
794 1623 826 1680 ad
848 1623 928 1680 ludos
950 1627 1090 1700 pervenire
1118 1625 1310 1700 potuissemus.
1354 1622 1392 1678 lle
1419 1629 1511 1678 autem
1533 1635 1620 1694 pantu

345 1697 527 1778 fflss’fflss'f'l
547 1702 556 1772 Ι
578 1707 648 1763 inter
668 1708 751 1764 duces
773 1708 927 1782 proelietum
950 1727 1011 1767 esse
1032 1710 1162 1774 videntur,
1186 1709 1286 1783 saepius
1308 1708 1340 1764 ad
1355 1707 1457 1781 privata
1473 1721 1620 1775 armacen-

345 1807 454 1847 cursum
478 1796 533 1853 est.
562 1800 590 1847 et
618 1793 691 1867 quod
718 1793 807 1850 minus
834 1795 1003 1858 crederetur,
1034 1795 1129 1860 rustici
1156 1802 1251 1851 contra
1274 1790 1380 1862 nobiles
1401 1791 1534 1865 impetum
1557 1791 1645 1845 roceo

345 1883 423 1940 runt,
450 1873 520 1932 alios
548 1877 727 1942 trucidantes,
755 1877 824 1935 elios
851 1881 938 1954 patria
959 1883 996 1938 'ec
1026 1880 1105 1937 bonis
1133 1879 1335 1936 interdicentes.
1378 1893 1440 1951 que
1469 1893 1515 1932 res
1546 1859 1619 1950 quuh

344 1955 420 2034 ,W
441 1971 449 2041 Ι
471 1960 559 2035 primo
582 1962 608 2018 in
630 1961 758 2020 llalmatia
780 1963 831 2020 sub
853 1965 1015 2022 Venetorum
1036 1965 1157 2022 dominio
1179 1965 1289 2040 impune
1310 1962 1483 2024 succederet,
1508 1961 1535 2016 in
1558 1959 1618 2015 iden

344 2039 469 2127 ᾖξ’*
492 2043 505 2114 Ι,
521 2046 610 2104 scelus
632 2049 714 2104 traxit
735 2049 834 2114 istros,
857 2049 973 2118 Carnos,
995 2050 1140 2125 ilungaros
1162 2065 1286 2124 qunque,
1309 2065 1343 2104 ne
1364 2046 1505 2122 episcopis
1520 2045 1619 2118 quidem

278 2139 519 2206 respuentes..
540 2131 620 2189 Solus
649 2141 739 2190 autem
766 2151 814 2190 ren
841 2133 977 2210 llispnnie
1004 2137 1131 2196 adsersus
1163 2133 1284 2190 infideles
1315 2147 1447 2206 prospere
1480 2129 1619 2204 pugnando

344 2211 515 2298 fflfflm'
537 2209 545 2278 Ι
566 2217 644 2274 fldem
659 2217 823 2276 Catholicam
845 2227 949 2276 tutatus
971 2228 1026 2276 est:
1047 2219 1146 2276 Poenos
1169 2219 1254 2282 enim,
1277 2233 1347 2292 quos
1362 2215 1512 2272 &carenos
1533 2211 1645 2288 appel-²⁸

344 2315 419 2354 heus.
443 2297 542 2366 llnnt,
565 2303 694 2360 diuturno
717 2303 789 2361 bello
811 2312 942 2362 contusos
964 2305 1194 2379 defatigatosque,
1217 2311 1300 2378 etque
1321 2301 1471 2362 alltetica,¹
1486 2315 1567 2376 quam
1581 2313 1620 2353 oc·

249 2433 252 2440 .
344 2395 522 2461 euparerent,
552 2387 682 2464 expulsos
710 2405 797 2463 usque
825 2390 852 2446 in
874 2391 1017 2466 Aphricsm
1044 2390 1171 2446 cedendo
1199 2405 1230 2445 ac
1250 2387 1333 2445 urbes
1354 2402 1450 2466 eorsum
1472 2381 1619 2458 diripiendo

295 2479 299 2486 '
344 2465 469 2544 ffiffi‘
489 2463 498 2535 Ι
520 2481 679 2547 persecutns
701 2483 751 2530 est.
794 2474 872 2531 cuius
893 2475 1056 2549 refrigerato
1078 2473 1169 2532 calore
1191 2489 1275 2548 seque
1302 2473 1334 2530 ad
1355 2469 1464 2528 italicos
1493 2467 1619 2525 turnultus

345 2569 475 2612 converso
503 2559 602 2614 iterum
629 2559 703 2615 Pleni
731 2557 853 2616 collectis
880 2560 976 2616 animis
1003 2576 1065 2616 oros
1087 2558 1200 2622 Sicilire,
1229 2557 1370 2619 Sardinia,
1398 2554 1518 2612 Corsica.
1544 2560 1619 2626 atque

345 2639 428 2698 ltalice
449 2641 622 2698 vehementer
643 2644 788 2708 intestant;
810 2646 933 2719 proximo
949 2659 1058 2720 quoque
1073 2661 1143 2701 anno
1159 2659 1228 2718 pene
1249 2657 1382 2699 summum
1404 2639 1562 2697 Pontificem
1584 2637 1644 2692 leti

277 2720 606 2807 §.nflffissssfg'jsslssf'
627 2720 636 2790 Ι
657 2745 701 2784 ras
723 2737 861 2786 venantem
885 2730 1060 2805 intercepere.
1103 2721 1219 2786 Proinde
1246 2729 1271 2784 si
1298 2725 1405 2801 quemn
1434 2725 1467 2781 ab
1491 2721 1619 2780 intestinis

343 2848 452 2884 »unm
503 2805 520 2831 ’·
543 2819 550 2890 Ι
572 2811 652 2868 bellis
673 2805 837 2888 respiratnr',
860 2814 969 2872 irruunt
991 2814 1130 2877 socordia,
1153 2813 1258 2888 ignavia
1280 2826 1311 2869 ac
1333 2810 1481 2868 teterrime
1503 2808 1618 2882 voluptr-

346 2904 400 2957 tes,
423 2894 541 2969 explosis
564 2904 611 2954 aut
632 2891 741 2970 penitus
764 2899 870 2955 obrutis
892 2899 1052 2962 virtutibus,
1081 2908 1146 2956 tnnc
1168 2897 1270 2954 videbis
1292 2911 1406 2971 regnare
1429 2894 1555 2956 lenones,
1577 2909 1618 2965 pa·

344 2980 457 3042 sasitos.
480 2979 635 3052 choraules.
659 2983 797 3046 tibicines,
820 2983 997 3048 citharedus,
1019 2984 1167 3048 delatores,
1190 2983 1357 3040 detractores
1379 2997 1419 3046 ae.
1432 2980 1459 3040 id
1474 2995 1560 3053 genus
1574 2977 1617 3031 he-
1689 3033 1690 3036 ,

328 3053 428 3146 ’ms
446 3055 457 3126 ·Ι
479 3063 580 3122 minum
602 3067 718 3140 pessime
740 3069 940 3143 execrandoque
962 3070 1029 3127 vicia
1050 3069 1298 3144 disseminandum
1320 3065 1452 3142 probitati
1467 3081 1530 3121 raro
1544 3061 1644 3118 locus&
1689 3109 1690 3135 ,

343 3154 427 3223 patet.
472 3149 572 3224 quippe
594 3151 771 3226 iampridem
793 3171 826 3210 eo
849 3152 980 3210 scelerum
1002 3153 1145 3212 deventum
1166 3161 1223 3215 est,
1246 3154 1313 3210 adeo
1330 3145 1424 3208 mores
1440 3149 1562 3222 corrupti
1575 3146 1617 3202 de·

344 3235 503 3309 precatique
525 3243 605 3298 sunt.
627 3244 659 3291 ut
681 3253 768 3314 neque
790 3237 921 3296 laudanda
943 3239 1070 3303 tacimus,
1094 3254 1181 3313 neque
1202 3236 1305 3295 laudari
1326 3236 1473 3292 honestum
1487 3240 1616 3308 pulensus.

262 3374 265 3382 ,
344 3319 425 3394 idque
447 3319 713 3400 magisldoleudum,
742 3323 815 3397 quod
843 3325 929 3380 vir‘unr
951 3324 1059 3382 bonesti
1082 3341 1112 3380 ac
1133 3323 1211 3380 liberi
1233 3323 1313 3379 animi
1336 3319 1422 3378 sicubi
1445 3318 1616 3392 conspiciunt

344 3421 398 3460 non
420 3402 500 3462 aliter
520 3421 550 3462 ac
573 3403 660 3463 albam
680 3409 815 3465 cornicem
837 3409 985 3484 impetunt,
1008 3407 1177 3485 deplumant,
1200 3407 1372 3482 discerpunt:
1401 3403 1528 3479 quicquid
1550 3399 1616 3456 enim
1688 3473 1689 3480 ἵ

276 3490 481 3564 conprincipes
503 3490 620 3547 oderunt
642 3501 688 3549 aut
709 3501 812 3556 emant,
836 3493 861 3549 id
883 3510 993 3567 necesse
1016 3501 1058 3550 est
1080 3503 1108 3568 et
1129 3493 1243 3556 aliorum
1267 3491 1420 3566 opinionem
1443 3489 1528 3564 sequi
1572 3489 1643 3540 tlt-³⁵
1688 3517 1689 3542 r

342 3591 396 3650 que
419 3573 520 3632 utinam
542 3576 571 3632 in
593 3576 636 3633 his
658 3578 781 3634 terminis
803 3579 848 3634 isti
870 3579 958 3636 morbi
980 3579 1182 3636 consedissent!
1211 3577 1292 3634 latius
1314 3592 1378 3632 sane
1400 3580 1571 3649 penetrantes
1590 3571 1614 3624 in

340 3653 493 3742 fflffiffl'
515 3653 523 3720 Ι
544 3661 633 3735 capita
650 3663 733 3736 'quasi
754 3655 916 3737 eontnpione
939 3665 1051 3740 quadam
1075 3665 1256 3738 irrepserunt:
1279 3663 1370 3735 itaque
1392 3665 1475 3734 quum
1488 3657 1569 3730 vulgo
1582 3654 1616 3709 le·

341 3744 455 3802 boretur
476 3745 548 3802 omni
570 3763 670 3820 genere
693 3749 882 3823 turpitudinis,
905 3746 1017 3806 isesliora
1040 3749 1147 3822 quidem
1169 3748 1233 3803 vitia
1255 3743 1485 3827 perniciosissimo
1498 3738 1615 3814 exemplo

341 3823 452 3904 ΜΨ·
473 3825 480 3894 Ι
503 3833 657 3889 sacerdotes
679 3833 807 3889 invasere.
831 3835 896 3908 qui?
918 3850 1014 3910 nernpe
1036 3835 1054 3889 ii
1078 3849 1147 3908 quos
1163 3832 1285 3889 Salvator
1306 3845 1371 3887 suos
1385 3829 1506 3885 Christos
1527 3823 1615 3900 appel·
1687 3853 1688 3896 ,

341 3908 491 3967 mffltffl
511 3911 517 3981 Ι
540 3914 586 3979 lat,
610 3918 657 3991 qui
678 3918 716 3973 dii
737 3919 859 3991 gentium
880 3927 1024 3981 vocantur,
1053 3919 1099 3992 qni
1127 3918 1233 3974 demum
1256 3915 1396 3990 spostotts
1418 3911 1641 3970 sumserunt*
1687 3899 1688 3948 Ι

340 3951 560 4072 ΙΞΞΙΞΞἪΨΨ
582 3994 590 4063 Ι
611 4009 643 4057 ut
664 4003 805 4059 sanctitate
827 4004 889 4060 vitto
912 4004 1037 4060 omnihus
1065 4003 1220 4072 anteirent,
1242 4017 1356 4075 quorum
1378 3999 1477 4074 partim
1497 3995 1614 4067 vestigii«

341 4083 513 4152 inherendo,
541 4087 640 4160 partim
668 4089 811 4163 praeceptis
840 4089 1015 4163 obsequendo
1042 4105 1132 4144 verens
1160 4105 1191 4144 ac
1218 4084 1397 4142 immortalem
1424 4082 1537 4157 gloriam
1566 4081 1613 4134 iam

403 4344 418 4412 ,¹⁸
435 4347 518 4426 infre]
537 4351 555 4402 i.
569 4367 593 4402 e.
606 4352 689 4404 intre.
743 4351 762 4386 ¹¹
781 4357 841 4406 Non
859 4357 950 4410 omnis
967 4353 1152 4406 bleximllisni
1170 4351 1270 4420 equilis
1293 4352 1386 4404 inuste
1404 4349 1497 4418 prcelie
1515 4361 1611 4397 memo·

340 4437 393 4487 ret.
445 4433 467 4468 Ἰ
483 4437 552 4501 Herc
575 4436 707 4488 bellorum
730 4441 931 4492 rusticanorum
954 4441 1183 4506 thcetrepnrum
1206 4454 1223 4488 e
1240 4437 1411 4488 nostratibhs
1429 4433 1610 4485 observentur.

272 4583 275 4588 .
339 4519 518 4583 succederet,
538 4525 562 4571 1.
607 4519 630 4554 ¹⁰
646 4521 835 4576 Perdinendus
853 4525 1022 4577 catholicus.
1060 4523 1083 4557 ²*
1100 4523 1198 4574 Botion
1217 4526 1241 4574 1.
1279 4520 1302 4554 ²⁸
1319 4519 1514 4572 venationibus
1532 4530 1612 4566 soen*

230 4664 237 4680 .
339 4605 444 4680 piisque
463 4605 660 4656 deditissimum
676 4609 798 4660 Leonem
816 4611 848 4660 X.
868 4611 937 4661 satis
956 4615 1077 4673 cenetet3
1101 4610 1135 4660 de
1154 4605 1213 4659 eins
1230 4607 1353 4674 periculo
1370 4607 1416 4656 hic
1434 4605 1559 4653 enarrate
1576 4599 1610 4649 cl.

339 4693 423 4742 etiem
442 4691 632 4742 Vitelli·0ret.
646 4693 669 4754 5.
683 4693 707 4743 5.
748 4695 929 4762 intercoepere
949 4699 971 4746 l.
1018 4692 1040 4726 ²¹
1058 4693 1191 4744 Coreules
1209 4697 1233 4742 1.
1274 4689 1442 4755 Cytheredos
1459 4689 1481 4737 l.
1528 4683 1550 4718 ⁸⁴
1567 4685 1608 4734 de·

338 4775 499 4843 plummsnt,
518 4779 541 4826 1.
576 4773 599 4807 ⁸⁰
618 4775 752 4845 Christos]
770 4785 876 4831 unctos.
897 4781 932 4831 cf.
945 4779 1046 4830 Psnlm.
1060 4762 1183 4828 crunt.
1197 4785 1246 4828 ete.
1280 4773 1524 4832 ”successerunt
1545 4773 1567 4818 1.
