3382 5516
187 437 410 476 eomll'rsslvfl
423 439 458 474 D!
471 439 584 474 TVRGlcl
598 439 709 476 lm’flllll
723 439 948 478 ΟΟΙΕῊΤΥΤῙΟΗΕ
961 439 998 476 ΑΒ
1011 439 1222 477 tuxttttmttrtt'!
1235 442 1255 476 1.
1291 410 1360 482 231

83 598 248 656 strenuiores
271 597 401 660 reddant,
426 605 456 658 ut
479 598 666 674 unnsquisque
688 605 803 654 ceteros
826 589 986 655 lentitudine
1015 616 1143 674 superare
1171 609 1294 657 conetur.
1332 602 1365 658 Ut
1375 605 1435 655 §.ru

83 684 161 756 igitur
183 683 311 740 Maiestas
338 691 428 739 vestra
457 682 561 757 liquido
590 700 757 758 cognoscere
786 684 876 757 possit
902 692 998 740 contra
1021 701 1101 758 quem
1128 684 1236 742 bostem
1259 685 1368 744 ‹limien-

83 778 139 826 tura
165 768 217 832 sit,
247 769 300 824 boc
327 767 553 825 commentariolo
575 767 648 842 style
671 769 731 824 rudi
754 777 782 824 et
802 785 896 824 crasso
919 785 1064 843 exponam,
1089 769 1188 842 quibus
1203 771 1367 843 magistrati·

85 853 131 908 bus
154 859 244 910 totum
267 853 412 927 Imperium
435 860 463 908 et
485 851 546 908 aula
569 852 744 926 [inperatoris
767 854 913 909 Tuscorum
934 853 1118 926 gubernetur,
1143 855 1236 928 quanti
1254 856 1308 912 siut
1324 874 1368 914 or-

66 937 176 994 tdinarii
200 937 304 994 reditus
327 936 447 1013 imperii,
477 955 547 1011 qun⁴¹
565 937 621 993 sint
652 955 751 1010 genera
778 938 894 994 militnm
922 947 951 996 et
979 955 1108 996 numerus
1131 956 1240 1002 eornm,
1270 942 1367 998 modus

83 1011 125 1097 qui'
146 1023 183 1079 sit
206 1023 382 1080 construendi
405 1024 568 1084 exercitum,
591 1040 652 1080 eum
674 1023 825 1096 Imperator
847 1023 905 1096 ipse
928 1022 1001 1078 bello
1029 1023 1151 1079 interest.
1201 1026 1238 1090 ,n
1267 1026 1435 1099 guter-§.te

84 1108 189 1168 natione
213 1107 321 1180 imperii
343 1107 484 1164 exordium
498 1123 619 1164 ‚sumam
657 1107 764 1164 Summa
787 1107 870 1182 igitur
894 1108 977 1164 totius
1000 1107 1106 1182 Imperii
1124 1109 1171 1164 tri·
1187 1118 1193 1183 Ι
1209 1104 1370 1184 ξῗζξξῗξῶἳξξξύ

83 1193 128 1248 bus
150 1191 359 1265 magistratibus
382 1192 563 1264 gubernatur,
587 1209 704 1266 quorum
726 1209 846 1249 suminus
869 1201 910 1249 est
926 1192 1152 1260 (bratuorriratus
1175 1195 1221 1268 qui
1245 1195 1366 1269 ipsorum

82 1276 169 1350 lingua
192 1275 347 1351 appellatur
369 1276 566 1337 Vesierbaseia:
589 1277 617 1332 hi
640 1286 705 1334 sunt
726 1277 863 1352 principes
885 1277 1045 1338 consiliarii.
1070 1278 1116 1351 qui
1139 1288 1237 1352 quater
1259 1280 1286 1334 in
1302 1281 1368 1338 beb-

60 1361 193 1418 1⁰dornada
216 1362 313 1420 sedent
335 1377 385 1435 pro
409 1360 552 1424 tribunali,
586 1362 613 1418 in
639 1361 702 1419 loco
731 1363 777 1436 qui
805 1362 905 1419 dicitur
929 1363 1036 1425 Binan,
1065 1372 1096 1418 ut
1123 1364 1232 1420 audiant
1260 1363 1367 1439 legatos

82 1447 218 1502 nationum
241 1453 269 1503 et
292 1445 430 1502 leontinum
453 1445 684 1520 supplicationes,
708 1464 775 1520 quas
798 1447 957 1521 imperaturi
980 1449 1111 1504 referunt.
1143 1447 1170 1503 hi
1191 1465 1301 1523 quoque
1322 1451 1365 1508 iu·

82 1531 167 1588 dicant
189 1548 302 1588 caussas
325 1547 438 1604 quarunt
460 1532 549 1604 gratia
571 1539 747 1606 provocatum
760 1539 812 1586 ¹est
833 1532 867 1588 ad
888 1532 1089 1606 imperatorem.
1121 1542 1223 1590 etcum
1241 1535 1365 1607 quisbu-

83 1633 137 1674 rum
158 1616 302 1690 depositus
331 1624 378 1673 aut
403 1615 549 1672 defunctus
576 1616 673 1679 inerit,
702 1615 772 1673 alter
798 1616 887 1674 denuo
916 1617 1107 1680 substituitur,
1136 1627 1169 1674 ut
1195 1617 1231 1674 sit
1258 1637 1366 1694 semper

83 1701 256 1775 magistratus
278 1698 512 1768 Quatuorviratns.
555 1701 623 1757 Post
645 1718 726 1777 qneru
748 1694 874 1774 sequitur
895 1703 1070 1776 magistratus
1092 1702 1294 1766 buumviratus.
1319 1705 1433 1778 quieta.

53 1787 178 1842 'edicitur
199 1784 394 1860 Reglerbegbi‚
418 1785 556 1860 principes
578 1786 734 1860 praesidum.
773 1786 800 1841 hi
827 1795 950 1861 presunt
972 1786 1135 1860 presidibus
1156 1788 1366 1862 provinciarum.

82 1879 108 1927 et
128 1879 158 1927 ut
180 1870 226 1927 bic
248 1869 425 1944 magistratus
448 1869 545 1930 melius
568 1869 752 1944 intebigatur.
775 1871 871 1927 divisio
895 1871 979 1928 totius
996 1871 1101 1946 lmperii
1117 1872 1168 1929 boc
1183 1877 1192 1948 Ι
1206 1867 1367 1953 ζῗξξζῑᾎξζξῡκῑ

82 1956 106 2010 in
129 1954 190 2013 loco
213 1953 378 2012 recensenda
401 1963 451 2011 est.
489 1956 578 2012 omnia
606 1957 699 2029 itaque
726 1957 873 2012 Turcarum
901 1974 985 2029 regna
1016 1957 1042 2012 iu
1069 1957 1136 2012 duas
1162 1967 1257 2031 partes
1284 1960 1367 2016 divisa

82 2048 154 2096 sunt:
178 2039 337 2102 orientalis,
361 2056 421 2113 qum
444 2050 616 2115 nuncupatur
630 2040 751 2104 betulia,
781 2048 808 2096 et
835 2040 1024 2104 occidentalis,
1053 2059 1112 2115 quae
1139 2041 1239 2098 dicitur
1259 2049 1267 2120 Ι
1289 2060 1367 2100 nanim

83 2125 218 2183 Romania.
255 2123 361 2182 Natolia
384 2124 436 2180 sita
458 2133 501 2182 est
523 2125 595 2182 ultra
617 2125 839 2199 Hellespontum,
869 2143 929 2198 quae
958 2127 1081 2183 eontinet
1108 2127 1135 2182 in
1164 2144 1193 2182 se
1216 2127 1368 2199 provincias

56 2209 150 2266 ²⁰inlra
173 2209 306 2285 scriptas:
334 2209 500 2283 bithyniam,
523 2211 628 2272 Asiam,
651 2210 857 2285 Cappadociam,
885 2211 1103 2284 Paphlagoniam,
1125 2218 1154 2266 et
1180 2211 1298 2272 Cariam,
1328 2210 1369 2266 ln·

82 2293 151 2352 sulas
172 2312 239 2351 vero
262 2289 425 2368 principales
454 2302 586 2369 quatuor,
614 2295 749 2357 Aeoliam,
776 2295 891 2357 leniam.
921 2295 1037 2352 bosbunr
1065 2305 1093 2352 et
1121 2295 1275 2372 Smyrnam.
1307 2300 1368 2368 qua

82 2379 168 2436 omnia
189 2387 289 2436 nostro
312 2377 405 2436 seculo
429 2380 576 2436 Turnacum
599 2381 714 2436 arlventu
736 2388 901 2436 commutata
923 2389 987 2436 sunt
1009 2389 1037 2436 et
1059 2379 1091 2434 ad
1122 2397 1216 2436 eorum
1245 2379 1367 2454 liugnam

81 2463 291 2523 accommodata.
325 2463 355 2520 ln
377 2463 435 2537 ipsa
452 2465 560 2538 quidem
573 2465 678 2521 Natalia
701 2465 752 2522 ista
768 2474 833 2520 sunt
852 2464 1008 2538 linguarum
1023 2481 1136 2538 genera,
1164 2465 1270 2528 Graeca,
1293 2465 1436 2527 tntaeu.

83 2549 218 2622 Scythica,
240 2548 396 2610 Armenios,
418 2549 619 2623 Aggiamiuioa,
642 2549 794 2612 Cercasica,
816 2549 931 2612 Zissica,
955 2551 1100 2622 Egnasica,
1116 2548 1289 2622 blengloriea,
1306 2551 1369 2606 Wa-

54 2631 180 2691 ²⁵laclrioa
202 2641 231 2690 et
253 2631 387 2690 Rutlretra.
431 2635 534 2691 Tenent
556 2635 648 2708 itaque
669 2642 756 2696 totam
777 2633 910 2691 Notoliam
933 2635 1031 2692 xxxvl
1061 2634 1190 2708 praesides
1219 2634 1368 2696 vexillares.

83 2719 124 2792 qui
148 2721 298 2776 turcarum
321 2717 414 2790 lingua
436 2719 565 2776 dicuutur
587 2719 772 2792 Sangiarchae:
803 2719 837 2776 iis
865 2719 936 2776 enim
951 2721 1102 2794 Imperator
1125 2717 1297 2776 autoritatem
1320 2720 1369 2776 tri·

82 2802 138 2859 bnit
159 2803 285 2876 erigendi
308 2801 404 2858 vexilla
427 2804 453 2859 in
476 2804 597 2878 propriis
614 2803 781 2878 provinciis,
810 2805 911 2878 quibus
936 2811 1067 2879 praesunt.
1112 2801 1232 2871 Quorum
1261 2805 1368 2878 quidem
1422 2841 1428 2848 -

82 2888 226 2961 presidum
249 2887 405 2944 residentiae
427 2886 487 2946 loca
510 2889 629 2964 propriis
651 2887 807 2946 nominibus
828 2889 860 2945 ad
883 2891 1013 2946 maiorem
1036 2889 1075 2944 rei
1098 2887 1304 2962 intelligentiam
1321 2907 1370 2946 no-

83 2973 256 3034 minabimus,
281 2970 404 3030 videlicet
426 2973 546 3036 Amasin,
576 2973 758 3048 Trapezunta,
786 2973 890 3050 Capha,
917 2973 1105 3038 Chesterneni,
1133 2973 1218 3030 bursa
1245 2973 1370 3032 bornussi

56 3056 123 3114 ovet
144 3057 250 3132 Spteli,
275 3057 407 3120 Sarcbau,
436 3057 581 3121 Karaman,
611 3057 796 3122 Usunkassan,
819 3060 921 3134 dydin,
945 3060 1061 3122 tientes,
1088 3059 1221 3132 Laugnri.
1245 3059 1370 3122 llermen,

81 3141 195 3218 Engnri,
219 3141 392 3205 Bnliassirio,
415 3141 547 3218 Englreri,
570 3143 635 3206 lais,
658 3143 870 3207 Charasareben,
895 3143 1127 3205 Ghenirnussolni.
1151 3144 1259 3206 bhesso,
1282 3144 1369 3206 blitili,

82 3225 205 3292 bniutti.
230 3227 353 3302 Sysobup
377 3234 428 3284 eto.
491 3228 621 3286 Romania
643 3245 706 3284 vero
728 3229 852 3286 eontinet
873 3229 1026 3303 provincias
1049 3229 1130 3284 istas:
1159 3245 1221 3301 par·
1243 3234 1251 3302 Ι
1273 3239 1438 3287 romanu-ens,

82 3321 132 3368 um
152 3313 257 3375 Daciae,
281 3311 435 3375 Thraciam.
458 3313 629 3375 Dardaniam,
652 3312 791 3376 Achaiam.
813 3312 1046 3389 Peloponnesum,
1074 3313 1263 3375 Acarnaniam,
1287 3312 1372 3368 blace-

82 3395 200 3462 douiam,
224 3396 351 3470 Epirum,
374 3396 494 3454 baseium
516 3397 654 3471 ctlllyriae
676 3405 790 3472 partem.
827 3407 856 3454 et
876 3399 942 3473 ipsae
963 3397 1111 3475 provinciae
1132 3397 1291 3470 gubernatae
1306 3403 1371 3452 suot

55 3487 129 3555 ³tper
150 3481 221 3538 fidos
245 3479 387 3537 vexillares
415 3481 456 3538 vel
478 3480 658 3556 Sangiarchos
686 3482 760 3538 XXV.
790 3500 906 3556 querum
932 3483 992 3540 loca
1023 3482 1179 3539 residentiae
1208 3489 1272 3538 suut
1304 3481 1370 3536 ista:

83 3564 170 3628 llilim.
192 3563 375 3643 llioapogliae,
397 3565 523 3641 lldyngb,
546 3566 686 3641 Callipoli,
710 3568 804 3629 Seres,
828 3567 976 3642 Salonycb,
1001 3567 1191 3640 Negroponte,
1207 3567 1306 3628 blorea,
1323 3567 1372 3620 Ar·

83 3659 244 3722 gnocaatro,
269 3649 388 3711 larnane.
409 3651 538 3713 Presrer.
561 3652 660 3714 (theid,
689 3652 868 3714 Venetorum,
898 3652 1039 3714 Costadin,
1069 3651 1232 3714 Cernomeu‚
1261 3650 1370 3722 baigau,

84 3734 189 3798 Scodri,
220 3735 396 3797 Smederora,
423 3737 611 3800 Bosoaverbo,
625 3736 762 3811 ,Zonnya
793 3737 945 3800 liruzenne,
974 3735 1089 3794 Svoriiok
1117 3735 1188 3792 circa
1217 3735 1371 3791 Taurinum,

84 3819 232 3878 laruarum
256 3820 347 3894 itaque
370 3838 454 3895 regna
477 3822 503 3878 in
527 3821 579 3878 Llll
602 3823 755 3896 provincias
777 3822 993 3884 distribuuntur.
1015 3829 1044 3878 et
1066 3821 1093 3876 in
1109 3819 1228 3894 qualibet
1244 3827 1307 3876 sunt
1322 3819 1372 3874 rui·

57 3903 157 3969 utites,
181 3903 284 3980 quibus
305 3905 364 3978 agri
387 3907 517 3980 assignati
540 3916 619 3968 sunt.
643 3907 715 3963 unde
737 3906 841 3970 vivunt,
866 3907 912 3982 qui
935 3906 1034 3963 Timeri
1057 3904 1150 3981 appel·
1171 3899 1178 3970 Ι
1201 3897 1371 3976 lffltlsssswlffi

85 3987 184 4054 tantur,
207 3989 241 4046 de
264 3988 363 4062 quibus
385 4000 482 4064 postca
504 3992 670 4052 mentionem
692 3991 830 4050 iaciemus.
874 3991 1042 4066 Beglerbegh
1065 4007 1131 4064 ergo
1155 3990 1210 4046 sive
1233 3989 1369 4064 principes
1380 4004 1398 4054 a.
1409 4006 1443 4054 ie,

85 4075 225 4146 presidum
250 4073 365 4148 quilibet
387 4074 415 4130 in
437 4094 486 4135 sua
509 4085 586 4150 parte
609 4075 668 4134 sinc
690 4077 852 4152 praesidibus
875 4079 1004 4152 imperat,
1034 4075 1159 4132 videlieet
1181 4092 1251 4131 unus
1274 4076 1300 4130 iu
1322 4074 1374 4130 Na·

86 4158 159 4223 tolia.
183 4159 254 4218 alter
279 4159 307 4214 in
328 4157 472 4224 Romania,
500 4169 528 4217 et
557 4161 580 4218 si
609 4179 669 4235 quse
696 4162 838 4222 discordiae
870 4163 941 4219 inter
963 4161 1064 4218 milites
1087 4167 1154 4218 orte
1176 4161 1292 4222 tuerint,
1321 4159 1373 4233 ipsi

84 4243 251 4308 discernunt,
289 4261 405 4317 quorum
435 4246 509 4302 iussa
538 4247 670 4320 praesides
695 4245 773 4303 nulle
801 4255 881 4323 paeto
917 4253 1065 4303 retractare
1093 4255 1218 4319 possunt.
1256 4254 1283 4301 et
1311 4244 1374 4318 quia

57 4329 203 4386 nomnium
225 4329 429 4404 possessionum
451 4329 610 4390 militarium
632 4329 743 4388 collatio
766 4332 798 4388 ad
827 4330 915 4388 solum
936 4331 1129 4406 imperatorem
1152 4331 1283 4404 pertinet,
1314 4330 1372 4403 qui-

86 4409 148 4470 libet
169 4413 348 4472 nibilominus
368 4406 537 4492 beg'lcrbegh
560 4417 587 4474 in
610 4416 667 4472 suis
690 4417 835 4490 provinciis
858 4418 983 4476 conferre
1006 4423 1098 4490 potest
1120 4416 1162 4472 cni
1186 4414 1242 4472 vult
1264 4431 1372 4490 posses·

86 4496 184 4556 sionem
206 4499 240 4556 ad
262 4516 394 4558 summam
416 4501 536 4576 aspriunt
560 4500 680 4575 quinque
703 4499 792 4565 mille,
821 4503 874 4560 boc
900 4509 943 4558 est
971 4501 1130 4559 ducatorum
1160 4510 1277 4556 contrua.
1321 4500 1372 4556 Per

132 4679 320 4746 ¹⁰Dnyautt.,
355 4681 538 4747 ”quemme
590 4681 611 4714 ¹⁸
628 4681 785 4734 Orientalie
799 4691 824 4734 et
843 4683 1039 4736 Occidentalis
1050 4687 1083 4734 R.
1135 4680 1156 4714 ²⁰
1174 4681 1371 4734 Sandaohakm.

88 4759 370 4832 ”lidie-{mentorem
405 4765 428 4800 ³⁸
445 4783 495 4835 par
511 4767 630 4834 perfidos
641 4772 673 4818 n.
