3410 5524
340 431 411 504 116
432 461 555 498 nvnrttttt
564 461 601 497 ΔΙ)
609 459 758 498 narbonens
771 458 898 498 utrumn
912 461 1022 496 nsum
1035 461 1135 497 'nvncts
1148 457 1289 496 littorum
1302 459 1527 496 bxttom'ronra.
1541 445 1620 506 (lita.)

336 617 404 686 lias,
435 616 567 678 etmulti
589 635 623 677 ao
646 633 724 695 saepe
746 617 958 693 migraverunt,
982 615 1029 675 alii
1051 613 1243 676 obtinuerunt
1264 614 1469 694 Hispaniarum
1493 625 1619 694 partem:

268 729 326 778 §.aa
338 718 536 798 Langobardi,
560 727 693 779 nosuunr
715 725 745 778 et
764 719 820 796 ipsi
842 733 951 794 penus,
974 735 1032 778 nou
1055 717 1212 795 pessimam
1234 703 1323 776 ltaliae
1343 718 1511 794 portionem
1533 716 1619 794 pulsis

335 823 385 900 qni
407 817 574 880 incolebant
596 805 783 881 habitandam
806 826 999 896 aeceperunt;
1028 819 1160 881 Saxones
1182 827 1211 880 et
1232 817 1312 878 Secti
1334 817 1531 886 Britanniam
1555 818 1617 878 Vin·

334 923 434 992 deliei,
465 921 551 982 Suari
580 928 608 982 et
630 921 728 982 Norici
756 921 895 1001 quicquid
924 921 1003 982 iuxta
1025 919 1156 982 Athesim
1184 908 1220 980 aid
1243 918 1416 994 Tridentum
1446 937 1541 998 usque
1569 929 1616 989 est,

333 1013 479 1102 iidemque
493 1025 642 1084 maiorem
665 1023 770 1103 lllyrici
793 1031 907 1101 partem
929 1030 958 1084 et
980 1041 1045 1102 φη
1065 1023 1096 1082 in
1126 1021 1183 1098 illis
1204 1020 1327 1099 Alpibus
1354 1019 1443 1082 incoli
1470 1029 1633 1099 potamum-³

318 1131 483 1203 praeterea
503 1124 534 1184 io
560 1122 672 1186 ltaliam
699 1123 882 1187 transierunt
909 1124 1003 1186 Graeci
1030 1132 1060 1184 et
1087 1123 1176 1194 Galli,
1209 1139 1388 1204 rursumque
1419 1124 1451 1183 in
1478 1121 1615 1184 Graeciam

335 1226 425 1296 Galli;
452 1227 482 1286 in
511 1229 712 1306 septentrione
740 1245 810 1288 vero
838 1231 979 1305 quantum
1008 1234 1155 1286 terrarum
1184 1227 1214 1286 in
1242 1227 1335 1306 ipsam
1357 1242 1452 1304 usqne
1472 1221 1615 1304 Scythiam

265 1329 420 1390 totnonis
448 1328 575 1390 accrevit
601 1348 635 1390 ac
662 1348 679 1390 a
701 1329 809 1390 nostris
830 1326 968 1388 incolitur
990 1326 1174 1390 bominibus!
1197 1326 1269 1388 'lam
1291 1328 1378 1389 rariae
1399 1329 1431 1388 in
1453 1329 1615 1407 propinquo

334 1429 515 1492 mutantibus
543 1447 576 1491 se
607 1430 697 1492 rebus
727 1449 785 1492 uua
807 1431 870 1490 haec
893 1430 970 1490 natio
994 1428 1087 1510 qualis
1109 1428 1146 1492 ab
1168 1429 1251 1490 initio
1273 1430 1342 1500 luit,
1370 1429 1409 1489 ita
1437 1429 1560 1496 mansit,
1588 1435 1614 1487 ut

332 1532 418 1593 hodic
441 1529 560 1593 ultimus
582 1534 706 1612 quisque
728 1534 764 1594 ad
786 1535 914 1612 primurn
936 1530 1063 1620 aliquem
1085 1530 1200 1592 relerre
1221 1533 1314 1610 possit
1334 1547 1416 1591 suam
1438 1532 1465 1592 si
1480 1528 1639 1590 velitari-o

333 1631 447 1712 ginema
468 1649 618 1712 nunquam
641 1625 719 1696 euim
741 1636 818 1714 apud
841 1651 897 1695 nos
918 1634 1115 1696 consederunt
1137 1635 1243 1703 exteri,
1266 1648 1417 1710 nunquam
1432 1630 1612 1694 alieuiusna·

332 1736 420 1795 tionis
442 1734 500 1795 buo
521 1753 554 1796 se
568 1737 680 1797 minuit
701 1735 903 1816 superfluitas:
932 1753 1033 1796 verum
1061 1743 1094 1795 ut
1114 1733 1293 1796 obtinuimus
1306 1751 1352 1796 ne
1374 1735 1440 1812 quis
1461 1732 1548 1794 nobis
1568 1749 1611 1792 er·

334 1845 437 1898 ternus
459 1839 637 1915 imperaret·
656 1839 697 1897 ita
719 1837 828 1899 laetum
851 1855 889 1900 ne
912 1855 967 1918 qua
991 1836 1232 1912 alinu'tlciaetata
1255 1853 1328 1915 gens,
1342 1836 1392 1898 bio
1405 1835 1492 1898 sedes
1506 1835 1611 1914 tigerat,

332 1939 380 1999 iric
404 1938 583 2000 domicilium
606 1938 729 2008 locaret;
752 1940 827 2002 adeo
849 1947 880 2001 ut
901 1957 1027 2018 perraro
1047 1929 1279 2000 etiam'externa
1294 1937 1350 2000 sibi
1365 1936 1514 2000 manubia
1528 1937 1611 1998 uno-

264 2053 382 2104 §.rores
402 2043 506 2110 vestri,
529 2041 692 2120 principes,
716 2059 775 2120 quo
796 2059 834 2104 ne
856 2040 903 2102 illa
925 2041 1075 2102 vitiaretur
1097 2039 1294 2110 Germanltas,
1322 2038 1505 2110 admiserint
1547 2036 1638 2108 Quen

332 2161 398 2204 carm
420 2143 570 2221 proposita
593 2141 674 2203 vobis
694 2142 840 2213 babeatis,
863 2158 985 2222 operam
1006 2160 1066 2204 non
1088 2141 1193 2204 dabitis
1209 2148 1242 2204 ut
1255 2143 1305 2220 qui
1318 2141 1427 2202 banea
1442 2159 1544 2204 rerum
1558 2141 1611 2220 pri·

332 2245 447 2305 morolio
464 2243 701 2306 coniunctionem
715 2247 747 2306 in
762 2244 927 2324 hocusque
943 2251 1059 2324 tempus
1074 2243 1244 2315 deduxistis,
1267 2261 1384 2322 semper
1399 2244 1489 2314 eires,
1503 2259 1612 2320 sempor

331 2344 497 2425 populares,
513 2348 603 2408 immo
618 2363 735 2425 semper
751 2347 876 2425 cognati,
891 2363 1008 2426 semper
1023 2347 1138 2416 iratres,
1155 2347 1323 2408 domesmae
1338 2345 1507 2428 concordiae
1520 2345 1612 2424 prasi·

331 2447 379 2510 dio
394 2466 454 2509 non
469 2445 565 2510 solnm
580 2447 617 2508 ab
634 2450 742 2510 exteris
758 2449 821 2519 tuti,
837 2447 890 2510 sed
905 2447 970 2508 orbi
981 2448 1072 2526 ¹etiam
1088 2457 1237 2510 terrarum
1252 2446 1454 2510 formidabiles
1466 2445 1548 2508 sitisl
1569 2451 1612 2506 aut

331 2551 428 2629 siquid
446 2549 572 2612 antehae
588 2561 718 2612 erratum
735 2557 788 2622 est,
811 2550 891 2628 quod
913 2553 1022 2612 mutari
1043 2569 1103 2612 non
1124 2557 1236 2630 potest,
1259 2549 1446 2629 compensari
1465 2555 1562 2626 potest
1579 2565 1637 2606 ara

331 2654 483 2722 resarciri,
512 2669 591 2713 nunc
613 2654 643 2713 in
664 2669 768 2730 magna
791 2667 892 2717 rerum
915 2653 1088 2716 necessitate
1109 2669 1169 2714 oon
1191 2649 1327 2712 omnibus
1350 2649 1491 2730 depositis
1511 2649 1609 2728 passim
1688 2713 1689 2740 ¹

332 2752 541 2824 simultatibus,
570 2753 688 2815 oliensis
717 2771 751 2814 ac
770 2745 937 2843 inimiciu'is
962 2755 1092 2816 unanimi
1120 2771 1265 2818 consensu
1287 2752 1393 2814 'lineis
1420 2751 1482 2832 (qui
1510 2751 1611 2813 siber

265 2844 271 2856 ’
333 2856 421 2924 desit,
445 2873 532 2934 quarn
556 2873 591 2916 ea
612 2863 708 2916 restra
731 2855 911 2918 dissensione
933 2857 1123 2934 operiuntur,
1146 2856 1276 2926 occasio,
1306 2854 1415 2918 frustra
1437 2855 1473 2916 in'
1489 2871 1544 2916 nos
1562 2855 1610 2935 im·

250 2963 434 3035 'tmpeturu
456 2957 589 3035 iecerint)
613 2955 776 3017 obsistatis?
799 2957 857 3020 Sed
880 2966 912 3020 ut
933 2956 1006 3020 nulli
1027 2959 1084 3020 sint
1105 2958 1223 3028 Turoae,
1246 2966 1279 3018 ut
1299 2955 1398 3020 nullos
1418 2955 1535 3018 abunde
1555 2973 1610 3016 me

330 3065 393 3129 trs,
416 3065 513 3120 tamen
534 3057 590 3137 ipsi
605 3059 768 3119 Germaniae
790 3077 865 3139 opus
887 3068 931 3121 est
952 3059 1108 3122 eoncordia
1130 3059 1312 3138 principum:
1335 3075 1423 3140 quarn
1446 3060 1502 3122 nisi
1521 3058 1637 3120 suumn

333 3159 507 3230 obtinuerit,
535 3160 596 3220 suis
626 3159 686 3238 ipsa
715 3162 845 3238 peritura
860 3161 983 3226 utribus
1006 3168 1064 3222 cst:
1093 3169 1181 3240 atque
1201 3161 1261 3222 boc
1281 3163 1349 3242 quis
1368 3179 1428 3224 non
1455 3161 1541 3224 scutit
1566 3158 1610 3237 qui

333 3263 420 3327 modo
441 3262 519 3323 videt
541 3270 669 3324 vestrum
692 3263 823 3341 qnotidie
844 3264 957 3344 aliquos
979 3263 1090 3324 irivolis
1113 3281 1148 3324 er
1170 3264 1280 3324 caussis
1300 3272 1417 3326 mutuas
1436 3263 1610 3324 inmusiones

331 3363 444 3434 lacere,
469 3381 577 3441 peoora
599 3362 734 3443 abigere,
759 3364 839 3426 villas
853 3384 887 3426 ac
901 3367 981 3428 vicos
994 3383 1137 3438 exurere,
1160 3348 1248 3444 agros
1261 3363 1413 3444 populari,
1435 3373 1549 3442 segetes
1561 3361 1609 3422 ob·

330 3473 442 3536 terere,
472 3465 592 3526 finitima
621 3483 745 3545 quaeque
771 3475 851 3528 vasta
871 3467 1016 3530 reddere?
1031 3450 1102 3529 'iarn
1129 3469 1217 3529 edam
1239 3465 1331 3528 urbes
1353 3465 1490 3530 obsidere
1512 3485 1545 3530 ae
1563 3483 1608 3526 er·

330 3583 464 3646 pugnare
486 3559 620 3647 et'quasi
643 3567 807 3638 Tuscorum
829 3569 942 3646 regiam
964 3570 1109 3648 ceperint,
1139 3570 1182 3631 sic
1204 3571 1279 3631 iutra
1295 3569 1461 3646 Germaoip
1479 3584 1635 3630 nonnunao

263 3683 418 3748 §.anquam
441 3670 549 3748 oppida
570 3670 631 3748 igni
653 3688 687 3730 ac
708 3671 790 3730 lerro
812 3671 955 3749 grassari?
977 3671 1039 3733 Nee
1060 3691 1076 3732 a
1099 3689 1147 3733 me
1162 3679 1260 3734 tamen
1274 3672 1333 3744 dici
1347 3657 1402 3732 ista
1418 3673 1608 3752 quodannis

318 3789 380 3834 vvos
401 3771 517 3834 mabam
538 3775 568 3833 iu
591 3772 668 3834 lianc
690 3772 806 3850 eulpam
828 3767 948 3850 pute'tis,
971 3779 1021 3834 aut
1042 3772 1079 3834 dc
1094 3772 1229 3836 omnibus
1245 3759 1470 3852 sitbaec'lama:
1493 3772 1523 3834 id
1537 3768 1607 3850 quod

329 3872 420 3934 semel
441 3874 596 3952 prelatum
619 3891 683 3936 esse
705 3875 774 3936 satis
796 3873 877 3933 volo:
909 3874 1030 3936 omnino
1056 3882 1127 3938 sunt
1153 3875 1204 3952 qut
1231 3875 1295 3937 bae
1322 3873 1608 3954 temerationem

330 3977 381 4060 qui
403 3975 462 4053 (sed
485 3978 567 4037 venia
590 3975 668 4038 dicto
690 3977 736 4057 sit)
760 3973 917 4038 discordiis
937 3993 972 4038 ao
993 3975 1188 4039 seditionibus
1211 3977 1287 4038 miro
1310 3976 1406 4056 smdio
1429 3985 1463 4038 ot
1486 3973 1609 4056 apposita
1684 3983 1685 4023 1

330 4071 476 4152 diligentia
501 4077 571 4138 dant
592 4092 727 4158 operam;
757 4079 808 4155 qni
834 4069 962 4156 rapiu'nt
975 4096 1010 4138 ac
1032 4079 1186 4158 diripiunt;
1214 4096 1268 4158 per
1290 4077 1371 4157 qnos'
1385 4079 1433 4150 lit,
1453 4086 1509 4160 ut,
1536 4071 1636 4154 quoda

330 4178 385 4237 isto
400 4176 611 4251 maximilianus
632 4195 748 4241 summo
771 4185 877 4240 conatu
900 4178 1059 4258 probibere
1081 4181 1192 4250 studet,
1214 4195 1365 4259 nunquam
1380 4178 1540 4244 bunoldis
1550 4191 1606 4238 nou
1683 4165 1684 4192 ¹

331 4275 460 4339 abundet
482 4280 654 4372 Germania,
683 4280 903 4344 ut‘devastetur
924 4282 1020 4361 patria
1041 4301 1077 4344 ac
1106 4283 1336 4352 comminuatur,
1365 4287 1400 4344 ut
1427 4277 1607 4360 usuqotttum
1683 4277 1684 4340 l

263 4398 281 4448 o.
290 4399 321 4445 oa.
333 4379 370 4439 sit
391 4377 440 4440 bio
460 4379 547 4452 nibil,
571 4383 667 4443 omnia
691 4381 786 4443 turbis
807 4401 841 4444 ac
862 4381 1034 4446 tumtdtibus
1055 4381 1151 4464 plena,
1196 4383 1290 4456 Quam
1311 4383 1511 4462 indignitatem
1525 4379 1607 4458 siqui
1650 4383 1658 4406 ⁰

333 4513 534 4528 fl*—

398 4597 435 4632 ⁸⁴
455 4599 603 4664 Vindelyei
622 4603 652 4650 1.-
710 4599 884 4668 ‘iidemque
902 4611 932 4654 tr.
984 4605 1183 4656 8Τιιιιι.1.2.·
1228 4603 1248 4638 ¹⁸
1271 4607 1326 4656 imo
1342 4607 1369 4658 1.
1437 4602 1510 4654 fler.
1522 4598 1572 4654 rol·
1584 4597 1605 4650 1·

330 4700 356 4751 pa
368 4683 416 4738 201
430 4701 470 4750 q.
484 4685 639 4769 §§.38eqq.
691 4685 714 4718 ²⁸
733 4701 767 4738 ee
785 4691 921 4740 taeta
969 4687 1130 4754 ”ceperint
1141 4692 1167 4740 1.
1185 4690 1322 4756 eoeparint
1332 4691 1390 4742 M.
1426 4681 1606 4750 “alardotlle-

330 4769 410 4848 gibus
427 4767 493 4819 latis
511 4785 571 4835 quae
589 4771 767 4834 Londsrr'edeo
786 4771 969 4838 adpellantor.
1022 4789 1056 4824 ne
1074 4787 1192 4839 unquam
1210 4778 1234 4825 1.
1242 4777 1267 4824 2.
1285 4789 1356 4824 corr.
1367 4774 1397 4824 Ι.
