3434 5512
343 405 415 475 314
454 435 556 469 erosis
570 435 595 470 x.
610 435 719 470 corrue
734 437 887 472 urrunnun
899 437 990 472 urum
1005 437 1067 472 nur.
1077 433 1173 473 tnrvn.
1188 438 1212 472 u.
1222 433 1280 472 unm.
1299 415 1322 474 ὁ.
1336 437 1461 473 unsrun
1476 437 1565 474 neres.

426 589 495 671 [34]
518 592 679 652 ‘Praetinri
705 593 850 652 aduersus
876 592 991 653 Terras
1017 601 1061 653 est
1087 610 1262 674 repnpnore
1281 596 1340 654 deo
1369 594 1502 654 ot'siianti
1523 597 1629 669 iniqui-

339 699 412 752 tates
428 700 554 752 neustras.

424 792 495 874 [35]
518 795 607 854 bema
625 803 671 856 est
690 803 802 868 certas,
823 814 854 855 se
874 813 933 856 nen
954 813 1072 872 semper
1090 815 1220 872 peceare
1241 801 1415 868 mortaliter,
1437 805 1562 874 propter
1580 816 1629 858 oc-

339 899 531 956 cnttissimum
552 898 700 972 superbiae
719 900 834 958 eiciam.

425 996 495 1079 [36]
518 998 657 1058 Liberum
679 1000 835 1060 arbitrium
851 1007 921 1076 post
939 1009 1094 1076 peccatum
1115 1007 1159 1062 est
1179 1019 1228 1064 res
1250 1004 1288 1062 de
1309 1006 1370 1063 soto
1391 1005 1489 1072 tituto,
1516 1012 1545 1062 et
1564 1003 1646 1061 dm

335 1100 417 1173 facit
434 1101 515 1175 qnod
530 1103 560 1160 in
578 1118 610 1160 se
630 1109 690 1176 est,
707 1110 817 1175 peccat
836 1104 1009 1164 mortaliter.

427 1200 497 1282 [37]
520 1204 731 1278 Paraetorinm
756 1219 815 1262 non
833 1213 929 1278 potest
946 1206 1075 1280 probari
1092 1222 1132 1265 ex
1152 1221 1244 1266 sacra
1263 1209 1429 1282 scripturo,
1458 1223 1527 1280 prem
1547 1209 1583 1266 sit
1600 1209 1628 1264 in

338 1320 463 1364 canone.
1404 1297 1408 1307 ⁴

426 1405 496 1485 [38]
521 1407 636 1466 Animae
656 1408 688 1466 in
708 1409 886 1482 perpeterio
906 1425 965 1474 non
986 1417 1055 1468 sunt
1074 1425 1191 1470 secure
1213 1411 1252 1468 de
1271 1425 1373 1470 eornm
1395 1412 1506 1480 sainte,
1532 1413 1627 1468 saitem

338 1524 455 1578 omnes‚·
472 1525 527 1568 nec
541 1509 701 1584 probatum
716 1515 760 1569 est
775 1511 843 1568 attis
863 1517 917 1570 ant
931 1510 1095 1571 rationibus
1111 1520 1164 1571 atet
1176 1513 1349 1587 scriptoris,
1371 1514 1454 1587 ipsas
1467 1527 1532 1571 esse
1546 1519 1653 1570 emron

338 1618 447 1669 statum
470 1611 621 1687 merendi,
642 1620 696 1670 ont
718 1609 867 1685 carpendae
887 1611 1052 1672 eboricum.

425 1711 495 1791 [39]
518 1711 634 1772 Animae
654 1715 685 1771 in
701 1715 882 1786 purputoriu
901 1719 1033 1789 peceant
1047 1718 1113 1776 sitae
1127 1717 1356 1790 intermissione,
1384 1715 1530 1790 qimandin
1548 1731 1626 1790 pne-

339 1821 411 1872 rnnt
430 1816 575 1888 reputem,
596 1821 626 1874 et
646 1814 769 1874 torrent
786 1831 902 1890 peenas.
1146 1867 1154 1881 ,

425 1914 495 1995 [aa]
516 1917 633 1977 Anima
654 1935 694 1975 ea
707 1918 889 1990 peccatorio
912 1917 1047 1978 liberatae
1067 1915 1225 1992 suffropiis
1247 1919 1402 1978 vicentinis
1422 1920 1521 1978 mimis
1541 1917 1626 1978 bean

340 2027 390 2077 tnr
407 2033 497 2092 qnam
518 2019 547 2078 si
560 2035 620 2093 per
641 2035 673 2078 se
693 2016 915 2088 satisfecissent.
1210 2013 1219 2026 ‘
1633 2029 1653 2068 ¹⁵

426 2115 494 2199 [ii]
520 2119 648 2181 Proetati
667 2122 865 2180 ecclesiastici
880 2128 909 2180 et
919 2123 1078 2197 principes
1093 2123 1257 2182 seecntares
1270 2137 1329 2182 non
1343 2122 1586 2196 malefacerent,
1604 2124 1628 2180 si

340 2239 440 2283 omnes
461 2227 580 2283 'suecos
597 2223 796 2282 mendicitatis
812 2222 960 2312 ,delerent

340 2425 477 2486 incendio
516 2425 689 2502 conflagrem
765 2421 874 2484 'Vobis
906 2424 1023 2502 quidem
1057 2423 1247 2486 Pontificibus
1281 2425 1337 2486 hue
1369 2425 1498 2506 praeiinri
1536 2435 1625 2488 cunin

340 2523 452 2589 Turnus
479 2546 557 2607 saepe
587 2527 645 2586 inm
674 2543 781 2604 magno
809 2527 863 2586 init
892 2525 992 2598 lucro,
1021 2527 1090 2588 dum
1120 2527 1275 2608 peccuniam
1303 2528 1441 2606 exegistis
1462 2530 1493 2588 in
1516 2529 1625 2589 Germa·

340 2631 386 2690 nin
418 2635 556 2708 quantam
585 2625 685 2695 tibuit,
723 2645 779 2705 qua
810 2627 1026 2705 expeditionem
1055 2628 1132 2690 huno
1167 2627 1204 2706 (id
1238 2629 1319 2708 quod
1346 2647 1499 2709 rrunquem
1528 2633 1652 2709 aegimio

345 2731 397 2792 stis
413 2733 501 2808 serio)
517 2729 783 2810 prosequeremini.
823 2729 895 2790 Nam
912 2731 935 2790 si
951 2729 1043 2791 semei
1059 2728 1278 2792 deireiiarentur
1294 2730 1414 2800 ancae,
1431 2751 1520 2810 «punem
1537 2739 1626 2812 postea

340 2831 455 2892 hostem
480 2835 591 2910 tingere
613 2829 726 2891 velletis
742 2837 897 2910 tantopere
913 2832 1165 2911 oppugnandum?
1199 2829 1297 2902 Quare
1318 2833 1432 2903 mitius,
1457 2833 1528 2903 Leo,
1551 2833 1626 2892 irasri

341 2932 432 2993 debes
455 2935 638 3004 Germaniae,
663 2933 742 3012 qnod
766 2933 885 2993 biennio
908 2933 1017 2995 abhinc
1038 2952 1099 2994 uon
1122 2933 1230 2996 audivit
1252 2943 1332 2994 tunm
1356 2935 1385 2996 iu
1400 2933 1515 2996 Turoas
1531 2933 1625 2995 exhor·

342 3035 498 3114 tutionem:
522 3051 582 3094 uun
606 3015 683 3096 enim
706 3034 862 3096 videbatur
885 3054 949 3096 esse
972 3036 1027 3096 nisi
1054 3035 1235 3114 impostura,
1260 3042 1375 3096 etcum
1403 3036 1487 3106 dolo,
1512 3055 1564 3116 per
1584 3055 1626 3095 or·

280 3217 283 3224 Ι
341 3137 489 3197 censionem
515 3137 650 3197 arantis.
730 3137 813 3216 ¹ipse
835 3143 886 3198 tuo
908 3136 1028 3208 metniS,
1052 3137 1181 3217 alioquin
1204 3157 1270 3198 cum
1288 3137 1418 3198 Luthero
1434 3155 1468 3198 ac
1483 3137 1651 3198 nobissimis

341 3237 467 3298 sentires
489 3245 519 3299 et
540 3239 613 3318 ipse.
644 3257 740 3320 ireque
768 3257 897 3318 unquam
921 3237 1109 3301 dissensuros
1132 3261 1179 3309 es,
1207 3242 1231 3300 si
1260 3241 1325 3319 quis
1355 3241 1392 3300 nd
1421 3239 1626 3300 confessionem

341 3339 439 3416 adigat
461 3339 671 3400 conscientmm
694 3348 783 3402 tunm.
820 3341 861 3401 ltu
878 3342 929 3418 qui
944 3341 1106 3402 secundum
1123 3359 1242 3404 carnem
1258 3329 1340 3412 sunt,
1365 3359 1430 3420 quse
1446 3342 1546 3401 carnis
1558 3345 1625 3404 sunt,

340 3421 474 3521 sapiunt:
499 3443 548 3521 qui
572 3460 641 3506 uere
664 3427 827 3503 seeundum
850 3443 1006 3520 spiritum,
1030 3460 1096 3521 quae
1118 3449 1188 3503 sunt
1209 3444 1330 3523 spiritus
1352 3425 1493 3504 sentiunt.
1523 3442 1564 3502 Te
1583 3457 1625 3500 au·

340 3550 400 3604 tem
423 3543 494 3624 quid
517 3545 596 3604 iuvas
618 3541 707 3604 multu
732 3544 923 3623 conquirere,
954 3550 987 3604 ut
1008 3543 1171 3606 Lutherum
1195 3543 1330 3612 damnes,
1361 3562 1428 3604 cum
1458 3543 1517 3605 buc
1537 3541 1625 3622 paucis

341 3645 492 3724 potueris?
521 3664 628 3724 nempe
657 3647 682 3706 si
704 3645 834 3707 breviter
857 3653 885 3706 et
908 3665 966 3708 uuo
989 3645 1079 3708 verbo
1103 3647 1227 3715 itineris,
1259 3643 1346 3726 (quod
1370 3643 1406 3706 ab
1430 3643 1480 3704 iilo
1510 3643 1649 3722 gradiere

341 3747 447 3808 accidit
469 3745 531 3826 tibi)
556 3747 623 3826 quin
647 3747 831 3828 tyrannidem
855 3753 935 3808 tunm
959 3749 1152 3828 oppugnavit,
1182 3747 1221 3808 ob
1249 3739 1341 3826 idque
1367 3765 1432 3808 esse
1456 3745 1622 3810 haereticum.

342 3856 372 3910 et
393 3847 488 3930 siquid
512 3847 652 3910 haeretico
670 3850 758 3927 peius
780 3848 877 3910 adiens
900 3855 952 3910 est.
987 3868 1055 3910 nem
1085 3849 1211 3910 aliorum
1242 3848 1381 3928 quicquid
1409 3855 1467 3918 est,
1498 3845 1623 3908 iuciieiu

342 3944 391 4011 iilo
415 3951 517 4011 serres
555 3949 683 4011 nevero
707 3957 873 4029 oportette
905 3951 1100 4032 eoirsyderare
1126 3951 1259 4020 interim,
1288 3949 1380 4012 irater
1407 3949 1482 4020 Leo,
1513 3969 1546 4010 er
1571 3947 1623 4006 offl-

344 4053 389 4112 cio
405 4070 443 4113 ne
458 4054 495 4112 sit
518 4058 586 4120 tuo,
611 4053 780 4131 opprimere
802 4070 836 4112 ae
859 4051 998 4114 enudare
1020 4053 1050 4112 in
1073 4037 1190 4130 negotiu
1213 4052 1334 4112 irenem
1359 4059 1457 4120 tuum.
1481 4057 1621 4131 propterea

342 4151 421 4231 quod
445 4151 524 4213 uitur
546 4161 590 4214 est
614 4153 750 4214 dominus
772 4152 809 4214 de
831 4153 866 4214 iis
889 4153 1035 4215 omnibus.
1078 4152 1178 4233 ipsum
1201 4153 1319 4232 quidem
1343 4153 1507 4212 Lutherum
1528 4151 1645 4210 semus

343 4269 402 4312 nun
430 4271 582 4314 cessurum
610 4253 677 4322 tibi,
708 4256 775 4332 quia
805 4255 944 4316 deserere
967 4255 1134 4326 veritatem,
1164 4272 1252 4333 quam
1278 4252 1369 4314 semei
1393 4249 1621 4332 propugnandum

343 4354 488 4432 suscepit,
512 4361 610 4415 tantus
632 4355 747 4416 animus
769 4371 828 4416 nun
852 4363 958 4437 potest.
996 4356 1040 4416 Tu
1057 4356 1193 4435 uiridem,
1217 4365 1333 4426 metuo,
1358 4361 1390 4416 ut
1411 4355 1545 4416 resistas:
1565 4347 1621 4431 quid

411 4571 524 4639 ¹nisit]
544 4573 580 4624 oi.
594 4573 696 4624 Pnulm.
711 4575 887 4628 LXXXVIII.
899 4575 940 4628 33.
964 4577 1031 4628 lsai.
1044 4575 1142 4627 xxvi.
1153 4575 1196 4626 21.
1219 4574 1436 4627 unionem
1505 4571 1525 4606 ¹²
1542 4565 1620 4625 tietb

344 4657 411 4720 tide.
482 4656 503 4691 ¹³
522 4657 797 4711 neumasensium
813 4660 1055 4725 Ture.§§.13.sq.
1125 4657 1147 4692 ²⁵
1166 4651 1618 4724 et.Puultep.1.nuTnm11.b

343 4741 366 4775 ¹⁷
377 4742 425 4810 qni
437 4757 494 4794 see.
508 4741 547 4811 e]
560 4743 643 4796 Pauli
657 4760 700 4812 ep.
715 4745 750 4795 nd
763 4745 841 4795 Rom.
855 4745 961 4795 VHLb.
1014 4743 1037 4776 ⁸⁸
1053 4741 1136 4812 ultor]
1155 4745 1192 4796 ei.
1206 4743 1304 4794 larem.
1318 4741 1413 4796 ΗΜ.
