3434 5512
554 1093 726 1152 lllCGllAlllll
747 1093 944 1151 unutttotutt
1127 1147 1130 1154 .

291 1221 295 1230 ·
368 1209 417 1260 DE
438 1209 634 1260 CONVENTV
651 1209 877 1262 AVGVSTENSI
898 1209 1127 1262 DESCRIPTIO.

188 1368 222 1423 dt
250 1365 341 1450 Cpesar
367 1384 427 1424 cum
451 1367 618 1424 'lburcarum
638 1367 790 1442 ’imperium
823 1383 853 1424 ae
881 1367 952 1424 vires
974 1367 1061 1426 indies
1084 1367 1177 1443 augeri
1200 1369 1390 1443 trucidataque
1403 1378 1448 1429 t-t·

101 1452 221 1509 Solduno
244 1451 357 1527 AEgypti
379 1449 520 1527 Syriaeque
548 1471 578 1510 ac
599 1451 744 1510 Pboeoiciae
775 1469 890 1528 regnum
919 1471 988 1528 pene
1011 1455 1037 1510 in
1066 1453 1232 1530 provinciam
1254 1454 1392 1511 redactum
1502 1483 1504 1488 .

80 1536 282 1612 vintetligeret,
305 1537 486 1595 festinandum
509 1545 585 1594 ratus
607 1539 738 1613 Augustae
760 1547 921 1596 conventum
948 1539 1060 1596 huiusce
1089 1539 1126 1596 rei
1156 1538 1244 1613 gratia
1267 1538 1392 1596 omuibus

99 1621 251 1679 Germanias
274 1621 443 1697 principibus
465 1621 570 1678 indixit.
607 1623 715 1680 interim
739 1623 797 1698 ipse
819 1623 852 1679 ad
874 1623 1026 1698 provincias
1048 1642 1110 1680 suas
1125 1625 1258 1699 pacandas
1273 1625 1391 1682 animum

99 1707 212 1768 adiecit,
236 1706 385 1782 habitoque
408 1707 436 1762 in
450 1707 537 1764 Ponte
558 1707 624 1765 Ocni
646 1709 845 1782 provinciarum
867 1718 1000 1766 conventu
1022 1718 1049 1766 et
1071 1709 1247 1766 auxiliaribus
1270 1709 1392 1784 pecuniis

97 1791 210 1849 adiutus
233 1800 289 1854 est,
313 1800 342 1848 et
363 1790 446 1848 multa
470 1809 530 1866 quae
553 1791 604 1849 sibi
627 1802 689 1850 ante
712 1794 761 1850 linc
783 1792 946 1850 detrimento
968 1795 1093 1858 buerant,
1117 1793 1149 1850 ad
1171 1793 1311 1852 meliorem
1334 1795 1390 1851 lor-

63 1925 68 1944 ,
97 1894 168 1934 mam
191 1877 311 1952 redegit.¹
356 1875 419 1934 lude
446 1880 596 1950 Augustam
628 1879 732 1953 primus
760 1879 879 1935 omnium
909 1879 1049 1954 protectus
1077 1877 1225 1936 Germanos
1252 1879 1448 1955 principata.

69 1972 89 2010 ¹⁰
98 1969 202 2035 quanto
225 1969 334 2037 poterat
350 1961 442 2020 studio
465 1971 492 2018 et
515 1963 700 2025 solicitudine.
725 1963 822 2020 additis
845 1965 926 2020 etiam
949 1963 1086 2038 pontilicis
1109 1964 1214 2022 maximi
1236 1963 1391 2039 diplomati·

97 2046 161 2110 bus,
185 2047 219 2103 ad
242 2055 404 2104 conventum
434 2047 559 2122 urgebat.
604 2046 731 2104 Albertus
754 2049 982 2123 drcbiepiscopus
1004 2049 1178 2122 llaguntinus
1207 2057 1269 2106 ante
1297 2065 1390 2107 omnes
1490 2035 1498 2052 '

96 2133 232 2189 mandatis
254 2133 361 2206 paruit:
384 2131 528 2206 ingressus
550 2139 593 2188 est
616 2131 720 2190 obviam
744 2132 796 2190 sibi
818 2133 851 2189 de
874 2149 949 2189 more
973 2142 1054 2190 eunte
1070 2133 1189 2208 Cesare:
1212 2133 1250 2192 ita
1266 2141 1294 2190 et
1309 2135 1389 2192 etiam

95 2218 205 2274 caeteris
228 2215 411 2292 principibus,
435 2234 468 2274 ne
490 2219 517 2274 in
541 2217 656 2292 singulis
679 2234 783 2280 morer,
808 2218 973 2274 factumest.
1002 2217 1094 2274 nullus
1115 2236 1170 2274 non
1186 2226 1295 2276 centum
1311 2219 1389 2294 equis

95 2301 135 2358 rel
158 2309 293 2376 apparatu
316 2302 392 2376 regio
408 2303 567 2359 adventavit.
600 2302 709 2360 Interim
726 2301 874 2360 cardinalis
894 2303 981 2359 sancti
996 2301 1078 2366 Sinti,
1101 2303 1149 2378 qui
1170 2319 1222 2360 vina
1238 2321 1299 2362 cum
1314 2321 1389 2361 reve·
1403 2307 1448 2359 tt.

68 2387 262 2444 ttrendissimo
284 2403 315 2444 ac
331 2383 518 2444 illustrissimo
534 2387 663 2444 Gurcensi
679 2385 786 2461 legatus
802 2396 874 2450 erat,
897 2386 1048 2462 bantsberg
1062 2387 1163 2446 llucum
1179 2387 1296 2445 bavariae
1312 2389 1390 2464 oppi-

94 2472 158 2528 dum
183 2471 276 2547 petiit,
299 2469 423 2546 (triginta
445 2470 565 2528 millibus
587 2489 716 2548 passuum
739 2472 772 2529 ab
794 2474 917 2548 Augusta
939 2471 1025 2546 abest)
1050 2473 1077 2530 in
1093 2482 1234 2548 posterum
1249 2474 1334 2536 diem,
1357 2481 1389 2529 ut

94 2555 241 2620 credebat,
270 2555 402 2614 Cresarem
424 2557 542 2614 visurus.
579 2558 626 2616 sed
656 2556 738 2631 lunge
760 2556 841 2614 aliter
863 2574 941 2633 quam
973 2556 1156 2615 arbitrabatur
1186 2557 1298 2614 accidit:
1327 2575 1388 2614 nam

93 2659 154 2698 cum
179 2641 214 2699 de
238 2641 362 2716 ingressu
385 2659 475 2698 sermo
497 2641 606 2700 habitus
630 2650 685 2706 est,
710 2659 753 2700 res
776 2643 803 2700 in
825 2643 1036 2700 controversiam
1058 2643 1171 2706 cecidit,
1195 2643 1266 2700 unde
1289 2645 1315 2700 in
1339 2661 1387 2719 op·

93 2727 159 2802 pido
184 2725 226 2782 vel
250 2726 349 2784 invitus
371 2726 471 2785 morari
494 2736 605 2784 coactus
628 2736 678 2784 est.
707 2727 735 2783 lu
751 2727 938 2784 controversia
953 2737 1042 2785 autem
1058 2729 1110 2786 boc
1125 2729 1133 2800 Ι
1147 2721 1387 2808 ffssfffflfflff'
1402 2728 1447 2779 Μ-

64 2819 170 2869 ruerat:
199 2811 429 2886 Arcbiepiscopus
456 2811 629 2886 llaguntinus
658 2811 817 2888 quibusdam
846 2812 949 2875 literis,
979 2831 1060 2888 quas,
1095 2814 1222 2888 quoniam
1250 2831 1265 2869 a
1293 2813 1389 2871 Carolo

93 2897 187 2954 aedita·
202 2905 279 2958 sunt,
302 2895 440 2953 Carolinas
463 2896 615 2973 appellant,
644 2897 772 2954 sullultus
800 2906 958 2955 constanter
985 2898 1136 2956 affirmabat
1165 2915 1193 2955 se
1220 2897 1317 2973 legatis
1339 2900 1389 2956 mi·

93 2981 166 3038 nime
192 2997 349 3046 cessurum
372 2983 474 3058 quippe
496 2983 524 3038 in
547 2983 680 3039 eiusmodi
703 2980 791 3040 literis
813 2992 922 3040 cautum
945 2991 1018 3046 erat,
1041 3001 1076 3041 ne
1091 2983 1319 3058 llrcbiepiscopus
1334 2983 1388 3040 lla·

92 3067 244 3140 guntinus,
267 3083 327 3122 curn
350 3066 499 3141 lmperialis
521 3075 672 3124 conventus
694 3067 854 3132 baberetur,
884 3083 899 3124 a
927 3066 1012 3126 latere
1034 3069 1182 3132 Caesarum,
1211 3068 1253 3124 vel
1276 3067 1387 3143 regibus

92 3151 294 3224 praesentibus,
316 3151 475 3208 discederet.
519 3151 575 3219 Qua
598 3169 627 3209 re
650 3153 682 3208 ad
704 3152 801 3210 Ducem
825 3153 961 3216 Saroniae,
984 3154 1070 3210 virum
1093 3155 1254 3230 prudentem
1276 3162 1304 3210 et
1323 3162 1444 3229 gra-ro.

62 3244 167 3298 tarem,
191 3233 295 3300 delata,
318 3251 379 3293 curn
402 3237 490 3311 pridie
512 3237 592 3294 aliter
613 3238 759 3302 sensisset,
790 3238 916 3312 perendie
946 3238 1005 3294 eius
1033 3237 1087 3295 diei
1116 3238 1278 3295 sententiam
1300 3246 1387 3295 muta·

92 3323 145 3384 vit,
171 3328 332 3400 tantumque
354 3320 442 3390 abfuit
463 3330 495 3378 ut
515 3321 672 3379 consuleret
687 3322 926 3398 drbbiepiscopum
949 3323 1046 3380 cedere
1067 3322 1165 3397 legatis
1180 3329 1323 3396 oportere.
1345 3332 1383 3386 ut,

67 3409 111 3462 ·si
139 3406 200 3481 ipse
224 3423 333 3482 quoque
354 3405 445 3464 locum
467 3405 558 3470 daret,
582 3424 612 3464 se
634 3423 777 3482 perperam
801 3410 943 3466 iacturum.
987 3407 1052 3464 Cum
1074 3409 1166 3482 itaque
1188 3408 1330 3481 utrinque,
1354 3407 1445 3464 utre.

92 3509 136 3548 res
158 3497 387 3566 componeretur,
411 3493 513 3549 trustra
535 3500 669 3549 tentatum
693 3493 804 3556 luisset,
835 3493 872 3548 ita
895 3493 1004 3566 ingenio
1028 3491 1243 3549 reverendissimi
1266 3489 1386 3568 Gurceu7

91 3577 129 3632 sis
153 3575 215 3632 linis
234 3573 407 3632 altercationi
429 3577 510 3636 datus
532 3585 588 3640 est,
612 3585 643 3633 ut
665 3577 769 3634 scilicet
790 3579 848 3652 ipsc
871 3578 898 3634 in
921 3576 1024 3651 templo
1039 3594 1053 3632 a
1070 3569 1194 3642 Cesarel
1221 3569 1386 3650 fflfflfff

61 3669 124 3718 trac
140 3659 257 3736 reliquis
272 3661 451 3735 principibus,
474 3661 594 3736 legatum
611 3671 668 3719 tum
683 3663 800 3737 primum
816 3681 908 3738 agens,
931 3661 1115 3735 exciperetur,
1138 3660 1235 3718 deiude
1250 3661 1385 3720 cardinali

90 3746 179 3802 sancti
203 3744 271 3802 Sinti
295 3745 399 3802 obviam
422 3746 666 3822 progrederentur.
703 3747 740 3803 ita
763 3765 807 3804 res
830 3755 903 3805 acta:
930 3763 990 3804 nam
1014 3746 1166 3820 intemplo
1190 3763 1205 3804 a
1227 3745 1330 3804 Caesare
1353 3747 1385 3803 ad

88 3847 151 3887 eum
174 3846 227 3906 per
248 3830 398 3890 cochlidem
420 3831 615 3894 descendente,
643 3833 758 3889 maxima
780 3833 934 3908 principum
962 3849 1078 3894 corona,
1108 3831 1192 3906 legati
1219 3829 1328 3888 nomine
1356 3839 1384 3888 et

88 3914 228 3973 salutatus
250 3923 277 3972 et
299 3925 427 3991 exceptus
451 3925 506 3980 est,
535 3917 626 3974 habita
655 3917 784 3992 utrinque
813 3919 879 3975 satis
908 3916 990 3991 longa
1013 3915 1145 3974 oratione.
1189 3917 1282 3991 ltaque
1304 3933 1384 3974 nemo
1399 3921 1445 3974 §.⁷-

88 4001 124 4056 sit
148 4001 198 4075 qui
221 3999 292 4056 falso
316 3999 461 4058 Gurceusis
484 4001 627 4059 consilium
657 4010 800 4067 accusent,
828 4021 890 4060 cum
920 4003 946 4060 in
976 4009 1050 4060 tanta
1080 4019 1172 4060 rerum
1197 4003 1385 4070 controversia

59 4085 156 4142 tailtuvt
181 4085 286 4160 egerit,
316 4095 347 4141 ut
368 4086 522 4143 consultius
545 4095 574 4143 et
596 4087 756 4162 prudentius
779 4087 937 4164 apostolice
959 4088 1031 4145 sedis
1058 4087 1218 4164 dignitatem
1240 4085 1386 4145 defendere

154 4317 163 4352 ¹
183 4319 284 4370 Totam
301 4308 509 4385 inscriptionem
527 4323 740 4387 suprapositam
753 4326 882 4387 repetunt
894 4325 984 4374 Lm.
1035 4320 1046 4354 ⁸
1063 4319 1110 4388 nt]
1128 4323 1188 4374 Non
1199 4321 1276 4374 nulle
1293 4323 1322 4374 in
1335 4339 1381 4375 nu·

86 4405 170 4458 cloria
182 4403 271 4470 ipsine
283 4405 387 4470 scripto
399 4406 601 4470 proeoeaseriut.
637 4405 648 4438 ⁷
660 4407 747 4458 Ponte
754 4405 996 4472 Oeni]1nnabruela.
1009 4407 1047 4458 cl.
1054 4407 1092 4459 lo.
1099 4409 1192 4460 Faber
1202 4409 1278 4460 infra
1289 4423 1315 4475 p.
1322 4407 1382 4460 tto.

84 4490 181 4544 erni-2.
200 4495 230 4538 nt
246 4504 319 4554 ηερε
337 4503 426 4555 repro
443 4505 478 4544 or·
527 4489 548 4524 ¹⁸
567 4491 844 4559 (tarentasiensem.
891 4489 945 4525 ¹⁵⁴⁸
962 4492 1052 4556 tantm
1063 4497 1089 4543 2.
1136 4491 1158 4528 ¹⁸
1175 4491 1229 4560 ros]
1248 4509 1306 4545 rem
1323 4495 1383 4546 edd.

84 4573 105 4608 ⁸⁰
119 4574 305 4640 Hoguntinna
325 4576 352 4624 3.
410 4573 1080 4643 otiolo]1111.cr.nur..bu11.0.t.a.t.o.o.e
1093 4579 1211 4646 interpp.
1265 4577 1289 4611 ²⁷
1305 4591 1337 4629 aa
1355 4593 1382 4645 p.

84 4655 165 4726 lact]
191 4659 230 4710 tlt
247 4659 418 4732 palatotorvm
442 4663 577 4726 proposuit
591 4665 617 4712 3.
670 4659 692 4694 ⁸¹
711 4660 846 4714 euclidem
864 4664 953 4713 1.2.4.
973 4662 1098 4714 coelidem
1116 4666 1142 4714 3.
1172 4661 1381 4728 Wencternppe.

82 4742 149 4811 Μ]
170 4745 277 4796 Scilicet
294 4743 462 4794 Bartbotr'moe
479 4747 505 4808 in
524 4745 660 4797 Gurcansa'a
674 4747 797 4810 fornulatu
815 4755 861 4798 cot.
