3410 5524
323 393 380 468 '⁸²
462 419 585 459 BV'l'l'nl
604 419 633 458 t!
652 422 745 458 ΜΠ
765 419 1043 458 ῊΒΤΙΝΡΙΒΜΜΕΙ
1062 419 1164 454 casato
1184 419 1241 454 1111.
1265 417 1293 454 Ι.
1306 417 1370 454 AVG·
1383 417 1408 452 A.
1423 411 1482 484 1517(

331 587 358 640 te
379 577 529 654 flagitatur
552 576 699 640 damnatlc
722 576 944 656 pronuntietur,
967 583 1025 635 tam
1048 581 1237 652 expectamus
1258 587 1346 652 mam
1367 579 1400 633 ut
1420 589 1552 651 propere
1572 573 1610 630 iu·

326 679 456 740 ilicetum
477 679 528 740 frat
549 681 707 756 gestimus:
737 680 795 742 mm
818 677 934 756 passim·
948 679 1025 736 enim
1047 677 1303 740 omnesomnium
1317 675 1462 740 ,ordinum
1485 683 1516 734 te
1539 675 1610 752 capi·

327 783 364 842 tis
386 780 578 852 damnarunt,
601 787 630 841 te
652 788 785 841 extremo
806 777 949 858 supplicio
972 777 1191 847 adiudicarunt,
1214 775 1359 838 latronem
1381 795 1416 837 ac
1437 775 1610 856 parricidam

327 883 483 950 immitem,
507 891 652 949 atrocem,
682 879 847 950 crudelem,
878 879 1085 942 irumaoissimc
1108 885 1174 955 post
1196 878 1349 940 bominum
1370 881 1545 939 memoriam
1566 896 1610 938 oc·

327 965 442 1046 eldendl
469 985 568 1071 specie
595 989 774 1062 grassatum,
804 999 859 1060 per
886 979 984 1042 scelus
1013 987 1042 1040 et
1068 980 1218 1042 audaciam
1246 980 1356 1042 foedum
1379 997 1413 1042 ac
1435 997 1526 1058 grave
1547 991 1628 1060 pro-³

326 1085 414 1148 brum
436 1085 504 1146 buic
526 1087 628 1163 patrie
649 1073 851 1153 invehentem,
881 1084 1046 1161 punitorem
1060 1137 1063 1144 ,
1076 1081 1285 1144 misericordie
1312 1099 1348 1142 ac
1376 1081 1489 1142 doloris
1516 1081 1611 1148 nostrl,

258 1195 496 1252 atenextremum
519 1185 606 1249 buius
628 1187 753 1247 uddonis
774 1185 913 1253 dedecus,
936 1201 1081 1246 ammam
1101 1184 1268 1252 infamiam:
1291 1186 1376 1244 cuius
1390 1201 1500 1246 nomen
1515 1199 1610 1244 omnes
1646 1219 1648 1224 -

325 1288 516 1368 exhorrent,
532 1289 616 1348 euius
639 1304 780 1349 occursus
801 1306 836 1349 ac
858 1293 1035 1365 conspectus
1056 1285 1173 1365 pessimi
1195 1285 1301 1346 ominis
1322 1284 1388 1346 loce
1410 1292 1468 1355 est,
1499 1286 1537 1347 de
1557 1301 1610 1362 qno

267 1381 273 1390 ’
325 1405 412 1452 nemo
433 1389 563 1459 dubitat,
587 1390 611 1450 si
632 1405 687 1449 uos
709 1388 766 1450 hcc
789 1389 867 1468 quod
889 1389 953 1448 iure
977 1385 1101 1448 debetur
1123 1385 1321 1458 obtineamus,
1345 1387 1415 1466 quin
1431 1394 1481 1447 tua
1497 1386 1610 1447 damna·

325 1493 366 1552 tio
395 1494 540 1556 universe
562 1489 728 1552 Germanic
749 1492 922 1570 erpangatto
949 1490 995 1550 sit.
1040 1487 1167 1550 Proinde
1188 1489 1316 1550 ferocire
1338 1487 1454 1550 desine!
1477 1488 1638 1549 ulomaiu

323 1592 387 1654 baec
408 1598 457 1654 tua
481 1591 599 1654 tertona
621 1609 686 1654 esse
707 1609 767 1654 non
788 1599 900 1672 potest:
923 1607 1026 1652 omnes
1041 1599 1070 1650 te
1084 1599 1232 1659 metuunt,
1255 1607 1358 1652 omues
1373 1589 1517 1658 oderunt;
1540 1591 1610 1650 intra

325 1701 407 1756 mum
427 1699 553 1764 tectum,
574 1701 659 1757 tuam
683 1693 850 1754 cubiculum
874 1693 915 1754 tul
938 1694 1040 1761 timor,
1063 1683 1105 1752 tul
1120 1691 1219 1753 odium
1235 1701 1384 1757 versatur:
1407 1692 1483 1770 fugit
1499 1701 1527 1754 te
1542 1706 1611 1752 uxor

324 1802 390 1866 tua,
414 1794 544 1856 deseruit
559 1795 687 1874 optimus
706 1796 846 1874 quisque:
870 1793 1018 1873 reliquum
1041 1805 1099 1863 cst,
1123 1803 1155 1855 ut
1176 1796 1196 1855 ii
1217 1813 1351 1873 quoque,
1369 1811 1502 1873 -quorum
1524 1793 1610 1854 cerri·

243 1895 416 1973 saucibus
430 1891 570 1976 pestilens
585 1905 664 1958 exte
687 1879 795 1959 mdlann
817 1895 958 1964 imminet,
981 1903 1062 1958 metu
1084 1915 1119 1957 ae
1141 1893 1275 1977 periculo
1294 1903 1406 1958 vacent
1449 1913 1507 1956 nec
1527 1894 1611 1956 debes

324 1997 393 2078 quid
414 1995 574 2077 loquantur
595 1997 709 2060 iudices
737 1997 811 2060 ultra
834 2001 892 2060 iarn
921 2015 1072 2077 quaerere,
1102 2017 1168 2060 cunt
1196 1999 1431 2060 manifestissime
1453 1997 1524 2078 quid
1548 2010 1639 2056 sen-1⁵

322 2083 395 2162 dant
415 2098 574 2179 intelligas,
598 2105 656 2162 aut'
670 2107 827 2179 expectare
849 2098 919 2178 quid
941 2100 1146 2177 pronuntient,
1170 2116 1237 2162 cum
1260 2100 1329 2178 quid
1352 2101 1507 2160 stamerint
1520 2097 1611 2177 palam

322 2203 368 2284 slt
413 2219 451 2264 aa
480 2209 510 2264 te
537 2207 637 2264 autem
665 2215 769 2263 corum
799 2200 889 2264 rerba
916 2207 1121 2272 remorentur,
1160 2217 1287 2282 quarm
1312 2199 1493 2263 voluntatem
1521 2201 1610 2260 nom:

323 2303 381 2366 hcc
403 2311 432 2365 te
454 2303 617 2373 silentium,
645 2303 709 2364 baec
737 2303 920 2376 taciturnitas
942 2303 1035 2381 magis
1056 2319 1145 2382 quam
1167 2301 1227 2364 ulla
1249 2311 1350 2382 posset
1370 2320 1427 2363 vox
1448 2319 1546 2382 poenae
1566 2301 1612 2362 ad·

255 2431 323 2482 eppo,
333 2405 420 2466 dixit:
444 2404 525 2466 rides
545 2406 635 2484 igitur
658 2403 800 2482 quantum
823 2422 840 2464 a
862 2404 1009 2483 supplicio
1031 2404 1120 2474 absis,
1143 2406 1232 2466 inuno
1254 2419 1351 2483 quam
1366 2403 1438 2468 nibil
1452 2402 1551 2466 absis?
1572 2403 1612 2462 Tu

322 2524 408 2578 vero,
431 2505 760 2576 Casan-blasimdianc,
783 2505 821 2568 de
838 2509 902 2586 'quc
925 2525 980 2568 uos
1001 2507 1045 2568 sic
1066 2508 1239 2586 opinemur,
1261 2508 1360 2568 omnia
1382 2506 1465 2586 prius
1481 2523 1639 2567 aversano

321 2608 469 2686 iniquam
492 2608 572 2670 bunc
594 2609 771 2696 impunitum
793 2609 888 2678 sinas,
918 2609 1116 2689 consyderare
1145 2608 1237 2670 debes
1265 2625 1354 2688 quam
1382 2607 1560 2670 metuendus
1579 2608 1612 2666 sit

322 2709 406 2770 furor
421 2709 485 2772 eius
500 2710 551 2788 qai
574 2707 684 2788 aliquid
706 2716 820 2788 potest,
842 2708 915 2772 nihil
936 2712 1058 2779 metuit:
1082 2709 1189 2772 deinde
1211 2721 1299 2789 quam
1321 2728 1355 2772 se
1376 2711 1439 2788 ipse
1458 2710 1612 2772 damnare·

323 2811 363 2870 rit
385 2813 436 2890 qui
459 2817 489 2872 et
511 2810 660 2872 malefecit
670 2816 704 2870 et
719 2809 895 2875 maleficium
912 2811 1013 2880 iactet,
1038 2815 1196 2874 streniam
1211 2829 1271 2886 noc
1288 2821 1368 2882 oret,
1385 2819 1415 2873 et
1429 2821 1460 2880 te
1473 2831 1535 2874 una
1550 2827 1610 2874 cum

325 2909 483 3002 venerabili
505 2910 563 2974 boc
584 2911 692 2974 iudicio
715 2914 892 2982 contemnit,
915 2921 945 2974 et
972 2915 1130 2993 peregrina
1158 2916 1197 2974 in·
1211 2933 1267 2976 nos
1287 2929 1369 2976 arma
1392 2921 1506 2984 movet:
1536 2917 1612 2976 cuius

217 2997 224 3012 ’
255 3021 399 3087 §.rancum
421 3011 553 3074 defensio
576 3019 796 3091 expectaretur,
820 3015 950 3076 conuicia
973 3015 1069 3077 audita
1093 3023 1170 3077 sunt.
1214 3035 1269 3079 nec
1290 3017 1429 3079 invidiam
1444 3018 1551 3078 timere
1565 3015 1638 3076 ‹te-a

323 3114 393 3176 bes:
414 3113 508 3193 gloria
530 3114 593 3178 baec
616 3116 689 3187 erit,
712 3133 772 3176 non
794 3115 915 3176 invidie:
939 3116 1022 3178 audis
1044 3135 1114 3178 vero
1136 3117 1299 3197 illus-apud
1314 3127 1346 3180 te
1361 3118 1527 3182 clamores?
1548 3135 1610 3180 nam

323 3233 391 3280 eum
413 3215 497 3278 multi
522 3215 680 3278 nobiscum
708 3216 840 3295 lugeant,
869 3233 973 3280 omues
1002 3221 1124 3280 timeant
1149 3237 1184 3280 ac
1213 3220 1432 3298 periclitentur,
1465 3237 1611 3301 nunquam

306 3333 383 3396 ⁸uon
411 3317 545 3380 auribus
560 3320 618 3382 tuis
640 3320 693 3380 ista
716 3321 855 3382 ittscnant
881 3319 1004 3382 ‘Exaudi
1033 3339 1101 3392 rios,
1132 3322 1243 3391 Caesar,
1272 3323 1393 3392 eraudi,
1425 3325 1611 3384 innocentum

323 3427 463 3500 patrone,
486 3421 832 3498 conservatoriustitim,
854 3419 998 3482 libertatis
1021 3415 1140 3494 vindex,
1164 3422 1259 3484 cult'or
1279 3426 1409 3502 pietatis:
1432 3425 1541 3486 exaudi
1554 3441 1611 3490 nos,

323 3539 478 3584 successor
500 3523 641 3602 tumeat,
661 3521 767 3584 emole
789 3522 924 3591 Traiani,
948 3524 1113 3586 dominator
1136 3525 1232 3594 urbis,
1259 3533 1361 3588 rector
1383 3527 1506 3590 humani
1527 3511 1639 3605 gene-5⁰

226 3625 388 3696 ‘nimrim
422 3623 543 3686 amolire
565 3621 716 3704 publicum
746 3631 874 3694 rumam,
908 3643 992 3688 serva
1020 3625 1159 3705 reliquias
1181 3626 1362 3698 Germaniae,
1391 3629 1505 3690 vbtdica
1533 3637 1611 3690 tuum

323 3731 455 3805 tempus,
484 3732 564 3798 tuam
586 3727 693 3788 famam
716 3732 746 3788 et
766 3727 1025 3797 existimadonem
1053 3727 1195 3790 ulciscere
1217 3728 1327 3800 bonos,
1355 3732 1427 3810 puni
1450 3730 1611 3811 improbos:

324 3825 467 3888 orborum
489 3826 525 3888 ad
548 3835 578 3890 te
600 3826 713 3898 luctus,
741 3829 934 3893 innocentum
962 3829 998 3890 ad
1027 3835 1057 3890 te
1084 3831 1202 3908 salignis
1229 3832 1420 3893 vociferatur:
1450 3835 1503 3910 qni
1523 3831 1612 3912 pluri·

325 3945 389 4010 mos
410 3927 531 3999 occidit,
554 3928 675 4008 reliquis
696 3947 800 3991 necem
824 3929 957 4000 molitur,
980 3931 1117 3995 omnibus
1130 3933 1298 4009 'perniciem
1320 3935 1442 4012 cogitat,
1471 3935 1522 4014 qui
1543 3951 1611 3995 oxo-

324 4046 373 4090 res
395 4029 478 4099 viris,
500 4036 602 4109 patres
623 4029 705 4101 liliis,
728 4033 839 4092 emices
862 4031 983 4093 dimidio
1005 4033 1068 4104 sui,
1091 4039 1182 4098 lotam
1204 4035 1394 4098 Germaniam
1406 4053 1461 4097 sua
1475 4053 1538 4115 spe.
1560 4047 1638 4096 suaa

327 4132 528 4208 expectatione
555 4130 683 4202 orbarit,
714 4133 764 4210 qui
793 4151 876 4194 saera
905 4133 1040 4213 diripuit,
1068 4135 1173 4216 impias
1194 4136 1396 4200 sacerdotibus
1418 4155 1522 4200 mantas
1544 4139 1611 4204 inte·

256 4230 388 4312 trancit,
420 4229 529 4310 templa
551 4231 699 4310 spoliavit,
723 4235 774 4311 qui
796 4234 984 4296 Germaniam
1007 4237 1150 4306 vendidit,
1180 4237 1345 4309 libertates,
1375 4239 1446 4303 ritas
1468 4259 1502 4302 ac
1525 4241 1611 4320 patri·

325 4331 424 4392 monia
446 4330 592 4399 bonerum
615 4334 721 4396 civium
743 4334 854 4396 venalia
877 4335 996 4406 hebuit,
1019 4338 1070 4416 qui
1092 4337 1128 4399 ab
1150 4358 1183 4400 se
1204 4341 1374 4402 interfectos
1394 4343 1497 4419 patriae
1515 4339 1611 4420 sepul·

324 4439 398 4493 aare
419 4435 520 4510 regat,
543 4441 661 4498 nostros
682 4453 736 4496 nos
758 4444 891 4498 mortuos
912 4435 1015 4516 lugere
1030 4445 1119 4512 relat,
1143 4431 1369 4536 omnisvsaeritiae
1383 4438 1496 4516 artifex,
1520 4445 1611 4506 omnls

370 4634 590 4702 *preconem
659 4639 721 4692 loc
739 4643 763 4692 1.
783 4642 812 4692 et
829 4646 859 4690 at.
929 4639 950 4676 ¹⁰
967 4643 1088 4696 Diturnc
1106 4650 1129 4695 1.
1201 4643 1354 4712 tlquaerere
1371 4649 1397 4698 1.
1466 4631 1611 4699 ¹¹⁰addicit

323 4725 450 4782 comm,
505 4720 696 4787 ¹⁴,Cuiusid
764 4723 875 4778 ⁸¹·eta.
894 4741 927 4777 ac
946 4731 969 4778 1.

676 5019 684 5058 l
