3468 5512
345 375 419 447 510
439 388 629 442 ccclxxvt11*‚
648 407 751 442 ΙΜΒΙΙ
765 407 826 442 tter.
841 407 877 444 ln
889 407 1041 444 usncvltttt.
1055 407 1205 444 obrutum.
1219 409 1263 444 ΕΡ.
1277 402 1350 444 1).29.
1363 408 1426 443 ΠΒ.
1440 409 1467 444 t.
1482 403 1537 446 158.

343 563 432 624 clesiae
461 565 613 622 utilitatem.
657 565 685 621 ld
714 565 760 621 liet
787 566 810 622 si
840 567 1014 640 corrigantur
1043 564 1127 630 mala.
1157 555 1228 623 unde
1251 566 1295 623 bic
1317 565 1451 623 tumultus
1478 565 1614 642 pullularit.

325 647 414 724 ligo.
438 651 510 724 quod
533 649 628 724 negari
650 668 705 707 nou
728 657 836 724 potest,
859 652 970 708 excitari
993 649 1148 724 linguarum
1170 660 1198 707 ct
1212 651 1344 708 bonarum
1361 649 1514 710 litterarum
1529 653 1614 709 studia.

345 733 520 808 Theolcgiam
542 735 747 816 scliclasticam,
770 735 882 792 nimium
904 736 1058 810 prolapsam
1082 736 1114 792 ad
1136 736 1300 810 sophisticas
1321 737 1457 810 argutias.
1486 737 1517 794 od
1539 737 1615 794 lorus

343 820 495 876 divinorum
517 819 683 876 voluminum
707 830 734 877 et
756 821 788 876 ad
812 829 932 878 veterum
949 821 1164 878 orthodoxorum
1180 821 1325 877 lectionem
1341 821 1478 892 revocavi,
1501 822 1614 878 mundum

343 905 502 979 pharisaicis
530 905 691 962 ceremoniis
719 905 925 962 indormientem
952 906 985 962 ad
1017 923 1105 962 reram
1139 906 1267 979 pietatem
1294 907 1501 980 expergefacere
1529 907 1635 964 stolata

342 988 413 1046 Nulli
436 989 546 1047 lectioni
575 1007 617 1046 me
647 1007 765 1063 unquam
793 990 914 1053 adiunxi.
943 1009 993 1048 nec
1020 993 1078 1065 ipse
1106 990 1250 1046 lectionem
1278 989 1361 1048 ullam
1388 989 1504 1066 collegi:
1531 993 1556 1047 in
1581 1001 1615 1046 tot

266 1063 272 1074 ’
344 1074 411 1131 meis
432 1073 668 1132 lucubrationibus
690 1075 792 1132 nullum
815 1076 902 1133 adbuc
922 1076 1075 1132 damnatum
1097 1075 1195 1148 dogma
1209 1085 1327 1150 possunt
1341 1076 1499 1138 ostendere,
1522 1078 1615 1132 tametn

345 1166 408 1216 suut
430 1161 477 1233 qui
499 1177 554 1216 non
576 1159 649 1216 nulla
673 1168 817 1234 torqueant
838 1161 1040 1236 depraventque
1061 1161 1095 1216 ael
1117 1161 1295 1234 suspitionem
1318 1159 1545 1218 autcalumnlem.
1574 1161 1615 1215 l'e·

345 1262 404 1300 rum
427 1244 471 1302 hic
493 1254 646 1319 temporum
669 1253 771 1308 status,
800 1262 854 1318 quo
884 1245 997 1302 subinde
1026 1263 1094 1303 nora
1121 1245 1247 1317 dogmata
1270 1245 1445 1308 exoriuntur,
1474 1247 1615 1319 interque

344 1347 432 1404 nuper
453 1329 534 1393 illud,
558 1330 585 1385 in
608 1329 774 1403 Eucharistia
796 1347 851 1386 non
874 1347 934 1387 esse
957 1330 1009 1388 nisi
1031 1331 1137 1404 signum
1159 1329 1283 1404 corporis
1303 1329 1445 1391 dominici.
1475 1331 1563 1387 subito
1582 1330 1640 1386 lau

346 1414 449 1472 tissime
471 1423 651 1490 propagatum
674 1424 728 1477 est,
752 1431 806 1471 non
829 1415 931 1489 praebet
954 1415 1044 1471 ocium
1067 1413 1166 1471 talibus
1188 1413 1417 1478 cavillationibus,
1449 1431 1516 1489 quas
1537 1414 1573 1470 rel
1593 1414 1615 1468 in

344 1498 464 1555 Paulinls
492 1495 626 1573 epistolis
645 1500 724 1556 liceat
752 1499 932 1562 comminisci,
969 1501 991 1556 si
1026 1499 1166 1572 contingat
1201 1500 1325 1557 inimicus
1352 1502 1497 1574 interpres.
1540 1499 1616 1555 [luero

327 1593 418 1640 ¹lurun
450 1584 637 1640 celsitudinem
668 1583 835 1658 gravissimis
868 1585 1102 1659 occupatissimam
1135 1585 1271 1658 negociis,
1304 1601 1396 1640 verum
1429 1585 1463 1641 ad
1493 1584 1616 1659 publicam

344 1668 568 1746 tranquillitatem
590 1670 728 1743 pertinere
751 1677 826 1726 ratus
848 1687 924 1731 sum,
948 1687 997 1726 nee
1012 1670 1159 1727 Caesaream
1181 1669 1347 1749 llaiestatem
1370 1685 1419 1727 nec
1441 1679 1514 1726 tuam
1535 1669 1616 1743 ampli·

345 1754 465 1810 tudinem
495 1753 590 1810 hanam
617 1771 707 1810 rerum
739 1754 860 1828 ignaram
882 1771 958 1816 esse.
988 1755 1030 1811 cni
1061 1771 1103 1810 me
1134 1761 1220 1810 totum
1243 1755 1322 1811 trado
1344 1754 1494 1828 dedicoque
1515 1762 1641 1828 precanst⁵

342 1836 382 1894 illi
404 1846 562 1913 perpetuam
585 1837 740 1895 felicitatem
763 1838 796 1895 ah
819 1857 851 1896 ec
874 1858 889 1895 a
911 1855 966 1914 quo
989 1839 1050 1895 lluit
1072 1853 1126 1895 uno
1149 1855 1210 1895 vera
1232 1838 1358 1896 felicitas.
1401 1839 1495 1896 ilatum
1517 1839 1615 1894 llasilea

341 1929 367 1982 3.
383 1921 437 1980 Cal.
452 1923 541 1979 Maias
558 1925 606 1979 An.
625 1929 697 1984 1526.

440 2058 580 2132 Magnifice
602 2061 630 2116 ll.
646 2059 796 2122 Mercurium
1194 2059 1313 2134 llagnier
1331 2060 1361 2118 u.
1378 2061 1407 2116 Τ.
1423 2059 1579 2134 mancipium

386 2143 535 2202 Gallinario
558 2145 685 2204 imsareae
706 2144 853 2202 Maiestatis
1254 2144 1344 2202 'Erus
1359 2145 1422 2202 ltot.
1440 2161 1498 2201 mea

457 2228 620 2289 cancellario
641 2246 747 2290 summo
1344 2245 1433 2286 mauu.
1620 2235 1641 2274 Ν

742 2314 772 2372 Ιιι
793 2313 931 2388 Hispania.

344 2429 544 2442 a———n——u—
619 2433 622 2438 .

410 2495 431 2530 ¹⁵
449 2498 574 2563 ignarum
592 2501 618 2548 in
636 2467 727 2563 apcpr.
740 2511 796 2548 esre
814 2498 923 2548 uidetur.
975 2495 998 2530 ¹⁰
1016 2495 1179 2548 cancillsrio
1196 2461 1290 2562 apope-
