3434 5512
313 398 387 472 328
423 427 524 464 taxone
538 428 563 461 Σ.
578 424 687 461 ΟΟΙΤΙΔ
701 423 853 460 aarum!
866 423 957 459 mus
971 415 1074 458 ΒΔΜΒ.
1084 421 1144 458 ΠΙ.
1157 421 1184 456 Δ.
1194 417 1252 459 1ᾶῖ0.
1267 423 1291 457 0·
1305 422 1431 460 8⁸71*ssss
1444 421 1548 458 lons.

310 585 416 646 eadem
437 581 749 642 excommunicationis
769 583 841 640 latae
856 581 1008 638 sententia
1025 595 1133 654 pauo,
1153 585 1186 638 at
1198 579 1353 640 itareticos
1372 579 1544 652 pradims
1560 579 1618 638 de-

311 687 443 746 claratas
463 690 492 742 at
511 683 734 755 condemnatos,
757 683 907 740 mandatis
925 685 1034 742 nostris
1052 699 1111 742 nan
1130 682 1377 756 obtemperantes,
1400 687 1473 756 post
1492 683 1618 755 lapsam

312 788 431 847 mittini
456 785 628 860 supradicti
653 779 788 856 ‘'enitent,
820 790 849 842 et
872 790 1015 858 quantum
1043 787 1074 843 in
1101 785 1144 842 eis
1169 790 1226 852 ast,
1255 780 1532 864 euitorisaciant‚
1561 799 1617 840 nec

311 905 378 948 cam
399 887 525 958 eudem,
552 888 599 945 aet
624 902 725 945 emam
746 887 846 960 aliquo
866 888 1089 959 commacina,
1118 894 1172 945 aut
1192 887 1325 960 ulianam
1346 885 1614 955 conversationem

311 1008 363 1050 sea
381 990 613 1050 communionem
634 988 775 1059 babeant,
804 994 875 1048 ‘nac
900 990 942 1047 eis
964 991 1136 1048 necessaria
1160 989 1333 1047 ministrent.
1377 982 1440 1044 ‘Ad
1467 987 1635 1045 nauem

309 1099 460 1168 praeterea
483 1090 557 1150 dicti
576 1089 716 1164 Martini,
743 1105 921 1163 suorumque
942 1092 1132 1164 complicum
1157 1088 1314 1162 [auarum
1340 1095 1369 1148 et
1389 1089 1613 1156 adherentium,

312 1212 350 1254 ac
369 1199 586 1268 receptatorum
610 1193 828 1266 praedictorum
849 1193 896 1250 sic
919 1198 989 1267 post
1011 1194 1129 1266 lapsum
1151 1193 1272 1250 termini
1290 1191 1438 1265 predicti
1462 1191 1614 1253 deciara-

312 1303 409 1356 toram
430 1295 652 1364 berctum,
683 1303 711 1353 et
729 1294 991 1354 condemnatorum
1010 1293 1244 1366 'confasionem
1269 1295 1415 1354 annuas
1436 1302 1467 1352 et
1486 1294 1615 1366 stapulas

313 1399 466 1472 utriusque
484 1413 574 1456 sexus
593 1395 852 1472 Citrististdelibns,
871 1395 1068 1468 Patriarcbts,
1087 1395 1334 1470 Arcbiepiscopis,
1359 1393 1529 1471 Episcopis,
1548 1409 1614 1469 pa-

315 1499 524 1560 triarchalium
534 1542 542 1575 ,
575 1498 870 1571 metropolitanarum
897 1503 926 1556 et
947 1499 1079 1557 aliarum
1100 1498 1335 1574 cathedralium,
1370 1500 1610 1570 collepiatarrrrn,
1622 1505 1643 1542 ⁸⁰
1675 1548 1679 1558 .

315 1618 353 1662 ac
371 1600 550 1674 inseiioram
567 1601 761 1659 ecelesiarum
780 1601 933 1674 praelatis,
954 1601 1103 1677 captantis,
1125 1601 1251 1673 aliisque
1273 1602 1410 1674 personis
1427 1600 1610 1660 acclamasti-

314 1705 370 1772 cis,
398 1702 606 1774 sacularibus,
635 1708 664 1760 et
689 1704 857 1776 qamumais
878 1702 1031 1778 ordinum,
1059 1705 1147 1762 etiam
1170 1701 1402 1761 Mendicantitan
1426 1697 1613 1778 (presertim

314 1807 377 1864 eius
398 1806 649 1878 conprapationis,
670 1806 756 1864 cuius
773 1804 869 1862 dictus
891 1803 1042 1864 Martinus
1063 1810 1108 1862 est
1121 1802 1292 1883 professus,
1313 1811 1342 1864 et
1363 1806 1396 1862 in
1412 1819 1474 1878 qua
1494 1804 1613 1878 deame,

316 1909 361 1965 vet
380 1907 496 1966 mortui
512 1903 636 1982 dicitur)
652 1905 854 1991 reputaribas,
873 1907 1031 1981 exemptis,
1054 1911 1083 1965 et
1100 1921 1158 1964 non
1180 1908 1332 1981 exemptis,
1351 1921 1466 1966 necnon
1488 1907 1613 1965 uniuer-

314 2011 355 2068 sis
374 2017 403 2068 at
420 2009 545 2083 sinpalis
559 2007 754 2082 Principibus,
777 2022 954 2082 quacunque
967 2008 1165 2068 ecclesiastica
1186 2010 1231 2068 uel
1250 2009 1406 2068 mundano
1424 2005 1611 2082 sulacntibus
1622 2017 1642 2054 ¹⁵

316 2112 474 2185 dipnitate,
499 2109 642 2184 Renibus,
669 2109 865 2182 Imperatoris
887 2109 1085 2182 Electoribus,
1113 2108 1260 2178 Ducibus,
1288 2108 1531 2182 Marabiontbtu,
1556 2109 1612 2168 Ca-

316 2213 446 2285 mitibas,
470 2211 654 2284 Beronibus,
678 2210 862 2286 Capitoneis,
883 2211 1124 2284 conductoribus,
1149 2211 1325 2282 domicellis,
1347 2211 1611 2284 communitatibus,

316 2314 565 2386 universitatibus,
580 2313 787 2392 potentatibus,
812 2313 994 2390 multatibus,
1013 2314 1117 2386 terris,
1140 2315 1262 2384 caseis,
1283 2321 1312 2372 et
1331 2315 1418 2385 lacis,
1436 2329 1489 2372 sen
1511 2328 1611 2374 earum

317 2417 543 2487 muratoribus,
574 2417 686 2476 ciuibus
711 2422 740 2478 at
763 2417 880 2488 incolis,
912 2416 1102 2490 omnibusque
1128 2415 1197 2474 alies
1223 2420 1253 2474 et
1277 2416 1402 2488 sinentis
1429 2399 1612 2488 supradictis

314 2535 372 2594 per
393 2520 562 2578 uniuersum
583 2519 690 2592 orbem,
707 2520 878 2594 prasertim
893 2519 924 2576 in
939 2518 1043 2577 eadem
1056 2499 1212 2576 demanio
1231 2517 1400 2588 constitutis,
1422 2516 1640 2586 mandamento

316 2626 461 2696 qnatenus
479 2621 548 2680 ‘sab
559 2621 719 2696 praedictis
739 2620 873 2680 omnibns
893 2626 922 2680 et
938 2621 1066 2692 sindulis
1079 2621 1192 2694 punis,
1213 2620 1283 2694 ipsi,
1307 2621 1351 2677 ael
1369 2634 1473 2678 aarum
1493 2616 1611 2692 quilibet

312 2722 481 2797 preafatam
496 2721 670 2801 Martinam,
693 2725 866 2798 complices,
890 2723 1080 2793 adherentes,
1103 2727 1316 2797 receptatores,
1340 2720 1519 2793 etsaatares
1532 2735 1608 2794 per-

403 2973 482 3035 ‘Soli
498 2991 607 3036 sunaus.
674 2975 787 3037 'Etiam
803 2973 940 3036 matulam
963 2992 1024 3034 non
1046 2975 1217 3053 porrigent?
1282 2971 1457 3034 ‘Brachium
1473 2971 1608 3034 mantare

319 3075 456 3137 excitabit
476 3075 524 3136 hic
544 3079 667 3155 rugitus
752 3077 995 3138 ‘Conittndautur
1018 3094 1121 3137 omnes
1149 3077 1247 3156 inique
1271 3083 1392 3153 agentes
1420 3091 1605 3153 supervacue.

317 3177 406 3238 'Vide
429 3177 576 3256 quomodo
600 3179 760 3242 Ecclesiam
784 3197 843 3240 non
866 3197 982 3247 atnnre,
1012 3185 1044 3238 ut
1066 3177 1213 3248 Christus,
1237 3178 1344 3246 societ,
1372 3177 1428 3238 sed
1449 3179 1475 3236 vi
1496 3195 1531 3236 aa
1552 3177 1634 3234 ter-²³¹

318 3297 403 3348 rare,
426 3285 460 3341 ut
474 3282 607 3359 tyranni,
631 3287 725 3358 cogat
761 3281 832 3352 Quis
855 3281 946 3344 ierret
967 3281 1056 3342 taleni
1078 3283 1245 3360 pastorem?

318 3450 521 3464 -——-——-—.

318 3555 362 3601 tur
381 3551 535 3616 ‘Principes
554 3551 614 3602 aius
631 3551 660 3601 'tn
679 3567 714 3602 ea
732 3553 806 3603 sieut
823 3551 918 3603 leones
938 3549 1099 3618 rugientes',
1123 3551 1183 3602 saio
1202 3551 1368 3602 offensurum
1387 3566 1431 3600 me
1451 3565 1512 3599 asse
1530 3547 1604 3612 piatri-

318 3651 388 3696 moa,
414 3635 485 3700 quod
509 3650 592 3701 super
615 3637 754 3701 episeopis
779 3641 808 3688 at
830 3637 1000 3703 presbyteris
1022 3636 1083 3686 heae
1107 3636 1285 3701 interpreter,
1316 3649 1375 3684 cum
1406 3641 1435 3684 et
1459 3631 1603 3699 praetimeri

318 3718 385 3770 mali
403 3721 448 3786 qui
466 3720 619 3770 Susannam
638 3721 744 3772 violare
763 3723 921 3787 cupierunt,
942 3726 1050 3772 eeteros
1068 3721 1244 3786 presbyteros
1263 3720 1308 3785 qui
1321 3719 1392 3769 bene
1406 3720 1540 3778 vixerint,
1557 3731 1603 3765 non

318 3805 501 3856 condemnent
512 3839 603 3858 .....
605 3809 620 3830 ”

292 3913 303 3932 s
386 3887 650 3955 ¹⁸1mperatoribns,
669 3889 711 3940 nl.
726 3894 783 3940 t.2.
803 3898 828 3941 et
846 3894 905 3942 alite
923 3893 982 3942 edd.
1001 3893 1050 3942 aed
1066 3897 1093 3940 ut
1109 3907 1190 3956 supra
1202 3891 1381 3954 Imperatoris
1395 3889 1439 3940 El.
1458 3891 1538 3954 pasti.
1555 3891 1601 3951 ptu-

317 3989 361 4024 res
378 3974 557 4040 Imperatores
574 3989 624 4025 nan
642 3979 745 4040 opnoait
763 3977 818 4028 Lea
838 3975 881 4034 X„
900 3992 981 4042 neque
996 3983 1057 4041 port
1071 3978 1161 4041 Reges
1179 3991 1224 4025 eas
1241 3982 1405 4026 memorasset
1423 3975 1498 4024 bullae
1514 3980 1601 4023 autor·

317 4057 339 4091 ²³
358 4057 417 4108 Soli
434 4057 537 4126 sumus]
557 4060 575 4108 i.
590 4075 615 4110 e.
628 4059 809 4110 evitabimus:
827 4077 891 4112 nem
910 4061 1046 4112 mandatis
1065 4063 1120 4111 tuis
1138 4075 1193 4110 non
1205 4060 1483 4125 obtemperabimus'’.
1527 4059 1601 4107 Inter·

319 4142 434 4208 rogandi
452 4143 562 4208 signnm
581 4159 633 4210 ago
658 4145 785 4211 adposui:
811 4143 942 4194 matulam
967 4147 1108 4211 porrigere
1128 4143 1361 4207 (micturientibus
1378 4159 1430 4194 vas
1449 4145 1555 4206 tenere)
1569 4141 1600 4189 in·

319 4225 375 4276 timi
393 4227 539 4276 ministerii
559 4233 611 4278 est.
628 4229 750 4280 Martini.
761 4229 797 4280 X.
813 4229 852 4279 ll.

607 4313 770 4378 Dispeream
789 4315 812 4364 si
831 4319 861 4364 tu
879 4314 978 4379 Pyladi
997 4319 1131 4381 praestare
1151 4314 1292 4364 matellam

655 4398 763 4462 Dignus
783 4414 812 4449 se
831 4405 880 4450 sut
896 4416 995 4466 porcos
1013 4415 1128 4465 pascere
1148 4399 1275 4449 Pirithoi.

319 4478 356 4530 ei.
370 4478 530 4542 Hieronym.
544 4480 579 4529 ad
592 4481 740 4546 Nepotian.
754 4499 797 4548 sp.
814 4483 870 4534 ll'l.
883 4485 928 4534 ni.
942 4485 966 4534 8.
986 4484 1024 4532 Ut
1041 4501 1085 4549 up.
1099 4486 1184 4534 Mare.
1200 4485 1221 4532 l.
1235 4483 1260 4532 7.
1279 4485 1347 4534 Lae.
1361 4483 1412 4534 ΙΙΙ.
1436 4473 1538 4544 „Cuius
1553 4491 1597 4528 aar

318 4577 377 4614 sum
396 4563 495 4628 dignus
513 4565 695 4629 procumbant
712 4566 820 4618 solvero
839 4570 986 4634 corrigiam
1006 4569 1281 4619 calceamentorum&
1317 4565 1441 4618 Metellae
1465 4579 1549 4616 surse
1566 4567 1598 4610 te·

318 4647 417 4698 nendos
436 4647 559 4713 dignitas
578 4649 632 4700 snit
649 4651 678 4700 in
692 4641 826 4704 Lndoviei
840 4655 930 4704 x1111.
945 4653 1017 4705 anta.
1076 4653 1098 4686 ²⁴
1116 4653 1217 4704 Paalm.
1232 4651 1329 4702 xxtV.
1343 4653 1368 4702 t.
1428 4646 1599 4716 interstetit

319 4731 422 4784 Psalm.
443 4747 500 4784 sea.
520 4733 595 4799 vulg.
