3410 5524
88 429 190 464 litl'lllss
204 429 237 466 DB
251 429 301 464 SVA
321 429 429 466 CONTRA
448 428 553 464 TVRCAS
567 430 686 464 exfloru-
700 429 736 464 ΑΒ
754 427 922 466 PBVTINGEB.
941 429 1030 468 ΙΝΒΤ.
1054 431 1082 466 D.
1096 423 1130 468 Νι
1143 431 1200 468 fflt.
1215 423 1274 466 1618.
1305 401 1353 472 99

87 583 174 634 Leonis
188 583 219 634 P.
231 583 267 632 M.
287 581 390 654 bullam
410 587 509 634 contra
518 582 668 634 Latherum
686 585 823 650 expressit
841 585 876 635 ad
894 590 946 638 ert.
959 583 1001 636 34
1015 585 1049 646 de
1068 585 1160 636 Taren
1178 585 1352 643 debellando,

87 653 120 716 bis
135 666 227 728 verbis,
246 681 301 722 neu
319 667 489 738 absimilibus
506 669 531 728 i·
546 667 585 718 13.
604 667 682 728 huius
702 669 909 728 exhortatoriae:
928 667 1033 736 „Vobis
1052 671 1160 734 quidem
1172 671 1354 738 Pontificibus

87 752 128 800 hee
148 752 264 816 praeliari
294 759 389 801 contre
412 752 516 802 Tureas
544 767 617 818 saepe
636 755 690 804 iam
709 769 808 819 magno
826 752 985 824 fuitlucro,
1012 743 1072 804 dum
1097 756 1241 821 pecuniam
1262 757 1353 822 exegi„

88 837 127 886 stis
143 837 168 886 in
180 835 327 886 Germania
346 825 475 902 errantem
493 837 584 900 libuit,
605 853 658 902 qua
672 839 872 904 expeditionem
890 837 962 887 hene
981 838 1020 902 tid
1038 839 1108 904 quod
1126 853 1261 905 nunquam
1281 829 1355 905 cogi-

72 923 155 972 ttrntis
175 921 255 984 serio)
277 923 521 988 prosequerernini.
551 937 615 971 nam
638 923 661 972 si
685 923 769 973 semel
793 922 998 974 debellarentur
1020 925 1132 988 Turne,
1157 939 1235 990 quem
1258 929 1356 990 postea

87 1005 176 1054 hostem
191 1005 294 1071 fingere
312 1005 422 1068 velletis
440 1011 585 1072 tantopere
604 1005 833 1072 oppugnandum?
852 1007 943 1070 Quare
961 1007 1062 1070 mitius,
1081 1009 1148 1072 Leo,
1168 1009 1252 1060 irnsei
1271 1007 1356 1058 debes

88 1089 239 1152 Germaniae,
258 1092 329 1156 qued
347 1091 461 1144 biennio
472 1091 575 1144 abhinc
586 1103 641 1144 non
660 1091 767 1142 audivit
783 1096 858 1142 tuem
877 1093 905 1142 in
923 1093 1028 1144 Tereus
1046 1093 1278 1144 exhortationem:
1302 1109 1356 1146 non

88 1175 147 1223 enim
163 1173 306 1227 uidebatur
324 1191 384 1228 esse
396 1177 451 1226 nisi
464 1178 624 1242 impostura,
644 1183 671 1227 et
683 1177 831 1240 eumdem,
851 1193 900 1242 per
912 1179 1253 1248 occasionemqeveritioe't
1307 1178 1357 1228 Ce-

88 1263 161 1308 teram
179 1275 243 1326 quas
263 1259 413 1312 adiciemus
431 1261 495 1311 huic
514 1262 712 1330 declamationi
732 1262 846 1318 aliorum
865 1261 988 1326 litteras,
1008 1262 1235 1324 consultationes,
1255 1263 1356 1312 oratio·

64 1359 127 1400 irenes
144 1343 229 1394 aliaue
248 1345 365 1410 scripta,
392 1351 420 1394 et
437 1329 702 1412 illius'explicendae
721 1351 749 1397 et
766 1347 888 1398 historiae
908 1345 935 1396 iu
953 1347 1049 1413 primis
1067 1347 1221 1412 Augustani
1240 1357 1358 1398 consen-⁴

87 1433 123 1476 tus
139 1429 309 1479 inlustrandae
322 1429 442 1495 egregia
464 1431 587 1481 subsidia
605 1432 663 1481 lore
681 1447 830 1496 speramus,
850 1447 884 1480 ne
903 1443 975 1480 nune
994 1429 1084 1486 dicam
1102 1437 1208 1497 purtem
1228 1426 1319 1482 eor'um
1339 1447 1356 1481 a

87 1529 132 1562 non
151 1513 228 1563 nullis
251 1515 303 1579 ipsi
329 1515 450 1564 liutteno
474 1516 641 1581 arboriptam
666 1515 766 1575 luisse,
791 1516 824 1566 de
849 1531 903 1581 qna
922 1531 951 1566 re
969 1516 1044 1566 inire
1062 1528 1111 1566 suo
1129 1515 1190 1566 loco
1210 1517 1296 1566 verbe
1314 1515 1356 1566 la·

88 1613 187 1648 eremus.
237 1633 245 1648 .

262 2379 493 2470 taruennicus
531 2382 578 2444 DE
615 2327 767 2444 ilVTTEN
803 2380 923 2454 Eurus
964 2377 1165 2450 uetiti-euve

314 2519 489 2581 catanien
509 2521 715 2580 putrescere
737 2521 888 2580 l‘d‘llthlO
917 2521 1115 2578 AVGVSTANO
1191 2517 1193 2524 '

638 2657 790 2700 SALVTEM.

158 2790 320 2852 lledamavi
339 2790 387 2852 iris
409 2791 529 2864 diebus,
552 2791 744 2868 Poulingere,
769 2789 797 2852 et
820 2807 953 2860 eausam,
977 2793 1001 2850 si
1025 2791 1079 2850 diis
1101 2788 1213 2868 placet,
1237 2787 1359 2862 aeleram
1370 2799 1415 2849 es.

85 2889 243 2962 decemve
274 2901 397 2954 conatus
428 2912 492 2958 sum
521 2903 634 2965 tamen,
665 2913 732 2964 oum
756 2895 823 2972 quia
853 2899 1060 2972 argumentum
1089 2889 1269 2960 delectabat,
1298 2897 1359 2952 tum

86 2997 230 3074 rere-qnia
253 2997 350 3060 eciem
373 2996 556 3076 suppetebat.
602 2996 861 3074 ld'qualeeunque
890 3003 949 3070 est,
977 2995 1013 3054 ad
1042 3001 1071 3054 te
1101 2992 1275 3054 mittendum
1306 3011 1360 3072 pe·

58 3098 305 3178 atartprimum,
329 3105 362 3160 et
383 3105 412 3158 te
434 3099 529 3181 aliqua
554 3101 682 3160 novitate
704 3105 854 3176 utcunque
876 3097 1049 3164 adimerem,
1078 3094 1186 3166 deinde
1209 3101 1241 3155 ut
1262 3096 1360 3159 animo
1455 3161 1460 3176 ¹

86 3203 127 3260 leo
147 3203 358 3280 suspicionem,
381 3203 406 3264 si
429 3221 516 3280 quera
540 3221 573 3262 er
590 3198 640 3260 ille
656 3199 795 3274 diuturno
810 3179 1007 3262 mee'sileutio
1024 3197 1227 3276 concepisses,
1251 3197 1358 3258 exirne·

85 3317 155 3362 rem:
181 3304 273 3366 rideri
296 3305 374 3364 enim
397 3311 536 3384 poteram
556 3303 665 3364 oblitus
688 3309 746 3362 tuae
767 3303 797 3362 iu
821 3319 869 3362 me
890 3297 1102 3360 borrevotene'ae
1124 3299 1243 3374 segnius
1272 3311 1415 3375 quamue.

86 3418 132 3478 pro
153 3405 288 3482 dignitate
311 3405 467 3469 amicitiam
491 3411 622 3466 nostram
642 3403 753 3466 colere.
792 3403 844 3464 sed
867 3403 1000 3462 distinuit
1022 3419 1069 3462 me
1091 3399 1207 3478 quitiam
1223 3400 1360 3458 irentinus

86 3506 228 3582 epistolam
246 3508 283 3568 ad
304 3525 354 3568 mc
377 3514 455 3570 tuem
478 3526 535 3568 una
559 3507 750 3582 cumssrresoie
773 3523 830 3584 quo
855 3503 977 3564 Gesseris
999 3519 1122 3564 munere
1137 3500 1265 3578 ‹livegari
1282 3506 1311 3559 et
1325 3500 1361 3574 ed

62 3589 126 3666 sare
140 3609 308 3688 propediem
325 3617 547 3688 perventuram,
580 3607 672 3694 Quam
688 3608 758 3670 dura
775 3613 916 3688 expecto,
940 3610 972 3665 ut
991 3603 1104 3664 rideam
1120 3618 1177 3680 que
1193 3617 1240 3669 me
1256 3600 1414 3664 caeleste.

87 3711 146 3784 ,seio
168 3713 244 3774 euim
266 3711 376 3792 aliquid
399 3711 560 3774 machinari
583 3711 637 3789 te),
668 3707 754 3772 simul
783 3725 908 3786 sperans
931 3707 994 3766 lere
1016 3713 1052 3766 ut
1070 3705 1099 3766 in
1122 3702 1171 3764 ille
1193 3703 1360 3782 principum

86 3811 224 3890 Auguste,
256 3815 306 3892 qui
328 3815 415 3876 nimis
436 3814 494 3888 iam
517 3813 666 3880 differtur,
697 3816 844 3871 conventu
872 3810 934 3887 ipse
963 3825 1063 3868 coeam
1091 3806 1127 3866 de
1150 3803 1249 3864 multis
1272 3803 1360 3867 mlle-

87 3931 164 3989 quar,
185 3915 256 3977 nibil
279 3915 498 3994 properandum
521 3913 557 3974 ad
580 3920 607 3974 te
629 3913 737 3991 putavi.
782 3911 826 3972 Tu
850 3929 918 3972 uere
942 3910 1041 3970 desine
1070 3907 1177 3988 aliquid
1208 3907 1413 3984 ingratiis-tr.

87 4015 150 4076 llinis
172 4017 330 4098 suspicari:
354 4035 413 4076 nen
435 4018 478 4078 sic
499 4016 640 4077 memoria
664 4015 786 4084 excidit,
811 4010 918 4093 quauta
941 4018 973 4072 tu
996 4027 1090 4090 nuper
1106 4007 1251 4084 dilIgerrtia
1269 4025 1360 4085 quen-

62 4123 165 4195 uterque
185 4121 280 4180 studio
303 4119 475 4182 redemere
497 4138 532 4180 ex
561 4118 644 4180 Italia
673 4135 719 4177 me
748 4114 999 4176 commendaveris
1028 4109 1222 4171 liarimiliane
1245 4109 1360 4204 Cesuri,
1404 4145 1406 4152 ι

87 4221 128 4296 qui
149 4240 213 4282 cum
236 4228 285 4282 tua
309 4222 391 4298 gnari
413 4222 544 4282 oratione
567 4221 596 4280 in
619 4235 759 4280 consessu
791 4215 1037 4296 amplissimorum
1065 4213 1195 4272 virerum
1224 4210 1263 4271 de
1288 4211 1362 4270 meis

87 4321 177 4384 eures
198 4323 295 4402 deque
317 4321 364 4383 illa
388 4315 544 4384 erumnose
567 4340 620 4401 per
636 4321 784 4397 Europam
807 4316 1059 4398 peregrinatione,
1082 4311 1168 4374 simul
1183 4311 1220 4372 de
1235 4311 1360 4390 quadam

88 4438 142 4483 mea
162 4424 285 4488 feliciter
307 4421 347 4484 illi
368 4431 497 4502 pugnata
521 4439 618 4502 pugna
641 4439 802 4501 persuasus
825 4426 917 4488 esset,
946 4423 979 4478 et
1007 4435 1055 4476 me
1077 4416 1255 4481 honoraret,
1285 4431 1360 4491 ques

88 4529 113 4582 tu
132 4543 188 4585 nen
210 4526 380 4604 magnifices
407 4524 522 4594 titulos,
554 4542 619 4604 qum
647 4540 704 4582 nen
734 4519 860 4582 celebria
889 4521 1030 4586 nemina,
1054 4535 1126 4596 quies
1154 4516 1360 4582 immunitates,

64 4637 145 4703 teque
166 4627 313 4706 privilegia
337 4645 396 4686 nen
425 4626 588 4706 protulisti,
616 4632 649 4686 ut
677 4623 890 4700 ingratissimus
919 4623 972 4682 sim
1001 4621 1130 4678 omnium
1159 4617 1208 4696 qni
1236 4633 1359 4694 usquam

89 4729 176 4790 vivuat
196 4727 377 4796 nrortelium,
402 4731 455 4788 uisi
479 4735 506 4788 te
530 4725 611 4788 valde
634 4711 728 4786 amem
752 4729 977 4784 adreverenter
1000 4717 1104 4780 colam.
1141 4717 1268 4779 Proinde
1286 4731 1405 4782 eon-§.s

1099 4819 1140 4880 7*
