3464 5526
240 417 363 452 narrem
382 417 411 452 aa
431 417 522 452 ovensi
542 415 819 452 urnrssranoeasrn
839 413 941 450 oanrro
961 415 1016 450 1111.
1037 415 1064 450 rr.
1078 413 1142 464 ayo.
1156 414 1181 450 a.
1196 407 1254 451 tara¹
1344 387 1386 456 71

114 573 165 642 tui,
188 572 267 650 quod
282 571 432 651 pubiicum
454 577 512 642 est,
535 571 602 632 odio
619 571 757 632 defensus
779 543 850 632 mih'i
872 571 988 632 videor:
1012 588 1103 650 quare
1120 572 1206 632 etiam
1222 571 1392 633 interiecto·

114 693 171 734 rem
193 674 370 736 tibi-deesse
391 673 477 753 puto,
502 673 580 751 quod
604 674 752 768 neminem
775 674 813 733 ita
836 671 872 732 ab
895 672 1076 752 humanitate
1098 672 1271 734 derelictum
1294 675 1391 734 existi·

114 794 195 845 mem,
218 777 269 856 qui
291 794 387 838 meam
409 776 606 836 innocentiam
629 774 770 836 ollensam
793 773 869 835 velit.
905 773 1027 852 proinde
1049 781 1162 834 tantum
1184 773 1288 836 abesse
1309 781 1379 854 poia
1395 791 1460 840 aros.

113 884 142 938 ut
161 880 294 948 timeam,
317 884 350 938 ut
365 879 451 940 ctiam
465 893 546 940 nunc
560 877 759 940 adversarium
776 895 823 938 me
839 875 890 936 tibi
905 859 1069 946 assiduum,
1093 883 1294 937 accusatorem
1310 895 1401 963 acer·¹

96 979 193 1050 abun,
216 981 365 1041 inimicum
389 979 516 1040 alacrem
539 986 568 1040 et
589 978 740 1039 inlensum
759 979 915 1057 profitear:
945 979 970 1037 si
996 993 1114 1056 possem
1143 981 1206 1056 cogi
1236 979 1331 1050 enim,
1361 983 1394 1040 ul

112 1088 171 1142 tuas
193 1081 298 1152 turias,
322 1069 638 1157 tuam'inclementiam
661 1082 812 1151 timerem,
836 1097 931 1158 nuper
950 1079 1130 1150 timuissem,
1154 1097 1221 1140 cum
1237 1082 1393 1159 sanguino·

112 1183 218 1244 lentum
240 1182 337 1247 adhuc
352 1185 441 1244 'tuum
463 1200 564 1244 ensem
585 1200 640 1262 per
663 1182 774 1243 viscera
797 1183 965 1242 amicissimi
987 1181 1114 1242 hominis
1135 1187 1316 1274 transactum
1338 1199 1391 1263 spe

111 1303 194 1356 nora,
227 1303 301 1346 nora
324 1283 499 1356 confidentia
524 1283 615 1346 elatos
638 1299 671 1344 ac
693 1283 870 1345 tumelactus
892 1283 1039 1360 educeres⁴
1057 1290 1090 1354 et,
1107 1285 1137 1344 in
1166 1290 1300 1345 nostrum
1330 1286 1391 1346 exi·

110 1389 177 1448 tium
199 1386 382 1456 revibrares;
405 1381 489 1456 tuuc,
513 1387 648 1465 inquam,
672 1403 739 1447 cum
762 1387 844 1465 quasi
866 1385 962 1446 subita
985 1385 1118 1465 quedam
1141 1391 1299 1466 tempestas
1314 1394 1460 1450 cumbran.
1564 1431 1571 1448 .

85 1489 163 1550 ttboc
183 1497 366 1570 ¹armatorum
388 1487 477 1568 globo
499 1507 535 1550 ex
557 1495 770 1551 tormentorum
793 1493 911 1550 tuorum
941 1505 1061 1548 carcere
1089 1505 1276 1567 erumperes,
1307 1484 1393 1550 nobis

110 1593 165 1652 iam
185 1597 256 1676 tom
269 1575 499 1668 imparatis'nec
521 1589 556 1652 ad
581 1598 663 1655 tuum
685 1607 842 1651 occursum
864 1590 933 1650 satis
955 1590 1120 1660 instructis;
1143 1590 1196 1652 sed
1218 1590 1322 1654 eodem
1342 1587 1392 1652 illo

111 1701 239 1772 ternpore
262 1693 399 1754 invadere
421 1694 450 1752 in
473 1699 540 1752 tuos
561 1693 687 1770 impetus
709 1693 824 1754 animus
846 1697 926 1761 erat,
948 1691 1066 1752 iortnna
1088 1709 1148 1752 non
1166 1700 1245 1762 erat3
1269 1701 1298 1754 et
1312 1709 1392 1754 nunc

110 1803 136 1856 te
157 1803 332 1866 contemno,
354 1812 409 1856 nec
424 1795 494 1856 satis
510 1793 635 1868 validum
650 1793 763 1863 iudico,
785 1812 801 1854 a
818 1810 876 1872 quo
891 1792 962 1874 mibi
977 1791 1142 1874 periculum
1157 1793 1299 1874 suspicer.
1336 1793 1380 1856 nd
1393 1807 1458 1859 §.¹⁰⁷-

111 1897 162 1958 boc
184 1895 260 1958 nibil
282 1897 414 1958 omittam
436 1895 516 1976 quod
538 1896 573 1958 ad
596 1897 638 1958 tui
653 1895 910 1976 persequutionem
925 1897 1051 1956 attinere
1066 1867 1251 1967 arbitrabor,
1274 1897 1394 1959 iaciam-

85 2009 165 2078 ttque
187 2005 221 2060 ut
244 2015 406 2076 cognoscas
419 2001 495 2078 totis
518 2017 565 2059 me
587 1998 676 2072 animi
698 2015 732 2058 ac
754 1998 888 2075 corporis
916 1996 1027 2058 viribus
1056 1995 1158 2059 contra
1180 2005 1209 2058 te
1231 2001 1392 2060 intentum:

111 2100 183 2180 quod
205 2109 238 2162 tu
259 2100 331 2161 lieet
352 2099 450 2161 verbis
472 2099 582 2171 eleves,
606 2101 695 2161 animi
717 2108 814 2160 tamen
837 2099 980 2159 sententia
1003 2099 1046 2160 toi
1068 2107 1097 2160 et
1116 2117 1150 2161 re
1168 2101 1230 2180 ipsa
1245 2119 1305 2162 non
1321 2117 1390 2162 con·

111 2203 227 2262 temnis:
258 2220 325 2263 nana
347 2209 380 2264 nt
402 2201 482 2264 aliud
504 2197 575 2262 'nihil
598 2203 722 2282 possim,
746 2219 845 2286 nonne
867 2199 924 2261 boc
947 2199 1169 2264 acerbissimum
1192 2201 1244 2262 tibi
1266 2201 1459 2272 accidiatus.

111 2303 183 2382 quod
205 2305 356 2366 neminem
379 2303 458 2365 rides
481 2305 597 2366 esseio
620 2303 778 2366 Germania
799 2303 892 2366 literis
914 2299 1025 2364 clarum
1054 2305 1173 2383 quicum
1202 2321 1262 2364 non
1291 2307 1392 2366 arctis-

103 2385 178 2466 ⁸sima
200 2405 274 2468 mihi
296 2407 422 2468 amicitia
450 2407 666 2468 intercesserit?
695 2423 797 2466 eorum
827 2423 995 2486 quenquam
1024 2423 1088 2466 esse
1115 2392 1200 2484 putas
1229 2407 1281 2484 qui
1309 2415 1391 2470 tuum

81 2506 201 2568 assedus
224 2505 342 2568 silentio
364 2509 615 2588 pretermissurus
636 2507 695 2569 sit?
722 2523 781 2568 non
809 2515 868 2570 tarn
897 2509 966 2587 quia
987 2509 1030 2568 sic
1053 2508 1110 2568 vixi
1133 2525 1188 2585 ego
1215 2505 1292 2587 (licet
1314 2511 1392 2570 enim

111 2609 261 2688 magnilica
283 2608 381 2689 loqui,
404 2627 463 2688 quo
485 2619 516 2670 tu
539 2611 633 2688 magis
656 2611 794 2691 invideas)
818 2611 903 2689 quia,
925 2611 1062 2688 inquam,
1085 2611 1128 2670 sic
1142 2610 1201 2670 rixi
1217 2627 1285 2688 ego,
1309 2617 1341 2672 ut
1356 2611 1392 2671 ab

110 2711 386 2790 omnibusingenio
409 2729 443 2774 ae
466 2711 631 2774 eruditione
653 2709 815 2775 illustribus
843 2713 936 2774 amari
957 2730 1089 2782 merear,
1113 2720 1202 2792 utque
1225 2707 1394 2792 clarissimis

111 2811 276 2874 bominibus
299 2814 585 2876 commendatissima
608 2816 666 2876 ianr
688 2835 752 2877 esse
774 2785 901 2876 dibeant
922 2815 1016 2876 studia
1039 2833 1119 2885 mea,
1143 2831 1232 2892 quam
1254 2816 1321 2894 quia
1336 2814 1393 2876 tale

110 2924 187 2976 mum
210 2914 323 2976 iactum
346 2911 490 2994 estquod
512 2933 599 2976 nemo
621 2915 717 2978 bonus
740 2935 799 2979 non
823 2925 953 2980 extreme
969 2917 1065 2979 odisse
1081 2914 1198 2986 debeat,
1222 2919 1260 2977 ita
1274 2935 1392 2988 novom,

83 3018 144 3077 trita
165 3017 331 3096 singulare,
353 3023 386 3077 ut
408 3035 439 3078 se
461 3019 491 3078 in
514 3017 646 3078 omnium
668 3017 766 3080 literas
789 3017 866 3080 ultro
888 3015 1023 3080 insinuet.
1069 3015 1235 3080 Posteritati
1258 3023 1314 3082 tue
1337 3021 1380 3080 in-
1393 3033 1459 3083 §.ron

112 3118 205 3190 rideo,
230 3117 377 3188 earniiex,
401 3138 417 3180 a
440 3137 499 3198 quo
523 3122 609 3181 etiarn
632 3138 726 3182 annus
748 3121 797 3182 bic
819 3119 1072 3208 denominabitur,
1102 3121 1184 3180 cuius
1206 3118 1311 3181 sceleri
1332 3121 1394 3182 dies
1491 3117 1496 3128 '

111 3219 269 3282 tribuetur:
298 3221 341 3282 sic
370 3223 448 3282 enim
476 3217 576 3300 legent
598 3225 723 3300 posteri,
753 3241 787 3284 eo
810 3221 936 3303 aliquem
959 3239 1035 3283 anno
1058 3228 1174 3290 natum,
1204 3239 1262 3300 qoo
1291 3230 1321 3284 tn
1349 3223 1393 3283 in-

111 3323 293 3403 extinguibili
315 3325 504 3386 Germaniam
527 3323 638 3402 probro
661 3323 803 3403 polluisti;
833 3324 889 3385 ibis
911 3325 940 3384 in
958 3323 1068 3400 instes,
1097 3323 1248 3402 improbe,
1272 3323 1394 3402 augebis

111 3425 257 3496 historias;
281 3425 446 3486 immortale
468 3407 551 3487 fuum
572 3425 680 3486 laetum
704 3431 762 3495 est,
787 3425 824 3486 ob
847 3425 935 3504 idque
956 3441 1063 3486 nomen
1079 3424 1109 3485 in
1124 3441 1210 3485 omne
1226 3443 1319 3486 aevum
1334 3443 1394 3487 me·
1431 3447 1438 3456 ·

85 3526 254 3597 amorabile
273 3529 340 3607 ipse
363 3533 539 3590 consecutus
561 3528 638 3607 quod
661 3527 792 3588 voluisti:
816 3527 886 3605 quid
908 3526 1023 3588 voluisti
1045 3533 1143 3587 antem
1165 3543 1253 3605 quam
1269 3527 1393 3606 turpitu-

111 3629 174 3690 dine
194 3631 350 3708 insignis-it
372 3631 415 3690 sic
437 3628 544 3690 lamam
567 3631 738 3707 quesivisti,
763 3632 804 3691 sic
826 3627 868 3690 tui
884 3629 1056 3690 memoriam
1071 3629 1225 3696 allectasti,
1249 3629 1392 3714 sinaitam

112 3731 278 3811 prolongari
306 3730 431 3810 placuit3
460 3731 628 3792 scribentur
661 3731 697 3794 de
726 3739 754 3794 te
778 3732 922 3800 cannina,
958 3736 1094 3791 texentur
1115 3729 1251 3791 historiae.
1297 3713 1461 3812 duodeno.
1529 3774 1534 3786 .

112 3851 166 3911 quo
188 3835 284 3910 magis
306 3833 414 3895 iaciant
434 3832 583 3902 homines,
611 3832 808 3896 movebuntur
830 3830 1051 3913 incomparabili
1074 3834 1128 3893 isto
1156 3833 1199 3893 tui
1228 3832 1310 3903 odio,
1339 3851 1392 3892 no-

112 3941 168 3994 stro
190 3935 295 3996 dolore
317 3953 352 3995 ac
374 3932 546 3997 calamitate.
591 3952 678 4015 quam
702 3934 804 4008 velles,
828 3937 852 3996 si
875 3943 903 3997 te
925 3935 1016 4014 pudet
1036 3933 1103 4005 tui,
1117 3952 1177 3994 non
1200 3951 1264 3994 esse
1280 3931 1393 4004 litoras;

87 4039 209 4115 *quanti
232 4053 363 4104 emeres,
386 4034 458 4096 nihil
480 4037 615 4098 didicisse
638 4056 701 4101 me:
724 4055 891 4118 quanquam
915 4037 986 4099 nibil
1010 4038 1079 4096 tanti
1102 4045 1160 4106 est,
1183 4041 1259 4097 utte
1275 4036 1395 4099 sceleris

113 4141 262 4215 pnniteat,
293 4157 328 4200 ac
356 4137 483 4200 libenter
506 4147 536 4200 et
557 4157 593 4200 ex
615 4147 681 4199 roto
713 4137 806 4202 malus
829 4159 882 4201 esz·
906 4147 963 4200 lom
988 4137 1050 4200 iera
1072 4145 1121 4198 tua
1143 4145 1249 4199 natura
1272 4119 1329 4211 est,
1353 4147 1393 4210 ut,

114 4257 167 4316 quo
189 4239 442 4308 immortalitatem
464 4240 522 4304 tibi
539 4240 727 4312 conciliares,
761 4240 806 4302 vel
834 4241 945 4304 scelere
975 4231 1099 4302 volueris
1127 4239 1225 4301 clarus
1252 4242 1331 4313 lieri,
1357 4223 1393 4302 'iil

114 4342 186 4419 quod
209 4359 271 4404 non
293 4341 451 4404 obscurius
473 4361 504 4404 es
527 4351 716 4412 consecutus,
740 4361 828 4422 quam
850 4342 898 4408 ille
920 4345 970 4423 qui
986 4342 1117 4421 Ephesiae
1132 4341 1231 4404 Dianae
1253 4339 1394 4422 templum

115 4444 226 4504 eremit.
273 4441 311 4528 0θ
325 4443 532 4506 detestabilem
560 4447 649 4524 igitur
677 4453 757 4506 tuam
785 4445 898 4507 vivendi
927 4443 1180 4516 consuetudinem,
1211 4465 1228 4506 o
1256 4446 1381 4506 immane
1393 4460 1460 4510 §.na

115 4545 311 4625 propositum!
345 4553 377 4605 tu
404 4547 446 4606 sic
473 4547 504 4606 in
533 4549 610 4608 iama
638 4565 701 4608 esse
730 4545 860 4618 laboras,
891 4539 923 4607 tu
946 4549 988 4608 sie
1016 4548 1192 4624 posteritatis
1220 4548 1392 4610 memoriam

144 4729 165 4762 ²⁸
182 4769 190 4782 .
209 4732 295 4784 Cuius
311 4737 341 4780 fl.
395 4709 1150 4808 ¹⁸''irnsinnlconternanti.1,ra.1³lin.paneg.5b.
1196 4731 1218 4766 '⁴
1236 4748 1269 4783 ac
1283 4737 1305 4783 1.
1326 4736 1391 4782 otu.
1501 4805 1505 4812 .
