3464 5526
261 413 384 450 uvr‘rrrttt
403 413 433 448 iil
452 413 544 450 DVGEH
563 412 840 448 wrttrttttrattttttttstttt
858 412 962 462 Ollfflo
980 412 1037 448 1111.
1061 412 1090 448 Ι·
1103 411 1168 448 ΠΟ.
1181 410 1208 448 Δ.
1223 406 1282 448 ΙδΙῚ.
1362 383 1408 452 55

132 571 158 628 in
180 587 233 630 nos
252 588 272 629 a
295 567 382 630 nullis
403 567 511 628 nostris
533 567 658 630 deducta
680 568 791 633 meritis
812 566 865 628 scd
888 585 924 628 ex
945 566 1149 629 recordatione
1176 565 1323 628 scelerum
1345 574 1409 630 tuo·

130 685 191 728 rum
214 669 389 749 deprompta
412 669 547 730 evomas?
570 670 684 748 quoties
700 667 775 730 enim
792 669 1014 730 audiemus-hoc
1029 679 1112 730 tunm
1135 661 1296 736 'Peioravit
1320 669 1407 730 fidem
1422 689 1470 742 cs,

129 771 221 832 datmn
246 770 357 840 lelcllit,
382 773 481 831 necari
503 771 624 841 meruit,
648 769 723 830 male
747 772 881 832 meritum
905 769 1029 849 punivi?
1056 769 1106 830 Dic
1129 770 1245 833 undem
1262 788 1317 848 qua
1333 771 1361 830 in
1377 789 1411 832 re

129 872 211 933 idem
236 871 360 941 leiellit,
375 879 424 933 aut
446 873 515 951 quid
538 872 694 949 peioraslt?
717 873 800 932 istam
823 871 909 934 nobis
933 877 1202 950 causamexpone,
1234 871 1311 932 istud
1334 871 1409 936 male

111 975 263 1034 imeritum
290 973 407 1052 planum
431 975 490 1036 lac:
513 976 570 1036 iam
593 981 708 1052 tempus
730 981 774 1034 est
796 980 827 1035 ut
850 980 930 1036 tuum
954 974 1062 1034 tamum
1084 972 1238 1042 delendas,
1263 991 1329 1034 nam
1352 963 1409 1053 qua

130 1093 203 1136 rtunc
225 1077 331 1146 uteris,
361 1074 440 1138 nulla
464 1075 594 1136 defensio
617 1083 674 1136 est:
703 1075 773 1138 dum
797 1079 847 1136 ista
872 1075 1055 1148 conviciaris,
1087 1094 1122 1136 en
1151 1081 1178 1135 te
1207 1072 1278 1138 alios
1306 1075 1407 1153 llngis;

128 1176 174 1238 sed
198 1175 367 1255 nihilagis,
392 1176 470 1256 quod
493 1183 522 1237 et
543 1186 644 1239 notum
667 1185 711 1238 est
733 1179 803 1258 qnid
825 1185 856 1239 tu
879 1177 1075 1246 commiseris
1105 1184 1289 1238 attestatum
1312 1176 1405 1255 quali·

127 1287 169 1340 tcr
191 1277 239 1339 ille
261 1265 379 1349 uixerit,
403 1261 449 1341 cui
472 1287 510 1352 tu
526 1275 642 1342 mortuo
665 1280 777 1340 crimen
793 1281 932 1359 imputas:
955 1279 1202 1341 acinviuissunus
1217 1277 1322 1348 Gaesar,
1346 1277 1404 1338 lor·
1418 1293 1464 1342 §.a

128 1363 226 1441 tissimi
245 1383 393 1459 principes
415 1401 450 1443 ac
472 1382 525 1441 siri
548 1381 686 1442 Germani
708 1381 809 1442 audire
832 1383 953 1460 cupiunt
975 1400 1061 1460 quam
1085 1389 1115 1442 tu
1137 1399 1231 1442 causae
1247 1386 1304 1440 tuae
1318 1381 1407 1460 aequi·

101 1497 119 1536 u
128 1490 212 1544 tatem
236 1484 389 1564 presteras,
413 1484 491 1562 quod
514 1484 570 1544 iuri
593 1490 643 1544 tuo
666 1482 887 1544 tundamentum
909 1481 1082 1552 substituas,
1106 1482 1183 1560 quod
1200 1481 1340 1542 maleficio
1357 1500 1406 1561 pa·

127 1588 279 1646 unctulum
307 1593 464 1665 praetexam
501 1603 592 1664 quare
619 1586 726 1645 iterum
754 1583 807 1646 abs
836 1590 864 1644 te
891 1591 976 1661 peto,
1007 1603 1074 1647 curn
1102 1585 1187 1644 toties
1218 1583 1406 1662 perltdiosum

62 1689 70 1708 ⁶
126 1705 223 1754 rocas,
245 1689 332 1748 toties
354 1695 447 1766 raptae
469 1687 536 1747 tidei
559 1683 682 1748 crimine
703 1686 877 1766 perfundas,
900 1685 969 1765 quid
985 1685 1101 1748 tandem
1118 1693 1176 1754 est,
1199 1687 1229 1746 iu
1245 1705 1302 1766 quo
1318 1685 1405 1768 iidem
1440 1695 1447 1720 ¹

125 1785 169 1848 ille
192 1788 245 1848 tibi
268 1789 369 1865 tregit?
392 1807 457 1868 quae
479 1790 574 1858 iraus,
597 1787 678 1866 quod
699 1787 917 1857 iusiurandum,
946 1789 1024 1867 quod
1047 1788 1226 1867 periurium?
1249 1787 1403 1862 dicendum

126 1888 175 1950 tibi
197 1890 334 1950 iamnunc
356 1891 451 1969 siquid
473 1889 579 1960 hoines,
610 1889 729 1952 dillerre
757 1889 793 1952 ab
822 1887 879 1949 hoc
907 1881 953 1950 die
983 1908 1042 1951 non
1065 1891 1148 1954 licet:
1180 1907 1217 1950 an
1239 1889 1316 1968 apud
1338 1887 1403 1950 illos
1417 1899 1463 1949 tr.

100 1990 287 2051 tainlerorum
310 1990 419 2052 iudices
448 1992 514 2051 iacti
542 1991 686 2052 rationem
715 1993 782 2070 quia
812 1990 934 2060 reddes,
969 1991 1016 2052 hic
1045 1992 1128 2054 reddi
1155 2010 1213 2052 nou
1242 1989 1406 2068 oportebit?

127 2091 183 2152 Nisi
206 2097 286 2152 tanta
307 2094 421 2154 tristitia
445 2101 526 2153 turim
549 2093 657 2152 lactum
681 2111 783 2154 omnes
806 2091 964 2162 affecisset,
993 2101 1025 2154 ut
1052 2095 1082 2154 in
1110 2110 1224 2154 summa
1253 2093 1405 2153 commise-

127 2196 236 2254 ratione
258 2193 329 2255 nulli
351 2194 432 2255 lusus
454 2195 504 2262 sit,
517 2193 662 2272 'proiecto
685 2194 824 2256 ridiculus
845 2203 877 2255 tu
900 2201 1074 2258 causae'tuae
1096 2203 1178 2255 actor
1200 2194 1308 2254 in-lroc
1330 2193 1404 2254 iudi-

127 2297 200 2356 cium
224 2297 367 2364 venisses,
396 2295 448 2357 ubi
477 2297 600 2373 septimo
629 2296 744 2356 decimo
771 2316 871 2382 meuse
900 2305 1056 2378 postquam
1086 2297 1220 2373 punivisti
1248 2313 1332 2355 reum
1361 2296 1406 2374 (ut

128 2403 174 2456 tuo
197 2383 311 2458 interim
334 2395 422 2462 verbo
446 2397 521 2476 utar)
550 2415 684 2468 accusas,
716 2399 871 2460 interiecto
900 2399 1015 2478 cuipam
1045 2398 1194 2476 adsignas,
1230 2401 1309 2456 tanto
1339 2403 1405 2467 ante

99 2495 254 2574 rriugotato
276 2497 328 2558 abs
349 2506 378 2558 te
402 2499 511 2558 crimen
535 2498 672 2576 adingis,
695 2501 725 2568 in
748 2507 897 2562 mortuum
913 2497 1000 2571 dieis,
1024 2519 1058 2560 ac
1073 2499 1159 2568 istos,
1178 2493 1403 2576 'implentissime

129 2600 268 2670 carnifex,
298 2617 400 2660 manes
429 2598 578 2671 sollicitas,
609 2604 740 2664 cinerem
766 2621 881 2672 moves,
902 2585 975 2663 ossa
1003 2607 1176 2662 contractas.
1222 2599 1297 2672 Quid
1327 2598 1461 2663 ultrats.

121 2700 254 2764 ,conabor
275 2701 377 2779 igitur,
406 2701 561 2774 Germani,
591 2710 641 2764 aut
668 2685 727 2784 quo
756 2705 859 2782 ordine
887 2705 955 2766 huic
977 2703 1178 2766 calumniatori
1200 2700 1404 2780 respondebo?

129 2803 193 2880 quid
217 2803 344 2881 primum
365 2808 415 2864 aut
436 2805 504 2882 quid
529 2803 629 2864 ultimo
653 2803 767 2866 dinami
790 2825 823 2866 ea
846 2814 891 2866 est
912 2808 1078 2884 copiaque
1093 2823 1140 2865 me
1156 2803 1273 2874 turbat,¹
1292 2805 1317 2864 is
1332 2803 1405 2864 ordo

129 2922 211 2982 quem
233 2902 396 2966 inconsulta
421 2905 506 2965 liuius
527 2907 620 2966 oratio
643 2909 760 2988 servari·
776 2925 835 2968 non
857 2909 933 2970 sinit.
978 2908 1105 2986 primum
1132 2906 1220 2984 igitur
1248 2908 1302 2966 iste
1324 2907 1404 2986 inge-

100 3007 174 3064 ranio
202 3024 235 3066 ac
264 3004 412 3068 voluntate
434 3007 580 3084 peccavit,
611 3015 676 3086 post
703 3008 854 3080 manibus,
885 3028 963 3070 nunc
993 3010 1110 3086 tlemum
1140 3007 1237 3086 lingua
1265 3007 1403 3084 flagitium

129 3107 312 3186 aggreditur;
341 3110 386 3169 cni
409 3125 476 3169 curn
499 3108 663 3185 petulanter
685 3109 772 3172 honis
794 3110 967 3174 maledicere
991 3109 1122 3190 voluptas
1151 3111 1202 3177 sit,
1234 3111 1322 3187 qu'am
1345 3127 1403 3168 non

129 3206 276 3270 molestum
300 3210 365 3272 lore
387 3211 494 3287 putatis
515 3209 591 3270 male
613 3210 732 3274 andus?
755 3229 922 3292 quanquam
943 3230 1002 3272 non
1025 3213 1128 3290 ignoro
1157 3229 1243 3290 quem
1272 3210 1403 3290 petulan·
1418 3220 1464 3272 tt.

130 3313 179 3394 tiae¹
194 3311 277 3373 huius
299 3313 471 3390 magistrum
493 3310 645 3381 habuerit,
668 3313 722 3374 sub
746 3331 804 3393 quo
826 3313 946 3374 rhetore
967 3316 1020 3375 ista
1048 3310 1268 3376 declamaverit:
1300 3329 1405 3390 nempe
1426 3355 1428 3362 .

130 3432 143 3471 a
165 3431 221 3492 quo
243 3414 364 3475 edoctus
386 3420 430 3474 est
452 3415 536 3474 ismm
560 3430 727 3494 proponere
750 3417 966 3496 exceptionem,
997 3422 1029 3478 ut
1050 3415 1126 3476 dicat
1148 3413 1322 3493 quibusdam
1344 3413 1405 3474 suis

36 3579 38 3588 ,
103 3513 210 3574 stactis
230 3533 288 3576 riou
311 3515 369 3576 hoc
390 3515 537 3576 iudicium·
551 3523 733 3594 competere,
757 3518 833 3594 apud
856 3516 927 3596 alios
947 3517 1058 3578 iudices
1079 3515 1261 3578 tractandam
1276 3531 1403 3574 causam

131 3613 169 3676 Te
191 3616 275 3693 igitur
297 3618 404 3677 trustra
421 3617 560 3704 disertum
576 3634 630 3694 per
645 3619 833 3682 Germaniam
849 3619 1007 3690 creditum,
1031 3617 1239 3697 Lamprechte,
1263 3634 1299 3677 ex
1322 3617 1404 3676 cuius

132 3718 242 3794 ingenio
263 3719 327 3778 haec
354 3725 412 3778 tarn
440 3717 567 3779 absurda
594 3720 702 3798 prodiit
728 3720 892 3788 delensim,
910 3738 984 3800 qnos
1012 3722 1089 3782 euim
1117 3717 1282 3798 pontifices,
1317 3733 1404 3796 quam

132 3817 247 3880 llomam
268 3837 358 3897 supra
380 3818 461 3880 orbis
482 3826 569 3882 terrae
590 3822 805 3899 imperatorem¹
821 3823 989 3884 constituis?
1018 3830 1067 3884 aot
1089 3828 1232 3902 quatenus
1254 3820 1311 3880 hoc
1333 3834 1404 3880 con·

133 3927 237 3981 umnec
258 3923 429 4000 imperium,
451 3921 497 3980 his
519 3919 623 3982 illudes
644 3923 845 4001 principibus?
868 3919 1024 4004 quicquam
1046 3925 1076 3984 in
1091 3923 1246 3986 Germania
1270 3919 1474 3987 commit-an

105 4021 199 4082 ndtur
220 4023 294 4102 quod
317 4022 390 4085 inibi
412 4023 535 4084 iudicari
557 4041 616 4084 non
638 4023 761 4086 debeat?
789 4026 832 4086 sic
859 4032 988 4086 nostram
1002 4026 1125 4104 ,prodes
1150 4025 1332 4094 libertatem,
1362 4026 1403 4085 sic

135 4121 258 4186 llomano
272 4123 489 4188 lenocinaberis
504 4125 586 4204 iugo,
608 4125 667 4186 hoc
679 4121 765 4186 nobis
780 4127 929 4188 servitium
949 4127 1087 4188 induces?
1109 4134 1208 4190 necte
1224 4126 1313 4206 pudet
1328 4126 1404 4187 hanc

134 4229 233 4286 noum
256 4227 482 4318 turpitudinem,
511 4225 652 4305 populare
674 4228 773 4297 naias,
803 4215 928 4306 patrium
958 4227 1053 4290 scelus
1081 4229 1118 4290 ad
1147 4235 1260 4294 exteras
1287 4245 1404 4307 quoque

196 4460 216 4495 ¹⁹
231 4463 285 4514 tuis
299 4463 430 4514 ...vorbis
447 4479 515 4514 eorc.
529 4469 557 4516 11.
613 4463 634 4498 ²¹
655 4467 938 4516 contremescamus.
956 4463 1256 4530 sec.2.(contreotas?)
1307 4466 1402 4519 ”ma-

136 4543 247 4613 gistrum]
272 4547 470 4598 cancellarium
493 4564 569 4600 suum
593 4549 754 4619 Gregorium
777 4551 949 4618 Lamperter,
976 4551 1090 4602 eundem
1114 4553 1160 4616 qui
1182 4568 1235 4603 non
1258 4553 1298 4602 ite
1322 4551 1402 4621 longe

136 4635 192 4694 post
203 4632 267 4698 iuga
277 4649 307 4683 se
321 4632 458 4684 subtraxit
475 4633 553 4696 ducis
571 4636 627 4686 irae.
648 4637 692 4686 Of.
705 4635 793 4698 Heyd.
806 4637 828 4686 1.
843 4653 867 4702 p.
883 4635 940 4685 464.
954 4635 1011 4686 470.
1032 4633 1175 4686 Hominem
1193 4635 1266 4689 inire
1279 4637 1401 4712 (drettv.

136 4713 159 4774 l·
170 4711 216 4782 38.)
235 4718 339 4769 ‘obiter'
358 4732 412 4767 non
430 4716 529 4768 blande
549 4719 673 4784 depingit
691 4719 836 4771 Huttenns.
889 4719 910 4753 ²⁹
930 4717 1047 4786 except]
1066 4719 1109 4771 Gi.
1123 4720 1175 4770 vol.
1190 4721 1211 4773 1.
1224 4737 1251 4786 p.
1264 4721 1305 4770 72.
1323 4735 1364 4784 aq.
