3444 5518
356 441 429 514 348
493 473 529 508 ΙΧ
542 474 597 509 lob.
611 475 787 512 cocuntium·
801 475 881 514 ΛΟΤῙΒ
894 479 928 513 tt·
942 478 1068 514 SCRIP'H!
1081 479 1204 516 LUMBI
1217 479 1254 516 ΑΒ
1266 480 1292 516 Δ.
1306 481 1393 517 lilius
1408 482 1506 518 Locus.

351 637 503 713 principem
527 637 636 710 (inquit)
658 645 686 694 et
714 637 978 711 ingeniosissimum.
1010 639 1135 696 loannem
1149 640 1249 717 ¹Picum
1271 639 1486 697 tlirandulanum
1509 643 1635 705 comtum,

354 724 528 781 Laurentium
550 720 716 786 Vallensem.
746 739 824 797 quent
847 725 885 780 ait
907 723 1029 780 eeclesiae
1052 725 1195 798 primitivae
1216 724 1258 780 rel
1280 723 1413 799 reliquam
1435 727 1579 783 scintillans
1599 727 1635 784 sel

354 825 452 864 novum
475 807 613 870 tomitem.
636 816 664 864 et
686 816 750 880 post
772 807 824 864 laos
845 809 970 866 loannem
994 808 1137 871 Reuelsliu,
1162 810 1187 865 in
1210 824 1266 883 qno
1287 809 1475 884 deprehensos
1490 812 1543 874 ait,
1566 812 1636 885 qnin-

354 909 407 966 que
430 891 634 950 universitatum
658 892 828 966 theologos,
852 893 916 967 qnid
939 894 1060 968 sapiant.
1090 893 1156 968 quid
1176 902 1303 958 comant.
1333 895 1398 968 quid
1420 904 1553 970 querant,
1592 897 1635 951 st-

347 995 406 1051 que
430 985 460 1034 ut
482 977 569 1033 adbue
590 977 678 1050 magis
700 985 859 1035 extenuaret
881 978 991 1035 illerum
1019 979 1228 1040 authoritatem.
1257 979 1284 1034 in
1311 978 1373 1034 aliis
1401 997 1514 1053 quoqne
1543 978 1654 1036 libellist

307 1069 312 1082 ’
353 1079 401 1120 eos
425 1079 496 1136 saepe
517 1061 643 1118 convitiis
665 1068 694 1118 at
714 1060 837 1120 laedoriis
860 1063 960 1124 irrisit,
990 1063 1119 1120 adiiciens
1147 1059 1247 1120 alieubi
1275 1063 1300 1119 in
1324 1064 1445 1137 margine
1468 1063 1531 1120 libri
1554 1065 1635 1138 siquid

353 1147 474 1220 ineptius
488 1147 588 1203 dictum
611 1146 764 1214 videretur.
785 1147 844 1204 baro
865 1147 978 1204 ridicula
1000 1157 1027 1204 et
1049 1164 1147 1204 asese
1169 1148 1275 1204 inventa
1298 1147 1422 1204 adverbia
1445 1147 1635 1210 ‘boranialr'ten

353 1227 444 1305 32:2³¹*
463 1223 471 1312 Ι
493 1229 683 1294 Colonialiter‚
711 1231 883 1290 Nostraliter’
906 1229 971 1294 tc..
1001 1241 1032 1289 nt
1054 1247 1158 1288 omnem
1182 1233 1221 1288 eis
1244 1233 1364 1306 eriperet
1385 1249 1435 1307 per
1456 1235 1635 1308 conterrqfim

353 1327 379 1374 et
404 1316 527 1380 scrrrrilia
550 1324 696 1374 scommata
719 1318 789 1391 apud
812 1317 917 1391 plebem
940 1325 968 1373 et
989 1317 1156 1376 iuventutem
1179 1317 1490 1375 literarumstudiosam
1515 1327 1544 1376 et
1563 1326 1635 1374 auto·

354 1405 460 1460 ritatem
483 1409 511 1458 et
533 1400 662 1459 doctrine
690 1401 932 1464 existimationem,
963 1403 1070 1460 tametsi
1092 1404 1222 1474 Augustae
1243 1397 1424 1458 lovanienses
1449 1401 1634 1460 venerabiliter
1644 1413 1663 1451 n

354 1486 404 1544 sibi
428 1487 596 1561 postulasset
625 1485 737 1542 iudices.
782 1486 834 1542 Sed
863 1495 895 1542 et
912 1495 1008 1544 eontra
1029 1487 1057 1543 tt.
1080 1477 1207 1544 loannem
1229 1485 1340 1543 Eclimn
1363 1495 1391 1543 et
1412 1495 1509 1544 eontra
1531 1487 1634 1543 inuam

353 1573 535 1646 augustinum
550 1569 714 1634 alveldinm.
737 1571 824 1628 virum
847 1571 921 1645 pium
944 1579 972 1628 et
993 1572 1146 1635 cruditum,
1169 1571 1273 1628 ordinis
1295 1571 1321 1626 s:
1337 1571 1471 1628 Francisoi
1492 1573 1526 1628 de
1548 1570 1635 1628 obser·

353 1658 456 1718 nantia.
486 1654 677 1713 acerbissimos
705 1656 789 1714 edidit
816 1654 924 1714 libellos
952 1657 1146 1730 teuderico„
1168 1656 1268 1729 quibus
1295 1673 1404 1714 causam
1433 1673 1510 1712 suam
1539 1655 1634 1730 popule

341 1741 608 1799 'commendatiorem
631 1739 768 1798 reddebat.
812 1741 841 1796 ln
862 1740 974 1798 licinium
1002 1759 1066 1800 sane
1089 1740 1210 1798 scribens
1232 1740 1285 1797 boe
1308 1741 1395 1798 utitur
1417 1735 1515 1803 initio'.
1545 1741 1634 1797 ltocto·

353 1843 410 1885 rem
431 1825 542 1888 testum
557 1825 641 1883 lloma
663 1826 777 1882 rediisse
799 1825 989 1883 constantibus
1010 1827 1155 1883 nunciatur
1174 1825 1239 1882 milti
1262 1824 1381 1887 indiciis,
1404 1841 1521 1899 quorum
1544 1825 1660 1881 firmis-tt

352 1911 450 1968 siricum
472 1918 538 1972 est..
551 1910 624 1984 qnod
646 1911 698 1967 etsi
721 1903 799 1984 prius'
820 1911 847 1966 in
869 1911 992 1978 linearis,
1020 1910 1129 1974 Suesia,
1157 1909 1282 1977 Austris,
1306 1911 1405 1967 'tractu
1425 1910 1527 1971 Rbeni.
1549 1909 1633 1972 boma.

352 1995 486 2060 bononia,
514 2001 596 2068 atque
627 1995 678 2052 inm
701 1995 781 2052 etiarn
803 1996 830 2052 in
854 1994 947 2068 ¹llisnis
968 2003 997 2052 et
1019 1996 1133 2054 Sasonis
1156 1994 1218 2052 talis
1238 1995 1350 2068 ¹agnitus
1371 2011 1403 2052 ae
1423 1993 1576 2050 diffamatus
1596 2001 1633 2049 est

351 2081 434 2137 bomo
456 2077 556 2142 salsus,
580 2080 626 2152 qni
650 2081 739 2137 omnin
762 2081 893 2138 mentitur
915 2089 943 2136 et
965 2080 1034 2137 tollit
1057 2077 1225 2155 wttitque
1246 2078 1384 2153 loquitur.
1401 2078 1506 2152 ‚scribit
1528 2079 1633 2151 etegit

351 2163 576 2241 quemadmodum
592 2164 650 2220 eius
665 2163 793 2221 Canonici
808 2165 910 2222 indocti
927 2173 954 2222 et
969 2165 1066 2222 Eelius
1081 2165 1223 2224 dedolatus
1245 2163 1287 2236 (bi
1309 2165 1364 2221 duo
1386 2171 1465 2220 erant
1486 2162 1571 2219 libelli
1592 2162 1632 2218 ad·

349 2267 445 2308 versus
467 2247 577 2308 betium
598 2249 689 2321 editi),
718 2249 797 2306 multi
825 2259 957 2324 praeterea
985 2251 1033 2306 viri
1062 2267 1157 2323 graves
1184 2250 1421 2310 demonstrarunts
1449 2265 1523 2305 nune
1542 2256 1658 2303 samma

349 2334 437 2392 veluit
458 2333 657 2408 protectionem
681 2351 757 2391 snam
772 2334 919 2392 itomanam
942 2335 1054 2408 egregie
1075 2335 1227 2399 declarare,
1251 2353 1282 2391 ac
1296 2332 1416 2390 decrevit
1430 2334 1552 2406 seipsum
1567 2349 1632 2387 meu·

349 2420 435 2477 deciis
459 2435 598 2493 superare.
645 2417 724 2476 Tales
746 2419 816 2476 euim
839 2420 962 2476 homines
985 2437 1058 2476 trune
1078 2420 1124 2478 dat
1138 2419 1236 2480 boma,
1258 2426 1287 2474 et
1307 2416 1400 2474 nullos
1422 2417 1510 2474 alios·
1541 2417 1630 2472 Contra

349 2503 499 2561 blveldium
527 2519 592 2560 voro
619 2503 660 2561 sic
688 2505 727 2561 ait
754 2505 780 2560 in
803 2505 964 2579 praefatione
993 2503 1029 2566 'Si
1053 2504 1142 2578 bipsia
1171 2503 1239 2560 tales
1267 2501 1339 2560 tulit·
1356 2502 1498 2575 gigantes,
1531 2507 1630 2575 opertet

349 2605 407 2648 earn
438 2597 539 2664 terram
566 2588 675 2646 divitem
706 2589 806 2646 babere
834 2589 969 2646 lendum·
1000 2597 1031 2645 ut
1058 2589 1194 2661 intelligas
1216 2601 1281 2644 uero
1304 2587 1369 2661 quid
1396 2586 1492 2648 velim,
1522 2585 1629 2644 attende,

325 2673 501 2749 ·Sylrester.
535 2673 690 2733 Caietanns.
724 2673 836 2735 Eoltius.
866 2674 1008 2734 Emserus.
1037 2683 1065 2730 et
1097 2674 1147 2729 iam
1176 2672 1353 2729 bolonienses
1381 2679 1465 2745 atque
1492 2669 1656 2728 bernier-e

349 2777 395 2816 ses
422 2759 533 2832 egregia
561 2765 590 2814 et
618 2757 744 2814 militaria
773 2758 893 2815 iocinera
922 2775 970 2815 sua
999 2759 1026 2814 in
1054 2775 1097 2814 me
1126 2757 1318 2819 ostenderunt.
1350 2755 1434 2812 decus
1463 2763 1492 2810 et
1526 2755 1628 2828 gloriam

349 2844 512 2916 consequuti
542 2859 594 2917 pro
622 2843 720 2899 merito
749 2860 815 2905 sno:
843 2844 921 2918 Papm
947 2851 975 2899 et
1004 2843 1234 2916 indulgentiarum
1257 2857 1365 2898 eausam
1393 2841 1433 2896 sie
1460 2839 1629 2898 tatubmn

348 2928 490 2984 adversum
514 2933 570 2989 me,
594 2935 624 2983 ut
646 2926 745 2983 vellent
769 2928 810 2984 eis
832 2927 930 2984 melius
954 2926 1136 2987 successisse:
1159 2927 1266 2982 tandem
1290 2925 1480 3000 cogitaverunt
1502 2922 1627 2981 nonnulli

348 3012 461 3085 aggredi
476 3029 520 3068 me
541 3013 613 3068 sicut
627 3011 757 3068 Pharisaei
772 3013 897 3086 aggressi
913 3019 977 3069 sunt
992 3012 1137 3068 Christum’
1159 3019 1211 3068 etc.
1255 3010 1327 3084 Papa
1349 3008 1443 3084 igitur.
1467 3009 1522 3066 bse
1537 3008 1574 3070 x..
1594 3007 1629 3060 rir

347 3089 641 3177 {ffi’gssgfflffl'ml
663 3096 765 3171 alioqui
787 3097 961 3160 mitissimus.
985 3104 1016 3154 ut
1038 3097 1104 3154 vidit
1118 3095 1264 3153 Ecclesiam
1280 3094 1371 3169 impiis
1386 3101 1415 3150 et
1430 3093 1567 3150 seditiosis
1582 3092 1654 3146 bu!

347 3181 419 3238 theri
442 3181 553 3255 seriptis
574 3180 748 3238 vehementer
770 3182 874 3240 turbari
898 3178 1029 3255 undique,
1058 3181 1254 3254 dissidinmqne
1281 3180 1367 3236 indias
1390 3178 1478 3251 magis
1500 3195 1532 3235 ae
1551 3177 1627 3248 magis

328 3267 513 3327 increscere.
541 3281 573 3323 se
600 3264 676 3322 illum
699 3267 809 3323 reiectis
832 3266 971 3330 omnibus,
1000 3266 1149 3340 quamlibet
1177 3265 1244 3340 piis,
1272 3261 1506 3322 admonitionibus
1532 3275 1627 3334 semper

346 3351 373 3407 in
395 3350 474 3424 peius
497 3349 646 3424 prolicere.
675 3351 822 3408 insurrexit
852 3351 959 3408 undem
986 3351 1059 3408 serie
1087 3359 1184 3408 contra
1210 3347 1423 3423 superbissimas
1450 3345 1560 3404 rebellis
1578 3345 1626 3402 lle·

345 3436 423 3494 nnehi
446 3434 683 3509 importunitates,
712 3451 870 3510 proponens
898 3437 1015 3510 primunr
1037 3436 1204 3494 doctissimis
1232 3433 1393 3508 quibusdam
1416 3432 1562 3504 l'beologis
1582 3429 1626 3484 bu·

346 3521 416 3578 tberi
438 3520 541 3595 scripta
562 3519 758 3594 pensiculatius
780 3521 967 3584 examinanda:
996 3521 1093 3578 deinde
1115 3519 1217 3577 vocans
1239 3519 1266 3574 in
1289 3517 1490 3574 consistorium
1512 3515 1652 3571 Caelina-³³

345 3605 431 3666 libus,
454 3621 549 3660 eornm
573 3604 661 3661 iretus
682 3604 814 3667 oonsilio,
841 3605 950 3679 quando
973 3603 1085 3662 lenitate
1108 3621 1157 3679 par
1178 3603 1296 3677 Legatos
1319 3612 1347 3659 et
1367 3601 1488 3658 Nuncios
1510 3599 1574 3656 nibil
1593 3597 1626 3652 et·

345 3691 468 3752 iecisset.
491 3690 525 3744 ad
547 3690 667 3762 rigorem
690 3691 816 3747 Censuroe
838 3690 990 3764 processit.
1013 3707 1045 3746 ea
1068 3699 1156 3746 tamen
1178 3687 1385 3748 mederatione,
1414 3693 1445 3742 ut
1468 3687 1496 3742 in
1518 3681 1626 3759 promul·

344 3775 432 3848 ganda
455 3775 604 3837 sententia,
628 3775 772 3830 recensitis
794 3774 848 3830 llbl
870 3774 995 3832 articulis
1018 3774 1159 3848 reprobis.
1183 3772 1269 3829 libros
1291 3779 1397 3828 tantum
1420 3771 1565 3830 damnaret
1585 3783 1625 3822 ¹¹¹·

345 3859 453 3916 tbereru
482 3875 547 3914 vero
574 3857 708 3916 librorum
736 3859 769 3915 sd
797 3859 1011 3934 resipiscendum
1039 3865 1152 3934 paterne
1178 3858 1351 3919 hortaretur:
1382 3869 1464 3929 quem
1497 3863 1529 3912 nt
1557 3861 1625 3909 anua

344 3943 454 4000 bonnam
477 3942 672 4017 benignissime
694 3951 850 4005 vocaverat.
879 3944 997 4002 otterans
1024 3945 1050 4002 ei
1077 3951 1106 4001 st
1133 3942 1235 4000 salvum
1262 3941 1427 4000 conductum
1456 3947 1486 3998 et
1512 3944 1651 4011 sumptus*

344 4028 464 4089 itineris.
487 4028 525 4084 ita
547 4038 576 4086 st
598 4028 625 4084 in
647 4027 722 4086 llulla
744 4045 793 4084 sna
816 4028 973 4104 praefigebat
995 4030 1020 4086 ai
1043 4029 1187 4086 tenninum
1208 4026 1251 4084 bll
1273 4025 1379 4082 dierum
1401 4024 1436 4081 ad
1457 4022 1625 4082 remeandum

343 4120 433 4169 errata
457 4119 484 4168 et
506 4116 604 4169 rursus
625 4112 668 4170 bll
690 4113 748 4170 dies
771 4112 869 4171 adiecit
891 4114 923 4170 ad
947 4113 1135 4171 insinuandam
1158 4112 1220 4169 Sodi
1242 4109 1408 4186 Apostolicae
1432 4109 1549 4166 debitam
1570 4105 1625 4162 obs·

343 4196 471 4252 disntism
493 4197 747 4272 correctionemque
769 4207 939 4261 erratorum,
971 4198 1070 4274 iterum
1093 4197 1196 4254 salvum
1218 4196 1243 4252 ei
1267 4195 1385 4252 otlerens
1407 4194 1561 4268 plenissima
1581 4189 1625 4244 lida

343 4279 515 4338 conductum.
560 4280 709 4339 Plurimum
739 4299 854 4358 namque
880 4283 991 4340 delebat
1020 4283 1065 4356 pio
1095 4279 1217 4338 Pontillei
1241 4279 1426 4336 semanim
1452 4277 1623 4336 Nationsma

343 4363 463 4427 bntbero
486 4365 512 4420 in
535 4364 711 4423 rebellionem
733 4368 865 4426 concitari
887 4377 982 4424 eontra
1005 4367 1150 4424 beonnam
1173 4363 1326 4426 teletam,
1349 4363 1413 4438 qaia
1436 4363 1509 4420 illam
1531 4363 1650 4434 mpero

342 4465 399 4524 pars
421 4449 482 4506 aliis
497 4447 658 4508 Nationibus
680 4451 741 4509 imis
763 4453 902 4528 complexa
926 4452 1017 4510 sanarat
1038 4449 1187 4509 visceribus
1209 4447 1364 4515 charitatis,
1387 4448 1521 4504 translato
1534 4447 1560 4503 ia
1573 4457 1622 4500 eam

409 4717 420 4750 ⁷
438 4734 456 4770 a
474 4733 537 4772 asae
555 4715 624 4784 inin]
646 4718 739 4775 Immo,
759 4719 858 4770 Cretas
876 4720 1031 4770 invenerat.
1086 4715 1107 4750 ¹⁸
1125 4713 1226 4781 libelli]
1241 4713 1316 4766 alter
1327 4711 1545 4780 anotmpadtt.
1562 4707 1622 4760 alter

342 4800 553 4852 Pirelsbeimeri.
574 4802 611 4852 ei.
624 4803 678 4855 vol.
691 4803 757 4853 1111.
771 4819 797 4868 p.
811 4801 870 4860 blb.
885 4817 924 4866 sq.
939 4808 1005 4868 etp.
1020 4800 1078 4852 sto.
1094 4801 1242 4866 sq..adnot.
1257 4797 1297 4850 lb.
1348 4796 1371 4834 ⁴⁸
1390 4799 1427 4848 et.
1442 4813 1525 4863 supra
1534 4813 1559 4862 p.
1571 4791 1620 4846 ffli-
