3464 5526
350 387 399 459 48
486 417 608 454 HVTTBNI
627 417 657 451 ll(
675 418 768 453 nvctttt
786 417 1064 454 wintrarnuttttttttat
1082 418 1184 454 ottarto
1204 419 1249 453 111.
1269 412 1494 456 intromittit.
1552 393 1555 401 Ι

350 574 441 642 cium,
465 573 565 652 possit.
598 570 649 652 ⁸Te
672 571 790 648 quidem
814 589 872 634 non
895 574 1078 656 ignoramus,
1102 573 1214 644 Caesar,
1237 581 1270 635 ut
1289 571 1358 636 alibi
1376 575 1414 634 ita
1428 577 1458 636 ia
1472 573 1531 636 bac
1546 591 1627 640 causa
1717 599 1718 660 p

351 674 380 735 id
402 691 489 752 posse
511 669 595 754 quod¹
612 671 697 742 velis,
729 689 826 753 neque
854 680 955 735 contra
977 667 1143 736 dubitamus
1166 674 1193 736 id
1217 682 1244 737 te
1265 675 1338 737 velle
1361 677 1437 755 quod
1460 675 1627 738 honestissi·
1717 679 1718 712 ³

350 793 431 836 mum
454 777 504 844 sit,
528 793 584 835 nec
606 775 672 854 quia
696 773 776 836 nulla
800 783 880 838 certa
902 776 1110 854 pronuntiandi
1125 776 1218 840 [orma
1233 779 1381 853 tenearis,
1400 779 1507 840 iccirco
1524 775 1626 856 aliquid

282 893 341 943 nav.
350 883 380 938 te
402 876 553 954 indignum
575 876 750 938 edicturum.
794 877 845 939 sed
868 878 952 938 istam
973 884 1094 956 repente
1117 896 1244 949 moram,
1269 897 1355 962 quam
1378 865 1410 940 tu
1433 879 1545 959 optimo
1567 881 1626 958 qui·

348 977 414 1039 dem
437 979 533 1040 animo
556 977 608 1039 sed
630 977 715 1040 nobis
736 977 901 1058 periculose
923 979 1157 1060 trabis„rumpi
1179 999 1300 1043 necesse
1332 988 1391 1043 est:
1421 983 1463 1042 vis
1491 982 1569 1041 enim
1597 988 1644 1040 tuv
1717 983 1718 1012 ³

349 1097 451 1142 carere
473 1079 654 1160 suspicione,
678 1087 706 1141 et
728 1080 834 1151 debes,
857 1081 909 1142 sed
931 1087 1065 1161 prestat,
1096 1090 1129 1142 ut
1150 1085 1298 1146 communi
1320 1101 1422 1144 omnes
1443 1081 1626 1144 incommodo
1717 1151 1718 1158 ἵ

344 1187 477 1260 ‚careant
521 1180 588 1242 Fuit
610 1199 679 1242 sane
702 1181 857 1244 Germania
880 1201 947 1245 cum
976 1185 1006 1245 in
1034 1186 1114 1246 omni
1142 1201 1260 1264 semper
1288 1187 1452 1262 integritate
1482 1203 1627 1246 commen·
1656 1245 1661 1263 ,
1717 1233 1718 1270 ,

349 1285 430 1352 data,
461 1291 522 1344 tum
544 1284 573 1343 iu
596 1276 758 1346 iudicandis
783 1284 946 1346 'sceleribus
973 1304 1008 1348 ac
1028 1287 1192 1366 puniendis
1220 1285 1371 1348 sceleratis
1399 1288 1570 1348 constantiae
1595 1304 1626 1346 ac
1717 1277 1718 1344 l

281 1384 512 1448 cassaverimus
533 1381 619 1446 laude
641 1385 861 1464 probatissima:
884 1389 963 1448 sines
983 1394 1013 1448 te
1028 1389 1161 1468 principe
1175 1388 1252 1450 bane
1267 1388 1391 1468 publicis
1405 1388 1539 1450 moribus
1553 1389 1626 1448 inuri

348 1488 465 1548 notam?
499 1494 527 1548 et
554 1503 641 1566 quem
669 1503 725 1563 ego
752 1485 794 1548 sic
821 1491 970 1558 accusavi,
1005 1497 1038 1550 ut
1065 1507 1174 1568 omnes,
1196 1497 1409 1569 cognoscerent
1437 1507 1524 1552 ame
1547 1489 1655 1556 nihilo

347 1591 444 1650 omnia
467 1587 503 1648 ab
524 1589 586 1666 ipsa
608 1607 694 1650 causa
717 1590 879 1670 proticisci,
902 1591 932 1650 in
955 1608 1041 1669 quun
1065 1591 1136 1654 nibil
1158 1609 1296 1670 parvum,
1319 1593 1468 1654 mediocre
1484 1591 1626 1652 nihildici

348 1689 422 1761 vult,
446 1691 495 1771 qui
517 1707 576 1750 non
599 1691 749 1752 confessor
771 1698 815 1752 est
837 1689 996 1754 scelerum·
1009 1711 1148 1762 suorum,
1170 1692 1222 1756 sed
1243 1694 1394 1772 professor
1422 1695 1479 1754 iam
1508 1693 1627 1774 perdita
1717 1711 1718 1750 3

345 1791 491 1862 audaciae,
514 1793 649 1854 immanis
670 1791 754 1862 iacti,
777 1793 938 1872 profligatae
961 1797 1161 1866 conscientiae,
1190 1797 1274 1856 cuius
1296 1795 1474 1856 eiuscemodi
1497 1803 1566 1857 sunt
1587 1794 1627 1854 la-

347 1896 461 1966 cinora,
484 1900 517 1955 ut
539 1912 573 1956 ea
594 1894 650 1963 uisi
672 1894 748 1972 apud
771 1912 878 1974 gnaros
901 1896 1044 1968 dicerem,
1074 1904 1103 1958 et
1124 1899 1236 1958 recenti
1264 1897 1320 1959 iam
1349 1899 1467 1973 negotio
1489 1897 1625 1965 dicerem,

346 2011 432 2059 nemo
448 1993 599 2067 crederet,
621 2011 723 2057 omnes
737 1996 802 2058 licta
818 1997 1047 2068 arbitrarentur,
1069 1998 1155 2059 buius
1170 1999 1310 2076 impunita
1321 1997 1516 2078 'perversitas
1540 1999 1625 2058 immo
1636 2013 1655 2050 ¹⁵

346 2099 501 2178 probatum
530 2097 626 2159 scelus
648 2097 710 2159 aliis
732 2099 811 2178 quod
835 2099 984 2160 imitentur
1012 2098 1179 2178 exemplum
1208 2101 1283 2161 erit?
1310 2101 1468 2179 pessimum
1491 2117 1627 2180 quemque
1717 2139 1718 2182 7

345 2201 381 2262 ad
404 2199 507 2262 similia
530 2199 696 2262 audendum
719 2199 865 2272 incitabit,
887 2201 1021 2280 publicos
1036 2219 1136 2263 mores
1150 2203 1343 2264 invertetite
1364 2201 1533 2272 calumniae,
1557 2205 1626 2266 Ger·
1717 2229 1718 2240 κ

345 2305 469 2380 maniam
492 2302 631 2365 dedecori
661 2305 805 2380 exponet?
838 2310 867 2365 et
894 2323 980 2384 quem
1010 2321 1068 2364 non
1098 2321 1237 2382 perverse
1264 2301 1368 2382 aliquis
1397 2283 1545 2373 defendit,
1580 2304 1628 2365 sed
1717 2281 1718 2300 ¹

221 2383 227 2395 ⁸
347 2422 434 2482 quem
458 2423 543 2468 nemo
566 2405 686 2465 omnino.
707 2403 866 2467 defendere
888 2414 939 2467 aut
960 2407 1095 2484 cogitavit
1115 2393 1244 2485 unquam
1274 2411 1323 2466 aut
1351 2407 1459 2485 potuit,
1489 2405 1628 2468 adversus
1717 2465 1718 2488 ,

279 2505 645 2584 §.aueum-nibiipublice
667 2506 859 2576 decernetur,
883 2507 954 2569 nihil
975 2507 1230 2586 pronuntiabitur?
1252 2506 1296 2568 ah
1316 2506 1376 2568 noli
1398 2506 1452 2568 abs
1473 2514 1502 2568 te
1518 2507 1655 2575 diducis

346 2608 458 2679 Cesar,
482 2606 541 2670 noli
563 2616 621 2669 tuas
643 2607 785 2688 mquimtis
806 2608 951 2678 oblivisci;
975 2612 1117 2684 miserere
1139 2609 1228 2670 huius
1248 2611 1356 2687 patris,
1380 2607 1434 2668 ivos
1455 2611 1572 2689 respice
1585 2609 1628 2670 lu·
1717 2645 1718 2676 i

346 2711 458 2789 genteis
479 2711 647 2788 interempti
668 2712 788 2780 tratrem
823 2711 917 2790 cogita
946 2711 1014 2790 quid
1044 2713 1073 2772 in
1102 2718 1182 2772 tuam
1210 2711 1264 2772 iste
1283 2700 1412 2790 'neptem
1435 2713 1627 2782 commiserit:
1717 2741 1718 2792 p

235 2841 236 2846 ¹
346 2830 450 2874 revoca
471 2812 501 2871 in
524 2811 652 2872 animum
677 2831 764 2891 quam
786 2813 909 2883 misere,
932 2831 1020 2892 mam
1036 2813 1194 2875 crudeliter
1209 2813 1479 2875 innocentissimum
1496 2814 1627 2875 iuvenem

346 2913 549 2982 trucidaverit,
573 2914 650 2992 quod
674 2915 698 2976 si
719 2916 839 2993 impune
862 2915 950 2985 terat,
974 2915 1134 2996 consydera
1158 2933 1214 2995 qua
1236 2914 1436 2995 inquietudine
1451 2909 1506 2976 hos
1522 2915 1629 2976 cubare

279 3024 451 3088 §.ttmaues
472 3015 634 3094 putandum
656 3017 707 3077 siti
736 3017 814 3077 Ecce
835 3023 932 3078 autem
960 3014 1056 3078 aliud:
1085 3017 1147 3077 luit·
1167 3016 1215 3078 ille
1243 3018 1273 3078 in
1301 3019 1358 3078 tuis
1385 3009 1471 3079 bellis
1480 3059 1490 3092 ,
1520 3035 1574 3096 pro
1600 3025 1657 3078 teo

347 3113 517 3195 periculum-
535 3116 618 3178 adiit:
641 3135 740 3197 quaeso
762 3118 812 3198 quvi
834 3135 911 3196 saepe
933 3119 1031 3197 puniri
1052 3120 1166 3180 vetuisti
1189 3122 1238 3198 qui
1261 3127 1342 3180 tuum
1366 3126 1454 3198 caput
1474 3121 1626 3198 petierant

349 3235 415 3279 eum
438 3217 532 3280 occidi
553 3219 631 3280 sines
653 3220 702 3299 qui
723 3217 795 3280 iilud
810 3219 1024 3300 propugnavit?
1046 3227 1079 3281 ut
1092 3220 1147 3282 hos
1160 3235 1220 3282 non
1237 3221 1397 3298 producam
1414 3222 1532 3298 triginta
1551 3222 1627 3282 iusta

348 3319 504 3390 Huttenos‚
528 3338 653 3399 quorum
675 3320 772 3382 nulius
794 3339 853 3382 non
875 3320 1030 3400 aliquando
1052 3321 1105 3382 tibi
1132 3315 1272 3382 militavit
1321 3339 1378 3390 nec
1407 3339 1455 3382 me
1484 3321 1559 3382 adeo
1587 3321 1628 3381 di·

348 3423 453 3484 scissae
468 3423 590 3502 poeuitet
611 3423 725 3493 buccae,
760 3431 792 3485 ut
819 3425 963 3502 insignem
990 3431 1041 3484 tuo
1070 3424 1180 3484 nomini
1209 3421 1414 3484 contumeliam
1443 3420 1553 3484 illatam
1576 3422 1629 3482 bac

348 3525 450 3586 desua
471 3525 602 3604 punitam
624 3524 729 3596 nolim;
753 3544 808 3587 nec
829 3527 882 3586 ista
906 3526 988 3604 quasi
1009 3533 1067 3586 tuae
1089 3527 1217 3606 aequitati
1238 3524 1374 3585 diffidens
1388 3541 1507 3596 moneo,
1532 3526 1657 3603 potiusve

249 3613 252 3622 ’
348 3627 454 3688 laboro
471 3633 505 3688 ut
525 3627 555 3686 in
576 3632 711 3706 temporo
732 3627 778 3688 his
799 3627 889 3690 rebus
911 3625 1080 3698 subvenias,
1108 3645 1163 3688 nec
1190 3625 1300 3688 bellurn
1329 3627 1392 3706 geri
1408 3627 1496 3686 'sinas
1518 3631 1547 3686 et
1568 3631 1628 3686 tur·

349 3719 413 3790 bari
436 3727 637 3800 Germaniam,
670 3747 742 3792 nave
762 3729 890 3811 patiaris
920 3728 1024 3790 llorem
1052 3727 1211 3790 nobilitatis
1235 3730 1318 3791 istius
1346 3728 1433 3790 obiici
1461 3728 1558 3797 iuriis,
1593 3744 1628 3786 ne

283 3829 425 3891 sanutus
447 3829 482 3895 ad
505 3828 577 3890 alios
598 3831 727 3900 celeras,
750 3831 802 3892 sed
825 3837 857 3891 ut
878 3831 940 3910 ipse
962 3830 1118 3900 decernas,
1142 3831 1203 3908 ipse
1225 3830 1331 3892 edicas.
1376 3829 1453 3910 quod
1474 3829 1528 3890 etsi
1543 3829 1628 3890 nimis

349 3949 415 3993 sero
437 3934 462 3994 si
483 3931 571 3994 iacies
593 3932 657 4002 liet,
680 3930 812 3993 nonnihil
832 3923 930 3993 tamen
953 3932 988 3992 ad
1012 3933 1222 3997 exarmanduvn
1244 3933 1332 3993 istum
1352 3931 1504 4014 proderit;¹
1521 3918 1577 3990 nec
1596 3936 1627 3988 tu

350 4040 470 4112 expecta
493 4033 562 4112 quid
584 4033 826 4116 omnes-tandem
848 4035 985 4098 Germani
1008 4034 1137 4095 edicant:
1164 4041 1214 4094 tua
1235 4033 1366 4101 omnium
1396 4049 1450 4092 vox
1480 4031 1548 4099 erit,
1580 4047 1657 4091 ex-oa

343 4141 467 4222 ‘pectant
487 4135 542 4214 ipsi
564 4135 633 4197 dum
656 4153 739 4196 suom
760 4141 792 4196 tu
814 4137 988 4198 sententiam
1007 4131 1155 4215 publices:
1188 4130 1328 4216 quantum
1353 4133 1386 4236 ip
1414 4151 1446 4194 se
1469 4138 1529 4202 est,
1559 4131 1628 4192 satis

348 4285 550 4300 *-

418 4388 547 4442 ⁸idciroo
566 4393 591 4442 2.
642 4389 654 4423 l
672 4395 785 4442 careant
801 4392 857 4455 lpse
876 4389 972 4441 addidi.
991 4393 1071 4440 armiro
1088 4377 1252 4452 liberentur,
1277 4391 1325 4440 atsi
1337 4388 1516 4455 processisset
1533 4399 1627 4436 carere

350 4475 514 4542 suspicione.
549 4473 568 4508 ¹¹
589 4475 641 4526 ,In
659 4478 682 4525 1.
701 4476 788 4529 ?1n2.
804 4473 832 4538 (i)
866 4473 889 4506 ²⁵
907 4473 966 4540 ille]
984 4475 1163 4540 interemptus
1181 4475 1326 4524 Huttenus.
1369 4473 1392 4506 ²²
1408 4471 1593 4540 propugnauit
1604 4473 1627 4522 1.

350 4559 404 4593 ’ΜΒ
423 4545 649 4626 asseruissent]
664 4559 807 4612 centn
821 4575 847 4626 p.
863 4557 918 4610 104.
932 4561 956 4620 s.
972 4558 994 4610 1,
1013 4574 1039 4625 p.
1055 4557 1111 4610 105.
1125 4560 1149 4620 §-
1161 4560 1186 4609 c
1205 4575 1231 4625 p.
1247 4555 1303 4608 mo.
1315 4557 1373 4619 §.a
1387 4562 1415 4608 ee
1428 4557 1627 4623 epigrammate

350 4647 379 4695 in
391 4647 414 4698 V
427 4644 522 4695 Gallos
541 4644 575 4694 ab
594 4660 623 4696 so
641 4645 801 4710 profligatos
834 4643 857 4678 ³⁰
873 4645 931 4696 blec
950 4645 1003 4694 ista
1017 4648 1041 4693 t.
1060 4644 1221 4709 Quanquam
1239 4643 1298 4693 iaaac
1318 4658 1368 4709 ego
1386 4643 1495 4694 minime
1513 4655 1583 4691 eoru.
1596 4643 1626 4686 tt.

350 4727 372 4763 ¹¹
390 4745 442 4782 nec
459 4743 528 4782 corr.
540 4732 569 4781 tt.
579 4745 631 4796 pro
649 4745 683 4780 ne
702 4731 737 4800 1..
