3410 5524
94 473 204 509 arrrsru
217 469 253 510 ab
265 473 551 510 criminosissimum
565 473 675 526 saccari
688 471 787 508 rvucrs
801 470 941 506 rursusne
952 453 1268 516 exrrosrrronrmlmts)
1290 438 1359 508 107

91 631 152 690 titus
173 636 216 690 est
237 634 266 690 et
281 626 410 688 balsama
425 627 521 695 metit,
545 627 595 686 sed
613 627 692 705 quod
715 625 742 702 (o
757 601 929 704 lachrymae,
954 623 1149 704 oplauctnsb
1171 623 1362 703 sepulchrum

90 749 154 808 gens
174 731 263 809 impia
285 728 416 816 possidet
446 729 508 790 eius
531 731 580 806 qrri
604 745 659 788 nos
681 727 768 788 emlos
790 727 940 807 possidere
963 713 1041 788 iacit.
1086 725 1148 796 Qua
1176 727 1295 786 victoria
1317 733 1430 788 ter-§.an

91 849 164 892 meus
185 850 220 892 ac
244 831 336 894 elatus
357 829 467 899 bostis,
491 829 579 901 simul
600 829 698 909 praeda
722 848 786 908 quae
809 830 940 890 omnium
962 823 1049 890 srdom
1072 817 1188 889 exedere
1201 827 1362 907 locupleta·

90 941 138 1014 tus,
159 913 350 1013 posteauuam
373 931 517 1012 impositis
539 931 682 1010 praesidiis
703 940 785 1009 terga
809 933 1013 1000 communivit,
1037 948 1142 1016 magna
1164 947 1232 1008 spe,
1257 947 1363 1007 magno

73 1037 178 1094 recino
200 1037 230 1094 in
253 1033 391 1112 gentibus
413 1036 484 1095 actis
507 1032 686 1104 delectibus,
719 1035 968 1095 numerosissimis
992 1033 1165 1110 conscriptis
1187 1031 1279 1110 copiis
1300 1030 1363 1092 bel·

88 1135 140 1197 lum
160 1137 190 1196 in
212 1154 268 1196 nos
290 1135 376 1216 quale
397 1154 549 1214 nunquam
572 1137 653 1214 prins
676 1142 768 1213 parat.
806 1145 835 1195 et
858 1134 908 1195 ubi
929 1135 1032 1213 parati
1054 1137 1121 1193 non'
1135 1135 1165 1194 in
1188 1135 1285 1194 Asiam
1307 1134 1363 1193 iam

88 1239 241 1298 antinsua
264 1235 323 1298 illic
344 1237 493 1309 barbaria,
517 1237 595 1310 (nam
618 1237 695 1316 quod
720 1237 796 1299 sacto
818 1235 858 1300 ibi
881 1253 957 1316 opus
979 1242 1056 1304 erat,
1079 1233 1171 1296 nrulto
1193 1242 1261 1296 ante
1276 1251 1363 1313 quam

87 1339 117 1399 ad
140 1357 192 1401 nos
214 1341 292 1402 lama
321 1327 490 1418 perveniret
518 1339 639 1417 curavit)
667 1340 718 1401 sed
745 1333 814 1400 cum
845 1341 979 1398 universa
1008 1335 1157 1398 nobilitate
1184 1349 1220 1396 ac
1248 1336 1363 1415 imperii
1450 1379 1454 1386 .

88 1440 253 1518 proceribus
275 1439 558 1520 Constantinopolim
580 1441 616 1502 ad
639 1460 693 1502 nos
715 1441 888 1510 transmisit,
911 1439 963 1501 ubi
979 1457 1075 1509 arma,
1098 1440 1180 1517 eqni,
1203 1438 1272 1510 riri,
1296 1456 1362 1498 cur·

64 1555 133 1604 nrns
154 1561 187 1603 ac
210 1543 353 1604 machinae
373 1544 567 1604 instruuntur.
612 1551 699 1620 atque
721 1543 784 1604 baec
807 1543 843 1604 ad
865 1543 974 1604 bellurn
998 1549 1075 1602 terra
1092 1541 1270 1620 gerendum:
1293 1555 1430 1632 namen.

87 1642 252 1706 validissima
276 1665 310 1706 ac
331 1661 421 1723 supra
445 1661 678 1723 quammecesse
700 1653 744 1706 est
765 1646 875 1706 munite
898 1643 1014 1714 classis,
1037 1649 1104 1722 quaa
1124 1642 1212 1721 paulo
1227 1651 1294 1724 post
1305 1643 1363 1704 ‹lta-

85 1743 147 1806 liam
168 1747 299 1817 invadat,
327 1746 441 1808 lonium
472 1765 554 1808 mare
581 1746 779 1824 perambulat,
808 1765 842 1808 ac
871 1746 907 1808 ad
934 1748 1028 1824 ipsam
1057 1763 1149 1824 usqne
1178 1745 1307 1806 Siciliam
1336 1753 1364 1807 et

86 1844 233 1926 lppuliam
256 1849 344 1910 audet
372 1850 530 1927 expatiari;
560 1848 650 1910 altera
679 1849 757 1928 apud
787 1848 917 1910 Thraces
948 1849 1118 1916 conficitur,
1148 1863 1213 1926 quac
1241 1849 1363 1912 Grmciae

85 1947 174 2010 littora
197 1959 314 2012 tueatur
336 1958 366 2012 et
387 1951 432 2012 bis
455 1953 617 2028 quar—mari
646 1953 776 2028 possidet
803 1951 897 2012 bostis
925 1950 1061 2028 presidio
1093 1955 1217 2012 maneat.
1263 1951 1430 2015 rum-re.

61 2067 148 2111 nomn
169 2054 201 2112 iu
223 2055 315 2115 armis
338 2071 403 2116 esse
424 2053 561 2114 teruntur
584 2053 619 2114 ad
643 2054 766 2114 ducenta
789 2050 893 2124 millia,
907 2055 975 2112 ‘non
992 2051 1197 2112 contemnendi
1212 2069 1266 2130 per
1279 2050 1362 2112 Chri·

85 2163 152 2214 stnm
175 2154 298 2223 milites,
321 2172 381 2216 non
406 2157 524 2234 penitus
547 2153 680 2216 derelicti
703 2175 718 2216 a
741 2157 848 2215 virtute
871 2155 933 2214 viri.
979 2173 1053 2233 quos
1085 2155 1110 2215 si
1137 2151 1215 2214 nnlla
1238 2171 1290 2219 sua
1312 2171 1362 2216 na·

85 2259 158 2324 tora,
181 2255 262 2318 nulla
285 2258 362 2318 inter
383 2255 542 2318 bellicosos
565 2257 699 2318 homines
721 2255 878 2318 assuetudo
901 2255 949 2317 ad*
962 2257 1077 2316 lortiter
1092 2253 1200 2336 'aliquid
1216 2256 1362 2333 agendum

84 2357 246 2435 instigaret,
277 2359 322 2420 rel
350 2357 482 2419 iila'tam
511 2360 661 2436 speciosa,
690 2357 739 2420 illa
772 2367 831 2419 tam
858 2359 991 2419 oninium
1020 2355 1360 2420 seculormnmemoria
1397 2369 1399 2376 ⁴

84 2457 162 2533 digua
186 2461 307 2522 victorie
331 2461 485 2530 excitaret,
513 2459 562 2522 illa
591 2462 696 2538 ingens
724 2460 801 2522 bello
824 2460 994 2522 Sultbanico
1022 2468 1105 2540 parta
1132 2458 1227 2538 gloria
1250 2461 1286 2522 ad
1308 2461 1360 2522 ali·

55 2561 148 2637 sequid
169 2560 295 2624 adterius
317 2563 435 2640 egregie
457 2562 623 2624 conandum
645 2563 847 2624 inllammaret.
869 2593 871 2600 >
892 2563 1008 2624 Etiam
1030 2563 1215 2624 incursiones
1237 2563 1311 2624 liunt
1331 2564 1429 2625 intua.

83 2661 239 2742 illyricum,
263 2663 356 2726 hostis
377 2665 408 2726 in
430 2670 620 2744 prospectum
643 2684 735 2744 usque
757 2665 966 2743 Hungarorum
989 2667 1126 2726 accessit:
1156 2667 1194 2725 ita
1223 2667 1279 2726 iam
1302 2683 1362 2726 nou

84 2775 159 2840 parat
180 2765 309 2837 bellurn,
338 2766 396 2828 'sed
418 2768 571 2828 manifeste
594 2769 683 2845 gerit;
713 2773 827 2828 tantum
849 2766 932 2828 abest
959 2749 991 2828 ut
1012 2765 1141 2838 Tersas,
1173 2785 1248 2846 quos
1274 2766 1362 2848 paulo

83 2875 144 2928 ante
165 2869 378 2945 ignorabamus
395 2848 520 2930 ubinam
535 2875 655 2939 essent,
678 2888 713 2930 ae
734 2873 824 2929 totam
847 2867 916 2930 belli
938 2867 1045 2930 molem
1066 2870 1096 2929 in
1111 2871 1298 2934 Germaniam
1314 2889 1363 2931 ac·
1448 2892 1452 2899 ·

83 2971 229 3046 cipiamus.
274 2971 399 3034 Creditis
419 2973 498 3036 eninr
519 2973 549 3032 in
571 2971 627 3033 bac
648 2973 766 3032 lortuna
788 2972 956 3048 quieturum
966 2951 982 3041 ,⁸
1002 2973 1033 3031 in
1055 2971 1113 3038 boc
1135 2971 1279 3034 reiterans
1299 2985 1430 3036 saer-o.

57 3083 168 3132 rsmrsu
195 3079 379 3134 cessaturum
408 3076 457 3151 qui
485 3071 573 3136 nullis
601 3065 730 3151 unqua'rn
757 3072 922 3152 tranquillis
950 3071 1040 3138 robus
1068 3075 1222 3152 quiescere
1250 3076 1361 3145 didicit,

84 3173 152 3232 irrue
174 3173 286 3237 nullam
309 3191 439 3253 unquam
462 3176 610 3236 iunonem
633 3195 666 3237 se
684 3177 843 3246 continuit,
866 3176 914 3236 cui
929 3177 1028 3238 omnis
1041 3175 1142 3238 odiosa
1158 3179 1292 3238 remissio
1308 3184 1361 3250 est,

84 3275 160 3336 cuins
183 3295 216 3336 ea
239 3283 284 3338 est
306 3284 465 3352 naturast
487 3279 518 3338 in
540 3295 643 3340 omncs
665 3279 836 3340 occasiones
859 3279 988 3339 intentas
1009 3278 1164 3340 tumultum
1181 3281 1271 3358 quieti
1287 3298 1361 3358 pre·

84 3375 166 3447 ierat,
189 3397 264 3457 pace
279 3375 391 3440 bellum
406 3381 504 3458 potins
526 3381 632 3442 ducati
664 3381 705 3442 Et⁴
722 3399 759 3442 ne
782 3381 898 3458 penitus
920 3381 1061 3457 ignoretis
1076 3379 1204 3451 Truces,
1227 3379 1263 3442 ab
1287 3384 1447 3442 seu-§.sa

84 3495 136 3556 qno
157 3480 239 3558 genti
261 3481 444 3542 consuetudo
466 3489 511 3549 est
533 3481 694 3544 latrociniis
716 3495 756 3544 ac·
772 3484 875 3562 rapina
896 3483 984 3542 u'tam
1005 3480 1147 3551 tolerare;
1171 3497 1296 3566 quorum
1312 3502 1361 3544 oc·

57 3582 156 3641 oresio
179 3582 204 3642 si
227 3582 357 3652 deesset,
386 3584 416 3644 in
440 3584 727 3661 ierasrgrassabatur
747 3585 895 3646 venationi
917 3601 1037 3662 operam
1060 3584 1149 3645 daus:
1177 3601 1245 3644 nam
1266 3587 1361 3662 patto·

82 3697 141 3742 rem
161 3701 281 3761 semper
303 3683 455 3746 bominum
478 3687 745 3764 capturamdnrit:
775 3687 855 3748 domi
877 3687 907 3748 in
930 3703 1046 3747 omnem
1068 3685 1222 3747 libidinum
1244 3703 1280 3746 ac
1301 3694 1378 3766 tm·-¹

67 3784 241 3860 ‘pitudinum
261 3785 423 3852 faeditatem
445 3788 583 3866 profusa,
606 3789 642 3850 ad
666 3786 830 3850 extremum
846 3789 946 3858 teror,
970 3787 1105 3856 odorata,
1129 3785 1273 3858 erudelis,
1296 3787 1361 3850 iibi-

83 3884 194 3956 dinosa,
218 3887 308 3954 inltda
330 3906 365 3949 ac
385 3888 570 3959 aurulenta,
599 3908 696 3970 neque
723 3891 812 3952 fidem
834 3907 968 3959 servans,
997 3906 1093 3968 neque
1120 3889 1230 3950 federa
1260 3897 1360 3952 sancta

83 3985 202 4058 babens,
225 4007 286 4050 snae
308 3991 522 4068 superstitionis
544 3992 579 4053 ad
603 4001 766 4054 extremum
788 4011 882 4072 usque
904 3993 1039 4071 spiritum
1060 3999 1163 4060 tenax,
1190 4009 1267 4052 rere
1289 3993 1360 4054 alio-

58 4091 129 4165 aqui
149 4090 287 4168 religioni
309 4091 420 4162 hostis,
443 4110 526 4168 sacra
549 4100 578 4154 et
598 4094 737 4172 protana,
760 4094 803 4155 ias
825 4102 854 4156 et
876 4095 957 4155 nefas
978 4094 1102 4173 perinde
1117 4094 1237 4155 ducens.
1266 4095 1359 4175 Atque
1369 4105 1428 4156 tao.

83 4187 130 4252 bos
156 4208 256 4254 mores
284 4198 426 4272 quantum
456 4193 534 4255 nulla
564 4195 618 4256 alle
648 4213 719 4274 gens
747 4215 817 4257 suos
845 4203 874 4256 et
901 4195 950 4256 diu
980 4201 1008 4256 et
1036 4197 1203 4258 immutatos
1231 4199 1360 4260 retinnit.

83 4294 350 4372 septingentesimus
373 4313 407 4356 ac
429 4299 661 4376 septuagesimus
683 4317 699 4358 a
720 4297 834 4360 Christo
855 4303 923 4358 nato
939 4313 1032 4360 annus
1048 4297 1190 4378 agebatur
1211 4317 1278 4360 eum
1299 4303 1360 4380 pri·

143 4529 297 4590 ¹bn1ssma
320 4529 398 4599 met]
422 4537 453 4584 ut
471 4533 547 4586 Grai.
571 4525 697 4600 cyneget.
715 4533 774 4586 314.
802 4533 1050 4604 „Nardilerumque
1073 4539 1179 4586 metunt
1202 4536 1357 4604 Gangem'':

83 4619 178 4666 terram
194 4617 402 4670 balsamiiersm
421 4620 513 4678 metit,
532 4620 716 4684 prosperrime
734 4619 842 4686 imperii
860 4618 903 4669 sui
920 4619 1079 4685 proferendi
1097 4635 1227 4672 successu
1244 4621 1356 4687 gaudet.

82 4697 214 4768 lachryme
231 4705 254 4752 1.
273 4701 404 4765 lacrymas
423 4706 447 4752 4.
500 4701 614 4754 ²coelos
633 4707 688 4756 M.
742 4701 763 4736 ¹⁸
780 4703 907 4770 Apuliam
926 4708 949 4756 1.
1002 4705 1145 4771 expseieri
1157 4709 1181 4756 1.
1221 4704 1244 4742 ’θ
1262 4703 1356 4772 Ture]

84 4784 256 4854 chpmpon.
268 4785 334 4840 Mel.
348 4787 373 4838 1..
386 4785 424 4838 ib.
439 4789 458 4838 i.
471 4783 490 4838 f.
504 4803 529 4840 e.
542 4787 659 4855 mrarpp.
1024 4807 1027 4814 ·
