3382 5516
335 429 409 500 254
446 459 581 496 ascusam
595 445 767 495 sanrnonrsr
782 460 884 494 osirin
898 461 932 495 ns
946 460 1136 499 exesnrssose
1149 458 1259 495 cossas
1271 459 1377 496 rascas
1392 459 1575 496 erucarum.

335 619 481 680 ravissent,
511 617 695 692 paulatimque
723 637 783 674 curn
812 619 844 674 ad
875 621 934 675 oria
960 625 987 674 et
1018 619 1160 692 segnitiem
1192 615 1313 675 bellicam
1336 619 1469 684 maiorum
1490 618 1605 674 vbtuten

266 713 323 763 eas.
337 701 552 764 transtulissent,
580 719 693 776 regnum
722 704 844 760 amisere.
888 703 939 758 Sed
969 711 1050 776 quota
1074 703 1131 759 baec
1153 702 1303 760 Germaniae
1330 705 1412 778 pars?
1440 713 1526 760 tamen
1550 703 1605 776 quia

335 787 517 861 magnitudine
539 804 571 842 ac
592 785 681 860 gloria
703 804 793 844 rerum
817 789 996 862 gerendarum
1024 789 1172 844 eoricordes
1200 787 1280 844 animi
1308 788 1446 850 terebant,
1474 787 1538 843 nibil
1558 805 1605 842 non

335 873 473 928 Germanis
496 869 652 948 superabile
674 871 830 936 videbatui,
854 891 884 929 ac
906 873 973 929 nibil
997 874 1086 929 minus
1109 871 1263 946 superabile
1285 889 1365 946 quam
1388 873 1525 929 Germani:
1546 872 1607 928 unde

334 959 421 1031 aslagii
448 957 510 1014 loco
538 957 630 1014 baberi
657 966 776 1032 cmptunr
805 967 846 1014 est
869 957 927 1026 ‘Qui
951 957 1019 1014 male
1042 975 1164 1032 pugnare
1186 957 1295 1026 volunt,
1325 975 1385 1014 cum
1409 958 1545 1014 Germanis
1564 973 1625 1030 pus

333 1036 435 1116 gnent.'
479 1043 621 1099 Patiomini
643 1059 710 1116 ergo
733 1061 793 1104 eos.
818 1044 916 1117 utqui
939 1041 1013 1098 soliti
1035 1044 1102 1100 estis
1124 1042 1193 1098 alios
1214 1041 1322 1098 vincere
1343 1060 1374 1099 ac
1396 1041 1456 1099 aliis
1479 1045 1607 1117 imperare.

334 1130 450 1190 Turcas,
474 1144 560 1200 genus
582 1126 738 1184 mortalium
760 1127 982 1184 scelestissimum
1005 1145 1036 1183 ae
1057 1126 1287 1190 crudelissimum,
1317 1128 1393 1186 vobis
1420 1128 1607 1203 imperaturos?

335 1213 474 1288 patiemini
497 1213 641 1286 pristinum
664 1211 761 1286 gloriae
784 1212 956 1288 splendorem
979 1212 1132 1270 tam-facile
1156 1211 1327 1268 obnubilari?
1350 1213 1489 1287 patiemini
1506 1211 1608 1284 religio

335 1315 397 1354 nem
420 1306 540 1354 nostram
569 1315 600 1353 ac
627 1297 727 1353 Christi
757 1297 834 1354 iidem
864 1296 1017 1354 conculcari
1046 1307 1128 1372 atque
1158 1298 1183 1352 in
1207 1307 1261 1353 tam
1283 1298 1442 1372 nephandos
1465 1300 1534 1354 ritus
1553 1313 1608 1352 eon·

268 1383 424 1446 §.reuertit
446 1383 498 1440 Per
519 1400 571 1456 ego
593 1382 696 1439 divinas
718 1383 850 1439 maiorum
875 1393 1024 1439 vestrorum
1048 1382 1157 1438 umbras
1179 1399 1248 1456 rogo
1263 1391 1345 1457 atque
1360 1382 1501 1457 supplico.
1522 1382 1608 1453 erigite
1618 1393 1634 1430 u

337 1469 388 1526 iam
411 1468 528 1530 animos,
558 1485 653 1524 sonim
680 1469 793 1541 vestigia
816 1468 971 1529 imitemini,
999 1467 1119 1542 illudque
1141 1469 1168 1523 iu
1190 1468 1285 1541 primis
1307 1469 1492 1530 considerate,
1520 1469 1545 1522 in
1565 1467 1609 1520 boc

337 1563 428 1610 vestro
451 1553 616 1628 amplissimo
639 1561 773 1610 conventu
795 1554 915 1610 omnium
938 1555 1019 1608 vitam
1033 1571 1064 1609 ac
1080 1553 1216 1609 fortunam
1231 1553 1348 1626 positam
1364 1571 1438 1615 esse;
1461 1553 1513 1608 buc
1527 1569 1609 1608 onnes

338 1638 488 1711 respiciunt
511 1639 648 1714 principes
670 1647 866 1712 expectantque
889 1638 952 1712 quid
977 1639 1080 1694 tandem
1104 1637 1167 1693 binc
1194 1639 1308 1694 oriatur.
1352 1637 1411 1694 llon
1439 1639 1525 1709 ignari
1552 1652 1608 1707 ergo

337 1725 420 1785 estis,
452 1731 550 1798 quanta
573 1723 610 1778 sit
631 1723 780 1779 auctoritas
801 1733 903 1786 restra.
933 1731 960 1778 et
989 1733 1117 1797 quantuni
1145 1722 1286 1778 dedecoris
1308 1722 1434 1780 accedere
1465 1722 1563 1795 possit,
1590 1721 1608 1774 si

338 1809 471 1865 omnium¹
483 1809 634 1883 principum
657 1807 870 1864 Christianorum
900 1808 1027 1882 opinione
1055 1815 1126 1864 tanta
1157 1807 1207 1862 iam
1220 1806 1268 1863 'ale
1296 1807 1373 1863 vobis
1393 1815 1524 1882 concepta
1543 1816 1634 1878 spemn

338 1901 366 1948 et
394 1894 607 1968 expectationem
636 1891 844 1957 frustrabimini:
872 1903 967 1950 contra
995 1901 1085 1948 autem
1113 1909 1192 1966 quam
1221 1892 1372 1965 gloriosum
1402 1908 1472 1948 onus
1501 1909 1515 1946 a
1544 1889 1608 1946 vobis

339 1977 538 2052 suscipiendum
561 1978 610 2039 sit,
634 1987 661 2033 et
684 1995 762 2051 quam
785 1977 838 2034 late
862 1976 927 2036 olim
950 1976 1086 2051 longeque
1107 1977 1213 2052 imperii
1236 1977 1319 2032 vestri
1341 1976 1409 2032 fines
1423 1975 1608 2050 protendeban-

269 2071 327 2120 §.ee
340 2071 397 2126 tur,
420 2079 491 2119 nune
512 2081 577 2118 vero
600 2062 699 2136 quibus
720 2062 819 2126 clausi,
842 2071 873 2118 ut
895 2064 932 2120 ita
953 2063 1054 2124 dicant,
1078 2062 1309 2134 angustiis·sitis,
1336 2062 1504 2134 cognoscite.
1551 2062 1608 2116 'lota

336 2149 408 2204 enim
430 2147 545 2209 Graecia,
568 2156 627 2204 tota
648 2146 815 2210 Macedonia,
839 2156 896 2204 tota
919 2147 1069 2210 Thessalia,
1099 2155 1155 2203 tota
1177 2147 1276 2221 Epirus
1298 2147 1352 2202 tuis
1374 2145 1608 2220 praedecessoribus

336 2233 530 2294 iuserviebant,
553 2233 734 2290 sacratissime
757 2233 920 2307 imperator;
944 2233 1038 2288 iisdem
1062 2241 1177 2306 utraque
1191 2231 1281 2288 blmsia
1304 2249 1335 2287 ac
1357 2232 1486 2306 quicquid
1501 2232 1634 2305 gentiumtt

337 2319 433 2381 Tanai.
462 2319 550 2374 Ponto
571 2317 713 2392 AEgeoque
742 2319 769 2373 in
792 2317 899 2393 Europa
925 2318 1075 2380 clauditur,
1104 2335 1118 2372 a
1148 2317 1259 2372 meridie
1288 2317 1417 2390 quicquid
1445 2326 1574 2372 terrarum
1597 2331 1608 2369 a

335 2403 436 2478 libyco
458 2403 674 2478 AEgyptiacoque
697 2403 762 2459 mari
785 2403 913 2470 alluitur,
936 2403 969 2458 ad
991 2403 1122 2458 orientem
1144 2419 1207 2458 vero
1230 2409 1359 2476 quantum
1382 2401 1471 2475 byciae
1491 2401 1609 2474 Pampby·

337 2487 434 2562 limque
458 2487 543 2544 sinus*
557 2497 694 2562 spectant,
717 2497 744 2544 ot
768 2489 873 2544 interne
897 2488 1025 2562 quicquid
1048 2489 1106 2562 ipsa
1128 2487 1244 2559 denique
1268 2487 1329 2542 Asia
1352 2485 1550 2559 complectitur,
1570 2501 1607 2558 pa·

268 2584 286 2633 t.
295 2585 326 2629 an.
338 2573 441 2629 rebant
486 2573 536 2640 uui
558 2573 641 2629 maria
665 2590 736 2629 nunc
758 2583 866 2634 nostra,
891 2573 938 2646 qui
960 2581 1071 2646 portus,
1095 2573 1142 2646 qui
1164 2571 1246 2628 urbes
1269 2573 1420 2644 occupanti
1444 2573 1491 2644 qui
1506 2571 1608 2642 vaetige

335 2656 407 2714 libus
429 2666 456 2713 et
478 2651 694 2714 beatissimarum
717 2659 860 2730 regionum
882 2657 1006 2713 ubertate
1034 2657 1179 2713 fruuntur?
1212 2673 1308 2730 nempe
1335 2665 1432 2729 gentes
1466 2655 1632 2728 incognite&

331 2747 450 2815 'quarum
479 2759 576 2799 nomen
606 2751 723 2804 motuni,
753 2743 852 2799 nedum
882 2743 953 2797 uires
981 2742 1023 2797 sia
1045 2761 1060 2799 a
1082 2741 1162 2798 nobis
1190 2741 1311 2798 auditum
1339 2741 1438 2797 luerat.
1483 2741 1607 2798 Omiran

335 2828 487 2902 principum
508 2828 723 2883 Christianorum
745 2827 887 2889 desidiam,
916 2827 1011 2885 lurore
1031 2827 1201 2902 Byzantium,
1228 2819 1607 2901 clarissimam‘imperatorun

336 2911 443 2974 sedem,
472 2911 538 2968 dolo
561 2919 588 2968 et
611 2914 633 2967 vi
657 2919 762 2986 partam
785 2921 930 2987 occupant!
961 2912 1055 2969 'lurcae
1077 2911 1199 2974 (traciae,
1227 2911 1403 2974 llacedonim,
1430 2911 1515 2986 Epiro
1534 2911 1607 2983 impe

268 3006 325 3056 §.aa
337 2998 411 3052 rant!
436 2997 529 3054 'lurcae
552 2997 712 3059 Thessalia,
741 2997 855 3059 llmsiae,
888 2997 1007 3055 Thracia
1028 2997 1218 3054 dominantur!
1247 3013 1301 3054 non
1323 2998 1395 3052 eninr
1418 2996 1452 3052 de
1474 2995 1606 3053 innumeris

337 3081 516 3138 Asiaticarum
538 3083 736 3156 provinciarum
758 3082 868 3158 populis
889 3081 1001 3156 loquar,
1029 3099 1089 3138 cum
1112 3081 1194 3156 paulo
1216 3091 1292 3144 ante.
1322 3098 1338 3137 n
1361 3081 1466 3144 lacinus
1489 3087 1631 3138 memora-tt

334 3165 401 3229 bile,
424 3174 553 3241 snperato
575 3166 707 3223 altissimo
730 3169 811 3224 l'auri
833 3169 932 3224 montis
955 3169 1020 3240 iugo
1043 3185 1092 3242 per
1106 3168 1298 3240 comagenem,
1321 3165 1488 3223 Seleucidem
1509 3174 1535 3222 et
1553 3164 1606 3219 llas·

334 3252 475 3314 siotidem,
499 3251 616 3327 Syriam,
639 3251 807 3310 Palaestinam
830 3271 861 3310 ac
882 3253 1045 3309 Pbmniciarn
1069 3253 1171 3326 ingenti
1194 3251 1404 3327 Babyloniorum
1427 3261 1455 3308 et
1477 3249 1596 3326 AEgyptio

334 3353 393 3392 rum
415 3337 490 3394 clade
513 3336 584 3393 edita
607 3337 658 3394 sub
680 3339 773 3411 iugum
803 3339 945 3400 miserint,
974 3355 1004 3393 ac
1027 3338 1180 3394 Damascum
1203 3337 1288 3412 Syriae
1310 3335 1550 3411 llierosolymaque
1567 3349 1603 3388 nr

335 3422 382 3478 bes
412 3423 618 3480 florentissimas
641 3423 665 3478 vi
687 3431 780 3498 captas
802 3423 974 3496 diripuerint.
1019 3422 1091 3496 quod
1114 3431 1203 3478 autem
1219 3421 1335 3496 llempbi
1350 3422 1546 3496 Aegyptiorum
1560 3435 1604 3474 ne

335 3506 438 3582 tropoli
466 3515 603 3582 patratum
631 3508 680 3570 sit.
709 3507 833 3564 omnibus
861 3507 912 3563 iam
939 3505 1028 3581 palam
1051 3515 1106 3569 est,
1134 3507 1352 3581 quandoquidem
1375 3507 1445 3562 idean
1470 3507 1630 3563 numanus

336 3595 484 3667 imperator
506 3593 641 3649 trucidato
665 3591 782 3650 Soldano
804 3608 858 3649 nnn
883 3599 987 3648 tantum
1010 3593 1149 3648 maximam
1172 3609 1202 3648 ac
1224 3591 1458 3665 opulentissimam
1482 3590 1604 3646 urlienre

266 3679 447 3740 §.metense
477 3685 606 3752 quantum
635 3678 715 3734 etiam
742 3677 768 3732 in
797 3677 967 3734 sanctissimo
996 3677 1101 3751 losepbi
1129 3675 1199 3734 solio
1222 3675 1378 3732 consedisse
1400 3673 1542 3749 gloriatur.
1578 3669 1603 3725 ΕΙ

333 3779 405 3819 nunc
434 3763 460 3818 in
483 3771 588 3819 tantum
611 3763 864 3818 nefandissimorum
887 3761 1006 3818 liustium
1028 3763 1112 3818 crevit
1133 3760 1258 3823 audacia,
1287 3768 1319 3817 ut
1340 3759 1477 3816 latronum
1499 3777 1529 3816 ac
1548 3775 1603 3832 pra·

333 3847 433 3904 «lunum
456 3865 531 3904 more
555 3848 639 3904 maria
660 3857 754 3904 nostra
776 3854 925 3920 occupent,
949 3846 1112 3904 descendant
1134 3847 1166 3902 ad
1188 3845 1283 3902 littora
1305 3844 1395 3907 ltaliae,
1419 3845 1477 3917 igni
1490 3845 1602 3914 ferroque

334 3933 423 3988 omnia
451 3933 606 3995 devastent,
634 3933 746 3989 deorum
775 3930 965 3988 immortalium
993 3948 1054 3988 aras
1081 3929 1196 3994 violent,
1225 3931 1286 3986 iana
1307 3937 1388 4003 atque
1410 3928 1521 3986 delubra
1541 3924 1629 3999 erpi-tt

334 4015 405 4080 lent,
429 4017 547 4091 virgines
569 4035 600 4075 ae
621 4034 735 4090 pueros,
758 4033 828 4091 qnos
852 4017 878 4071 in
902 4015 1133 4072 obscoenissimum
1157 4032 1236 4072 usum
1259 4018 1366 4071 servent
1388 4013 1484 4088 (pudet
1503 4013 1601 4070 becre-
1683 4019 1684 4035 ¹

334 4101 415 4173 terre)
437 4101 465 4158 in
486 4111 645 4178 perpetuam
667 4101 907 4174 emancipationem
930 4099 1070 4158 abducant.
1113 4099 1175 4159 llaec
1202 4100 1292 4158 omnia
1318 4107 1444 4163 vestrm.
1473 4097 1601 4174 implorant

333 4267 530 4282 ———-—=

402 4365 471 4418 Ιοο.
484 4368 682 4433 segnitiemque
697 4371 721 4418 2.
758 4366 885 4418 ³snimoe
899 4371 925 4418 2.
961 4365 1180 4433 ‘squernntb
1217 4365 1305 4416 minus
1317 4361 1489 4432 superabile]
1507 4365 1600 4428 iusupe

335 4450 459 4502 nobilius.
494 4449 576 4514 ‘Qui
594 4453 666 4503 mals
684 4455 721 4517 p.]
737 4453 820 4502 etism
833 4454 972 4504 Huttenus
988 4452 1041 4502 hoc
1059 4451 1205 4517 proverbio
1223 4451 1365 4517 gloriatur.
1410 4447 1566 4500 'nefandos
1581 4445 1600 4493 ²·

336 4535 356 4570 ¹⁴
375 4551 440 4602 ergo
452 4542 510 4600 post
522 4527 561 4588 sn
570 4539 675 4602 repetiit
687 4541 710 4587 1.
748 4535 896 4588 ¹⁵nobis2.
932 4535 952 4570 ³¹
966 4538 1123 4602 AEgseoq;2.
1157 4533 1329 4600 ”Lybicoh
1364 4531 1598 4600 Pamphilumque.

333 4621 356 4656 ³⁸
374 4621 543 4687 demipsaz.
578 4619 600 4653 ¹⁷
618 4621 711 4671 claris.
725 4625 747 4672 1.
783 4619 807 4654 ⁸⁰
825 4619 1036 4687 ente]ci.§.15.
1072 4619 1093 4654 θ
1110 4621 1254 4672 Palestinii
1266 4623 1291 4669 1.
1327 4617 1447 4670 ”aedita
1460 4619 1482 4668 1.
1514 4616 1596 4666 Hiero

334 4705 494 4772 solymamq3
506 4711 531 4756 2.
583 4703 605 4738 ⁸⁴
623 4703 810 4772 entedeet.
862 4701 885 4738 ⁸⁶
903 4706 940 4758 cl.
952 4706 976 4768 5.
985 4705 1025 4759 15.
1070 4704 1093 4738 ⁸²
1111 4702 1252 4772 qnsntum]
1269 4718 1365 4754 rernm
1376 4707 1402 4756 2.
1452 4715 1483 4754 as·
1499 4697 1593 4751 consi·

333 4789 357 4826 ⁴⁰
373 4791 465 4858 plisna
483 4797 506 4843 t.
541 4789 562 4824 ⁴¹
581 4789 883 4842 obscoenstlssimnml.
918 4787 941 4824 ⁴⁸
960 4789 1174 4857 emancip.]·oult
1191 4787 1361 4840 unitatem.
