3464 5526
348 421 391 492 16
486 451 656 500 reveremur
674 450 818 488 vnercurrr
837 427 1116 488 viennensum
1135 451 1237 488 omnmo
1256 453 1276 489 1.
1299 426 1365 490 arar.
1379 455 1405 489 u.
1421 447 1478 488 tort.

343 607 535 686 prodidisses,
556 606 668 668 adoriri
687 623 776 666 ausus
795 605 890 675 luisti,
914 615 943 668 et
961 608 1192 686 interemptionis
1207 625 1323 670 causam
1339 626 1376 670 ne
1394 609 1490 670 fictam
1504 608 1623 688 quidem

343 707 473 770 attulisti.
499 690 618 787 'Neque
645 706 754 786 aliquid
783 709 905 768 istorum
937 709 1029 770 iecisti
1057 708 1156 772 ebrius
1183 717 1233 771 aut
1253 709 1307 772 abs
1332 719 1362 772 te
1384 713 1554 772 immutatus
1574 710 1624 770 ali·

343 819 499 890 quanmm,
529 810 581 872 sed
605 816 634 870 ct
654 808 786 878 sobrius,
815 818 846 870 ut
873 809 925 870 tibi
952 828 990 871 ne
1011 811 1077 872 vitia
1106 811 1224 890 quidem
1247 814 1426 890 patrocinari
1447 820 1574 891 queant,
1595 821 1625 872 et

276 913 472 975 §.tt-surdiose
492 930 526 974 ac
549 929 583 972 er
606 910 763 982 indusbia,
792 918 825 971 ut
853 931 870 972 a
896 913 973 974 lacto
1000 929 1085 974 error
1111 912 1194 974 absit
1239 911 1310 984 Qun
1331 916 1368 974 ite
1390 916 1419 976 in
1441 931 1533 976 uuum
1555 931 1624 975 can·

331 1014 409 1105 ⁸llntu
430 1001 553 1076 crimina
574 1013 611 1076 de
629 1012 711 1075 uullo
734 1030 862 1092 unquam
884 1015 1015 1093 principe
1041 1032 1079 1075 ne
1100 1016 1202 1076 insano
1223 1015 1341 1094 quidem
1364 1023 1513 1094 comperta
1537 1023 1643 1076 summ

342 1117 462 1193 tuempt
484 1117 561 1176 enim
584 1114 667 1178 multi
688 1116 738 1194 qui
759 1115 909 1199 crudelqn
933 1117 962 1176 iu
988 1115 1108 1178 modum
1129 1125 1287 1178 enecarent
1314 1134 1397 1187 reos,
1425 1116 1515 1195 aliqui
1537 1117 1626 1176 etiam

343 1220 530 1288 innocentes,
553 1217 604 1278 sed
626 1223 676 1279 eut
697 1233 770 1296 quos
797 1216 853 1278 sibi
881 1217 1033 1281 insidiatos
1054 1221 1247 1296 putavissent,
1277 1225 1328 1280 aut
1349 1217 1550 1281 deterentibus
1571 1219 1626 1278 ini·

344 1321 429 1382 micis
450 1318 548 1398 aliquo
570 1320 713 1398 imputato
731 1320 868 1389 oriolium
890 1335 987 1399 neque
1005 1319 1063 1382 boc
1077 1321 1137 1382 suis
1153 1321 1191 1382 ite
1210 1319 1361 1390 menibus,
1382 1321 1435 1384 sed
1453 1320 1627 1382 carnificum

345 1429 375 1484 et
394 1421 530 1484 lictorum
550 1439 655 1500 opera,
677 1423 850 1499 nequeiem
873 1428 935 1482 tum
956 1423 1049 1484 amice
1070 1420 1231 1500 appellatos
1252 1429 1303 1484 aut
1325 1439 1378 1502 per
1397 1441 1430 1486 se
1452 1421 1627 1502 sibiprcdi·

345 1532 408 1592 tos,
430 1523 482 1584 sed
505 1521 549 1584 rel
568 1520 664 1600 aliqua
687 1523 887 1586 intercedente
906 1522 1053 1586 simultate
1070 1522 1114 1582 vel
1133 1532 1257 1602 urgente
1273 1524 1380 1585 delicto
1395 1532 1445 1586 aut
1460 1523 1626 1602 impellente
1638 1535 1659 1574 ¹⁰
1717 1581 1720 1590 ,

349 1626 478 1694 offensa,
501 1622 601 1702 quales
621 1624 649 1684 in
673 1623 770 1684 Sicilia
793 1625 989 1704 Tyranni,'in
1012 1623 1091 1686 ltalia
1115 1627 1264 1703 principes
1284 1625 1423 1696 llomani,
1445 1625 1521 1686 alibi
1541 1626 1629 1686 ctiam
1649 1663 1665 1678 s

281 1739 450 1804 §.reregesc
472 1727 522 1807 qui
542 1726 599 1786 boe
620 1723 768 1803 exemplo,
791 1725 836 1786 bis
857 1725 1003 1797 moribus,
1033 1728 1089 1788 bac
1110 1730 1170 1796 via,
1199 1727 1257 1788 boc
1279 1727 1366 1788 modo
1388 1730 1418 1788 in
1442 1731 1551 1790 amieos
1571 1729 1629 1789 tide

340 1848 384 1890 vac
406 1829 580 1908 synceritate
602 1846 718 1889 morum
731 1826 931 1907 inculpabiles
953 1837 1101 1906 grassatus
1128 1831 1179 1898 sit,
1208 1828 1287 1891 nulla
1310 1831 1477 1908 suspicione
1497 1840 1547 1892 aut
1567 1829 1629 1890 cul·
1727 1839 1728 1858 ¹

348 1949 394 2010 pec
416 1935 466 1992 aut
490 1931 599 1992 erroris
618 1929 806 1999 adhortante,
827 1947 867 1992 ne
890 1929 994 1991 tabulae
1016 1931 1133 2009 quidem
1155 1931 1284 2008 produnt
1304 1932 1452 2011 aliquem:
1475 1940 1508 1993 ut
1528 1933 1566 1992 de
1587 1932 1630 1992 bi-

279 2043 297 2093 t.
306 2045 342 2086 ⁷³ae
350 2034 448 2094 storiis
469 2041 590 2122 taceam.
610 2089 613 2096 ,
635 2030 759 2102 Videtis,
782 2050 800 2092 o
820 2033 968 2094 tortissimi
994 2033 1146 2101 Germani,
1173 2051 1243 2130 qno⁸
1257 2035 1288 2094 iu
1316 2034 1409 2112 gradu
1431 2033 1568 2112 ponenda
1595 2036 1661 2092 sitta

348 2136 433 2196 buius
456 2134 600 2196 ferocitas.
645 2151 711 2212 quse
732 2151 846 2195 summa
870 2133 924 2194 luit
943 2132 1020 2196 illius
1042 2133 1210 2196 llecedonis
1230 2133 1363 2204 infamia,
1385 2135 1462 2214 quod
1485 2136 1517 2196 iu
1533 2136 1631 2196 comi·
1727 2147 1728 2214 l

347 2239 400 2299 viis
420 2238 487 2302 vino
510 2246 538 2298 st
556 2237 658 2314 iurgiis
678 2236 801 2314 agitatus
821 2235 932 2296 amicos
954 2235 1145 2306 interficeret,
1169 2254 1201 2296 ea
1221 2255 1288 2298 cum
1308 2237 1394 2299 buius
1407 2233 1553 2299 maleficio
1571 2237 1631 2297 col·
1727 2215 1728 2292 l

346 2319 403 2400 leta
424 2339 457 2399 tit
477 2339 612 2400 minima:
630 2353 710 2405 ,nam
731 2335 780 2398 ille
801 2339 984 2414 interemptis
1008 2339 1156 2415 poenituit,
1185 2337 1236 2398 bic
1260 2339 1428 2406 toroneam
1458 2338 1509 2400 ilie
1541 2357 1633 2400 casos

348 2440 420 2503 luxit
441 2459 477 2502 ec
494 2439 671 2518 deploravit,
691 2438 740 2501 bic
758 2438 903 2500 interlecti
923 2455 1031 2516 corpus
1046 2440 1217 2500 tractatione
1232 2457 1267 2500 ac
1286 2439 1444 2517 suspendio
1462 2449 1564 2510 rexat3
1584 2440 1633 2501 ille
1727 2435 1728 2518 l

279 2543 499 2606 §.mteccrant
516 2542 636 2610 sunere,
659 2541 707 2602 bic
730 2539 902 2619 parentibus
924 2548 954 2602 et
975 2541 1077 2600 amicis
1099 2538 1277 2618 sepulturam
1296 2531 1355 2602 non
1371 2540 1512 2620 indulget.
1539 2550 1571 2603 at
1586 2542 1663 2604 illan
1727 2527 1728 2568 l

346 2643 558 2726 qualiscunque
579 2641 656 2704 illius
683 2649 751 2702 nota
778 2659 878 2702 rerum
899 2641 1121 2719 preclarissime
1143 2649 1291 2721 gestarum
1313 2641 1502 2723 splendorem
1524 2645 1633 2706 obsco·

347 2749 439 2816 ravit,
463 2753 520 2808 tarn
544 2743 682 2822 solidam,
704 2751 822 2822 tamque
843 2742 1011 2804 diuturnam
1039 2729 1083 2804 tot
1108 2745 1310 2814 victoriarum,
1340 2751 1383 2808 tot
1411 2745 1632 2824 triumpbomun
1727 2751 1728 2796 ἒ

347 2849 471 2928 gloriam
493 2865 527 2909 ee
550 2846 646 2907 allecit
665 2843 795 2914 macula,
827 2863 892 2924 quae
920 2846 1045 2908 duorum
1074 2844 1187 2910 milium
1214 2863 1359 2908 annorum
1388 2849 1480 2924 spatio
1497 2865 1568 2907 non
1590 2857 1631 2908 est
1727 2847 1728 2852 ’

349 2949 469 3018 ebolite;
498 2947 584 3010 buius
609 2956 706 3010 autem
735 2947 803 3026 quid
826 2946 952 3010 babetur
974 2949 1004 3008 in
1027 2947 1119 3010 oculis
1145 2947 1188 3010 rel
1215 2947 1336 3010 auribus
1356 2948 1523 3018 bominum,
1553 2949 1633 3028 quod

349 3052 425 3114 isttrd
446 3052 491 3113 sui
510 3049 610 3112 odium
632 3049 736 3110 leniat?
760 3056 810 3110 aut
830 3049 898 3127 quid
921 3049 1011 3112 semel
1034 3049 1103 3111 boni
1125 3050 1210 3119 tecit,
1237 3051 1315 3130 quod
1337 3058 1448 3112 tantam
1474 3049 1518 3112 ltli
1539 3051 1665 3112 scete-o

279 3167 415 3217 §.rerum
435 3153 578 3215 sentinam
596 3150 694 3214 eluatt
723 3150 807 3212 Nulla
830 3153 860 3212 in
889 3151 1007 3212 bomine
1030 3153 1135 3222 virtus,
1166 3169 1204 3214 ne
1232 3152 1344 3212 umbra*
1359 3151 1476 3230 quidem
1501 3153 1633 3220 virtutis:

347 3254 418 3316 nibil
441 3245 500 3332 egit
521 3261 675 3322 strennue,
699 3251 788 3335 multa
808 3255 966 3331 ignaviter;
990 3251 1067 3315 nulle
1091 3251 1264 3354 liberalitas,
1287 3261 1317 3324 at
1342 3260 1446 3316 contra
1467 3255 1584 3331 rapinis
1607 3263 1635 3316 et
1726 3255 1728 3318 l

347 3355 563 3420 extorsionibus
585 3357 702 3433 egregie
724 3372 845 3432 operam
864 3355 957 3422 dedit:
986 3373 1046 3416 nou
1074 3362 1229 3418 contentus
1252 3355 1344 3418 aliene
1374 3355 1527 3423 inuadere,
1563 3376 1635 3418 suos

347 3479 464 3542 quoque
487 3458 622 3536 diripuit;
648 3474 723 3518 nova
745 3455 895 3534 vectigalia
922 3458 1073 3535 imposuit,
1104 3475 1193 3518 noros
1222 3457 1332 3518 reditus
1360 3459 1469 3535 exegit,
1499 3461 1634 3535 portoria

347 3561 561 3641 multiplicavit:
584 3560 782 3636 temperantiee
798 3559 931 3622 inimicus
948 3560 1018 3627 luit,
1042 3557 1210 3620 libidinibus
1229 3560 1339 3636 paruit,
1361 3559 1550 3636 cupiditatem
1570 3563 1666 3620 rimu

280 3664 454 3728 §.reducem
474 3669 603 3726 sectatus
625 3671 676 3722 est.
716 3661 792 3738 alge,
804 3668 902 3722 eutem
924 3678 989 3738 quaa
1007 3660 1147 3722 tortitudo
1167 3661 1239 3722 tuiti
1259 3660 1372 3722 Vidistis
1389 3661 1493 3724 alilicta
1513 3662 1634 3722 tortuna
1678 3741 1683 3752 .

346 3767 477 3846 abiectus
499 3771 576 3835 erat,
598 3763 726 3826 secunda
749 3760 956 3832 insolescebat,
979 3780 1123 3842 nusquam
1143 3761 1306 3841 equabilis,
1335 3763 1545 3824 immoderatus
1570 3763 1636 3824 ubi·

277 3855 279 3858 ’
346 3886 418 3947 quc,
442 3883 560 3945 semper
582 3866 741 3928 effrenatos
763 3883 797 3924 ac
816 3866 861 3924 sui
883 3865 992 3942 impos;
1014 3883 1110 3942 neque
1131 3883 1215 3926 suam
1237 3863 1464 3928 imbecilitatem
1488 3865 1636 3944 compde-

346 3970 421 4032 rarit
442 3985 584 4048 unquam,
606 3983 703 4044 neque
722 3965 847 4028 fortune
870 3967 1037 4028 varietatem
1056 3969 1213 4044 spectavit,
1236 3985 1333 4046 neque
1350 3985 1420 4028 usus
1435 3967 1634 4035 estconsilio;

278 4130 286 4143 ,
348 4069 475 4149 neglexit
494 4069 642 4138 inimicos,
666 4063 822 4130 familiares
844 4075 873 4128 et
894 4068 1003 4134 amicos
1025 4069 1185 4130 interemit:
1210 4070 1248 4128 ita
1268 4071 1354 4130 vitam
1370 4047 1509 4138 instituit,
1532 4075 1567 4129 ut
1582 4078 1667 4147 aput⁵

348 4173 450 4252 petitui
472 4172 592 4234 cederet
612 4171 706 4247 ratio,
727 4170 790 4246 ipse
811 4187 907 4248 neque
928 4169 1012 4230 dictis
1033 4187 1128 4248 neque
1150 4170 1233 4230 lactis
1255 4169 1485 4232 mediocritatem
1500 4179 1635 4232 seruaret

279 4290 298 4339 t.
307 4292 341 4336 rr.
351 4273 454 4342 ullam:
478 4273 573 4354 siquid
594 4279 709 4350 ageret,
730 4277 780 4332 aut
801 4271 916 4350 longius
936 4271 1079 4348 processit
1099 4277 1149 4330 aut
1164 4273 1284 4350 propius
1304 4273 1441 4334 substitit.
1476 4273 1561 4350 atqui
1580 4273 1634 4332 irn-

347 4374 535 4438 beoillitatom
555 4375 617 4436 eius
638 4373 790 4452 spectastis
813 4375 841 4434 in
865 4373 921 4433 boc
949 4374 1080 4470 facinore
1105 4373 1268 4434 evidenter:
1296 4380 1406 4452 quanto
1434 4375 1511 4436 emm
1541 4381 1634 4456 metu,

347 4513 548 4523 ——-—.--

415 4563 532 4662 ⁴,quae
552 4599 574 4646 1.
594 4595 662 4658 Quos
680 4599 790 4646 cernit
828 4593 848 4626 ¹⁶
866 4593 1037 4652 Macedonis]
1057 4591 1185 4655 ci.§.bb.
1233 4591 1350 4658 ”temp
1369 4597 1392 4644 1.
1438 4591 1636 4646 ”ιιιὶ11ἰυω2.

347 4683 525 4736 ”succuum
561 4680 709 4732 ²⁸.Nontt.
744 4679 923 4731 duroman.
959 4678 980 4710 ³⁶
995 4678 1084 4728 crecta
1097 4679 1447 4743 off.1.2b.i,i.,‚Numqucm
1462 4680 1534 4728 enim
1545 4680 1635 4731 iratus

349 4769 396 4834 qui
408 4765 525 4818 accedet
537 4765 572 4816 ed
584 4781 692 4832 poenam
705 4765 923 4816 mediocritatem
936 4764 1011 4814 illem
1020 4763 1133 4826 tenebit,
1139 4779 1202 4829 quae
1216 4770 1258 4814 ost
1270 4764 1342 4814 inter
1350 4763 1460 4814 nimium
1470 4769 1498 4814 et
1510 4767 1634 4828 parum''.
