3382 5516
124 437 255 472 arcuatum
269 405 442 471 nonistorum
456 437 608 496 ourionis
621 435 809 484 Bss’lltl'l'lOllR
823 437 932 471 corum
945 436 1051 472 aviron
1065 435 1257 474 succurrerem.
1294 406 1367 477 253

94 612 166 668 quarn
188 602 316 669 occupata
339 592 412 649 bello
444 604 568 667 repetere
596 603 624 650 ct
652 595 751 650 amicos
778 613 793 650 a
822 595 995 651 barbararum
1025 594 1146 666 gentium
1168 593 1368 652 incursionibus

94 680 245 742 defendere.
269 678 488 753 quandoquidem
512 680 637 736 umnilms
653 679 755 735 viribus
772 687 827 735 tum
845 681 871 735 in
887 679 1009 752 augenda
1024 677 1126 750 gloria,
1150 685 1206 734 tum
1222 695 1272 752 pro
1288 678 1369 734 liber·

94 773 142 820 tate
162 774 191 820 et
210 763 358 821 covumodis
380 763 523 820 amicarum
547 764 743 838 provinciarum
765 764 927 840 urbiumque
955 772 983 819 et
1010 763 1173 838 populorum]
1200 762 1367 820 laborabant.

92 851 207 922 Cogitate
229 867 310 936 ergo,
334 848 458 904 Germani
480 850 632 922 principes.
657 858 737 924 atque
760 850 849 906 auimo
871 849 1015 911 revolvite,
1043 848 1151 904 cosdem
1179 849 1296 905 maiores
1325 853 1435 904 veno.

74 943 159 990 istros
183 951 238 990 non
261 951 309 989 sua
333 933 444 1008 imperia
466 935 604 998 amittere,
628 935 674 990 scd
698 933 785 990 aliena
806 935 946 1008 acquirere
970 933 1157 996 consuevisse,
1181 932 1303 1008 nullique
1319 935 1369 990 boc

91 1019 278 1093 amplissimum
300 1019 442 1092 imperium
465 1028 583 1074 vestrum
606 1020 717 1092 aggredi
740 1021 799 1076 ausi
822 1028 899 1082 sunt,
928 1019 974 1092 qui
1003 1019 1101 1074 virtute
1129 1027 1217 1074 vestre
1246 1019 1287 1074 vel
1316 1028 1370 1076 ter·

92 1105 131 1159 riti
153 1121 207 1160 nou
229 1104 405 1161 discesserint
427 1103 467 1159 vel
490 1105 553 1158 victi
576 1122 669 1178 peenas
692 1121 745 1160 uon
769 1104 958 1179 persolverint.
995 1103 1095 1158 llareus
1118 1121 1147 1160 ac
1169 1104 1254 1178 Cyrus
1276 1105 1371 1174 Persa·

92 1207 144 1244 rum
166 1207 259 1262 reges,
283 1190 329 1262 qui
352 1188 488 1262 Scythiam
510 1188 582 1244 bello
604 1199 782 1264 superarunt,
805 1205 869 1245 cum
888 1188 1035 1245 Danubium
1058 1187 1239 1250 traiecissem,
1262 1190 1370 1246 Germa·

91 1274 154 1330 niam
176 1275 312 1346 attingere
335 1273 443 1329 minime
472 1275 530 1330 ausi
560 1283 637 1336 snut:
666 1274 853 1349 Lysimachus,
884 1291 931 1329 rex
960 1274 1181 1348 potentissimus,
1210 1291 1270 1330 eum
1300 1273 1370 1331 ultra

68 1359 235 1414 vebanubium
257 1359 577 1432 copiastransvcxisset.
608 1378 621 1414 a
645 1359 805 1415 llomecbete
829 1377 893 1432 rege
920 1359 1066 1432 prulligatc
1095 1359 1153 1414 eius
1181 1359 1300 1414 exercitu
1327 1378 1371 1414 ca·

93 1452 149 1516 ptus
171 1452 222 1499 est.
261 1442 329 1500 lllud
352 1452 441 1499 autem
463 1441 550 1516 relatu
573 1444 775 1517 dignissimum.
799 1444 949 1500 Alexander
963 1443 1085 1505 blaeedo.
1109 1443 1153 1516 qui
1175 1451 1261 1499 totuin
1277 1445 1370 1500 Orien·

91 1537 138 1583 tem
160 1527 283 1584 fulminis
305 1545 335 1583 ac
351 1529 520 1601 tempestatis
535 1546 611 1585 urere
625 1529 773 1590 devicerat.
797 1532 991 1585 Germanorum
1007 1529 1077 1584 lama
1092 1528 1238 1584 deterritus
1254 1531 1369 1584 transire

91 1613 230 1668 danubium
253 1629 313 1669 cum
336 1613 468 1676 exercitu,
498 1615 617 1670 ninnium
641 1621 705 1669 tuuc
726 1615 848 1686 gentium
870 1614 987 1676 victore,
1016 1611 1113 1670 noluit.
1149 1615 1298 1688 ‘Augustus
1319 1615 1435 1675 lixi-§.su

92 1706 218 1772 perator,
247 1706 279 1753 ut
301 1697 449 1772 'lrauquilli
479 1698 567 1754 verbis
594 1707 671 1760 utar.
701 1716 794 1754 omnes
822 1715 916 1772 graves
946 1698 1107 1771 ignominias
1129 1696 1275 1772 cladesque
1302 1699 1368 1754 duas

66 1783 221 1852 meconion,
245 1800 294 1838 nec
317 1781 381 1838 alibi
403 1799 482 1857 quam
504 1783 532 1838 iu
555 1783 694 1840 Gerurania
717 1787 834 1858 accepit,
857 1782 1005 1840 Lollianam
1028 1782 1223 1845 etVarianam,
1245 1771 1292 1840 sed
1308 1783 1369 1839 Lol·

92 1867 189 1924 ‘liauam
217 1868 329 1924 maioris
356 1867 471 1924 inlamiae
497 1885 577 1942 quarn
604 1869 772 1930 detrimenti,
802 1869 943 1924 Varianam
970 1885 1047 1942 paene
1075 1868 1252 1931 exitiabilem,
1281 1869 1369 1924 tribus

91 1952 249 2026 ‘legionibus
270 1970 331 2008 cum
352 1953 420 2008 «luce
442 1951 595 2026 legatisque
616 1964 644 2008 ct
666 1952 773 2010 auxiliis
796 1954 920 2010 omuibus
942 1955 1027 2010 censis.
1065 1954 1113 2009 bac
1135 1954 1262 2010 nunciata
1290 1971 1369 2009 excu-

91 2039 151 2092 bias
172 2055 223 2112 per
246 2037 341 2094 urbem
364 2037 478 2108 indixit,·
495 2055 528 2094 nn
549 2039 614 2111 quis
638 2038 769 2094 tumultus
789 2039 929 2101 existeret.
953 2047 981 2094 et
995 2038 1156 2113 presidibus
1171 2039 1370 2112 provinciarum

91 2123 255 2198 ‘propagavit
277 2123 434 2196 imperiuux;
458 2123 528 2178 vovit
550 2132 578 2179 et
600 2141 712 2196 magnos
735 2123 813 2178 ludos
835 2124 889 2180 lovi
912 2124 1016 2197 optimo
1040 2123 1168 2186 maximo,
1198 2123 1239 2180 “si
1262 2141 1369 2198 rempu-

63 2207 190 2264 mblicam
213 2209 241 2264 in
264 2206 405 2264 meliorem
427 2215 528 2266 statum
550 2209 705 2264 vertisset”:
734 2209 800 2264 adeo
828 2225 943 2282 namque
970 2215 1174 2268 consternatum
1202 2209 1310 2271 lerunt,
1338 2216 1370 2264 ut

91 2302 143 2364 ‘per
164 2293 311 2350 continuos
333 2309 439 2348 meuses
461 2291 544 2348 barba
565 2286 730 2367 capilloque
747 2293 881 2349 submisso
911 2302 993 2366 caput
1019 2293 1154 2349 interdum
1182 2293 1289 2350 loribus
1317 2292 1370 2348 illi·

91 2378 159 2434 ‘dens
179 2377 378 2434 vociferaretur
406 2377 536 2444 “Quintili
559 2375 638 2440 Varo,
672 2377 794 2450 legiones
823 2379 928 2439 redde'’‚
957 2379 1082 2452 diemque
1109 2377 1194 2433 eladis
1223 2378 1369 2451 quotannis

91 2465 218 2518 ‘incestum
242 2461 368 2518 babuerit
389 2479 420 2519 ac
442 2460 602 2535 lugubrem'.
638 2463 697 2518 Nou
714 2462 837 2536 lyborii,
859 2481 920 2520 cum
944 2465 1024 2518 arnus
1048 2461 1199 2518 Vindelicos
1223 2463 1438 2526 incederetis.

91 2548 253 2620 repentinam
281 2546 458 2603 ellermania
481 2546 572 2620 lugam
600 2548 776 2604 recitaverim.
813 2565 846 2603 an
874 2565 929 2604 non
958 2547 1129 2604 intellexistis
1155 2548 1294 2604 Claudium
1315 2549 1370 2604 Cic·

63 2649 185 2695 cesarem,
213 2649 275 2690 cum
303 2631 430 2704 trigesies
458 2640 485 2688 et
513 2630 629 2706 amplius
658 2649 719 2688 cum
742 2632 882 2704 Germanis
908 2649 1015 2689 ananum
1044 2634 1241 2696 conseruisset.
1271 2633 1306 2688 is'
1323 2633 1369 2707 qui
1420 2645 1424 2652 '

91 2725 171 2772 totum
194 2725 292 2792 postea
315 2717 408 2794 orbem
431 2715 553 2790 subegit,
576 2735 623 2773 eos
645 2719 751 2774 vincere
773 2719 943 2792 nequivisse?
966 2717 1087 2792 Caligula
1108 2719 1189 2774 etiam
1212 2717 1283 2774 (imni
1306 2717 1370 2774 belli

90 2810 215 2874 apparatu
239 2795 436 2859 in'tlermauos
458 2811 614 2864 contracto.
643 2811 773 2876 quantum
796 2812 874 2860 antea
896 2820 1048 2876 uunquam.
1075 2802 1142 2859 nibil
1171 2803 1223 2858 nisi
1252 2803 1308 2859 risu
1328 2804 1370 2860 di·

92 2903 167 2958 gnum
189 2888 265 2961 egit.
293 2903 353 2943 cum
382 2886 549 2944 detruncatis
572 2885 716 2944 arboribus
738 2888 906 2962 triuxupbum
928 2889 1058 2950 erexerit.
1088 2905 1118 2944 ac
1145 2889 1177 2944 ad
1200 2890 1297 2944 Oceani
1326 2887 1371 2944 lit·

91 2980 144 3028 tora
164 2972 323 3046 proiectus,
345 2981 377 3027 ut
398 2970 499 3028 milites
522 2972 647 3029 ‘conchas
668 2971 805 3046 legerent,
828 2972 972 3048 galeasque
995 2981 1024 3029 et
1045 2974 1120 3030 sinos
1142 2974 1293 3047 replerent,
1323 2975 1371 3029 im·

63 3058 235 3130 superaverit,
261 3055 347 3130 spolia
369 3056 467 3114 Oceani
490 3075 601 3119 vocans,
631 3057 760 3130 capitolio
783 3058 938 3132 palatioque
965 3057 1073 3115 debita!
1115 3057 1184 3125 Quid
1212 3059 1244 3116 de
1274 3059 1439 3119 Gotbistae.

90 3142 181 3198 vestris
203 3149 253 3198 aut
273 3140 398 3198 Vandalis
419 3140 536 3216 loquar?
566 3141 649 3198 altera
677 3143 749 3198 enim
771 3161 838 3216 gens
860 3162 875 3200 e
898 3143 1072 3200 Scandinavia
1099 3143 1201 3206 insula,
1231 3143 1316 3200 altera
1338 3161 1370 3199 ex

91 3228 235 3284 continenti
260 3243 371 3300 egressa
397 3225 506 3290 Galliae,
542 3227 694 3302 llispaniae.
723 3228 833 3292 Africae,
862 3228 946 3284 ltaliae
973 3228 1067 3285 bellica
1092 3228 1180 3301 gloria
1209 3229 1371 3303 couvparatis

91 3311 122 3365 ita
144 3312 348 3388 imperitarunt,
377 3320 408 3367 ut
434 3311 485 3368 sub
508 3311 635 3369 Sesibuto
663 3329 743 3386 rege,
773 3315 818 3388 qai
843 3331 936 3370 omnes
958 3313 1093 3386 llispaniae
1116 3314 1238 3369 civitates
1261 3331 1372 3387 supera·

91 3395 134 3457 vit,
162 3397 299 3454 Romanos
328 3396 444 3470 primum
472 3398 499 3452 in
528 3413 558 3454 ea
585 3397 724 3471 provincia
747 3399 879 3472 imperare
908 3398 1021 3454 desiisse
1048 3406 1169 3459 constet,
1199 3399 1225 3453 iu
1255 3407 1372 3454 taxatum·

63 3497 139 3552 uque
166 3481 320 3538 [indueram
347 3498 391 3552 rap
420 3492 447 3538 et
476 3480 563 3555 gloria
591 3484 689 3544 crevit,
719 3491 749 3539 ut
765 3483 955 3560 ¹Theodericus
984 3483 1087 3555 {rrimus
1109 3483 1260 3539 Gothorum
1288 3483 1371 3556 impe·
1405 3475 1407 3478 ’

91 3567 184 3622 catoris
212 3582 312 3623 nomeu
341 3567 485 3623 meruerit:
519 3567 538 3624 ii
567 3585 628 3624 cum
655 3585 738 3644 supra
765 3567 984 3626 trecentesimum
1010 3584 1109 3623 annum
1136 3567 1261 3642 llispauis
1288 3567 1371 3643 impe-

155 3833 166 3866 ²
182 3851 232 3901 pro
253 3851 299 3885 om.
313 3838 338 3884 2.
374 3834 386 3866 ⁷
402 3835 505 3885 Darius
517 3839 542 3886 2.
579 3833 601 3868 ¹⁰
618 3836 759 3897 Romeeh.]
778 3837 955 3888 Dromichaete.
975 3835 1011 3886 cf.
1027 3837 1101 3886 Diod.
1116 3837 1168 3886 Sir.
1182 3837 1255 3886 xxi.
1269 3836 1369 3886 inExc.

91 3916 121 3966 de
137 3920 200 3970 virt.
215 3926 245 3970 et
258 3921 306 3971 vit.
318 3919 460 3986 pacesq.
475 3918 532 3984 (cd.
544 3922 654 3988 Bipont.
667 3923 714 3972 IX.
728 3938 754 3987 p.
765 3921 823 3972 269.
836 3921 888 3988 sq.)
946 3920 963 3954 ¹¹
983 3919 1075 3988 Alex.]
1096 3922 1133 3975 ei.
1147 3923 1253 3971 Arrium.
1271 3923 1292 3972 I.
1309 3919 1370 3981 l‚.‘t·t.

91 4001 201 4054 Freinab.
216 4005 307 4071 suppl.
321 3997 395 4054 Cart.
408 4005 429 4054 1.
445 4003 512 4068 12‚x.
566 4005 588 4040 ¹²
604 4007 804 4073 perterritust.
856 4005 911 4040 ¹³·¹⁴
927 4007 1080 4073 Imperator
1091 4007 1160 4072 Aug.
1174 4011 1199 4058 2.
1247 4005 1268 4038 ¹⁴
1286 4008 1371 4056 Trou·
1429 4003 1431 4008 '

91 4087 172 4150 quill]
190 4089 297 4140 Sueten.
311 4090 339 4140 in
352 4089 451 4140 Octav.
464 4089 506 4140 23.
543 4089 564 4124 ¹⁶
582 4095 718 4156 penem.
738 4091 884 4142 exiciabilie
897 4093 920 4142 1.
956 4090 977 4123 ¹⁹
996 4092 1149 4158 imperium]
1169 4096 1185 4155 ‘,
1199 4097 1230 4141 nt
1248 4097 1276 4142 et
1295 4107 1311 4140 s
1323 4107 1370 4157 pe·

91 4171 147 4221 ritis
165 4179 194 4222 et
212 4173 337 4224 adsuetis
355 4173 425 4224 socii
438 4174 663 4238 continerentnr'‚
677 4177 750 4226 addit
762 4177 865 4227 Sueten.
906 4174 960 4208 ¹⁹³⁰
979 4175 1023 4226 “si
1041 4193 1084 4226 res
1102 4175 1214 4242 publice
1231 4177 1260 4227 in
1278 4177 1372 4227 melio·

91 4271 143 4306 rem
161 4261 264 4308 statum
282 4260 438 4310 vertissat”.
458 4259 530 4325 quod
548 4261 651 4310 ioelum
671 4259 807 4312 Cimbrico
825 4261 997 4327 Marsicoque
1016 4261 1091 4312 bello
1110 4266 1178 4312 erat.
1202 4261 1277 4312 Ada'o
1296 4261 1372 4311 deni-

92 4355 139 4404 qne
158 4346 364 4394 consternatum
383 4343 483 4407 icrunt,
502 4345 693 4396 babetSueton.
733 4343 755 4378 ²¹
774 4345 892 4397 demisso
905 4351 930 4397 2.
971 4343 1026 4378 ²¹⁴²
1043 4345 1083 4396 ill.
1095 4343 1167 4412 voe]
1186 4345 1308 4398 illideret
1325 4363 1371 4398 vo·

93 4425 326 4478 eitermssxcetoe.
362 4425 551 4494 ”quotidanis
564 4433 588 4482 1.
632 4427 812 4481 ”Tiburna
854 4431 1163 4483 ei.DioCass.111V.23.
1198 4428 1221 4464 ²⁴
1240 4431 1371 4482 Claudius

91 4508 203 4575 Drusus,
223 4513 367 4578 privignus
387 4512 516 4578 nessus,
538 4515 627 4566 Liviae
651 4513 732 4566 tilius.
763 4515 800 4565 ci.
815 4513 892 4566 Oros.
905 4515 969 4566 hist.
983 4516 1083 4566 Vl.2l.
1118 4516 1172 4567 Dio
1186 4515 1265 4568 Cass.
1277 4517 1333 4568 LV.
1348 4517 1369 4566 1.

92 4590 113 4624 ²⁸
129 4592 232 4663 Calig]
254 4597 291 4647 ai.
304 4595 408 4648 Sueten.
422 4599 452 4647 ia
464 4599 524 4649 eius
536 4599 594 4648 vita
608 4615 630 4648 e.
639 4599 680 4648 45.
688 4613 727 4664 sq.
762 4598 785 4632 ²¹
804 4601 975 4664 quantumvis
988 4602 1015 4650 2.
1049 4599 1071 4633 ²⁸
1089 4599 1370 4674 triumphdtrcpceum.

92 4674 112 4708 ²⁸
133 4679 282 4746 imperavit
303 4681 407 4732 Sueten.
472 4681 494 4716 ¹⁰
511 4684 547 4733 ai.
562 4683 688 4732 lornond.
707 4683 740 4734 de
758 4684 814 4734 reb.
832 4683 925 4734 Gotth.
994 4683 1016 4716 ⁸³
1029 4684 1170 4736 Sesibntus
1188 4700 1214 4735 a.
1230 4683 1371 4736 eva...6²u.

92 4755 112 4789 ⁸⁸
122 4761 309 4815 Theodericus
320 4764 343 4815 1.
358 4764 533 4817 nitemur.
568 4765 591 4800 ⁸⁸
609 4763 737 4835 uacent]
758 4769 793 4818 ab
813 4785 838 4820 a.
853 4769 912 4819 iere
924 4767 1063 4819 avo...m.
