3382 5516
76 423 259 462 mrxtxuxsttx
279 429 335 464 xrrr.
354 429 522 465 rnorosxcxo
540 431 575 466 ns
594 425 683 466 sunto
704 431 825 468 'rvscxoo
842 431 879 467 tn
893 431 1039 468 rnrxcxrss
1052 433 1087 468 su
1100 433 1124 469 c.
1145 421 1171 469 ι’.
1186 427 1245 472 tsxs.
1285 403 1355 475 179

75 586 115 640 sed
146 584 211 659 loge
234 595 335 660 cogunt
358 587 498 661 xmpcrlum
521 581 678 654 exlendere3
707 595 735 646 'et
762 607 903 647 successus
925 589 995 646 tanti
1016 599 1125 666 tamque
1147 593 1287 667 prosperi,
1310 611 1357 650 an-

74 687 170 726 norum
195 673 252 727 fere
274 671 467 736 ducentorum,
491 673 591 730 addunt
613 674 652 731 eis
676 676 793 738 animos,
822 685 853 731 ut
876 676 1016 750 quiescere
1038 675 1114 732 nullo
1136 678 1217 734 ruodo
1239 679 1355 753 possint.

73 754 148 821 Quod
173 757 198 812 si
221 765 295 812 tanta
318 756 371 813 fuit
391 757 487 832 glories
509 765 591 832 atque
613 759 718 834 imperii
734 760 875 834 cupiditas,
899 769 972 817 tauta
988 759 1095 817 audacia
1112 769 1176 818 tunc
1203 769 1263 822 cuin
1286 763 1355 821 sires

73 840 187 896 baberet
209 841 350 898 admodum
372 843 490 916 exiguas,
513 859 563 900 nec
579 843 722 918 quicquam
737 845 789 901 nisi
805 845 882 902 littus
898 847 929 901 ad
945 846 1060 902 Pontum
1075 845 1205 918 Euxinum
1222 856 1356 926 tenerent,

56 933 98 980 sut
122 943 181 982 non
196 927 272 988 mari,
295 943 350 983 non
371 929 523 990 montibus,
546 945 600 985 non
614 930 806 1004 'magnitudine
827 930 912 986 Graeci
935 930 1042 1005 lmpcrii
1064 931 1189 989 deterriti
1217 933 1272 990 sint
1301 951 1355 1008 quo

73 1012 162 1066 minus
187 1011 214 1066 in
236 1011 325 1068 flsiam
348 1021 376 1068 et
391 1013 526 1088 Europam
548 1014 679 1088 impetum
694 1014 826 1078 facerent,
850 1033 915 1072 cunr
926 1016 1032 1090 quidem
1049 1033 1159 1090 magnas
1172 1017 1287 1092 insuper
1301 1018 1355 1076 cla·

74 1095 116 1150 des
142 1105 318 1170 acceperant,
342 1111 381 1152 au·
398 1113 469 1155 nunc
491 1099 604 1172 adeptos
628 1107 730 1156 tantam
751 1099 918 1174 potentiam,
942 1101 1123 1174 tantas‚vires
1146 1112 1174 1158 et
1195 1103 1247 1160 boc
1263 1119 1354 1162 rerunt

74 1175 213 1253 fastigium
240 1181 400 1238 existimatis
430 1199 484 1239 non
512 1182 640 1240 delectari
666 1185 773 1259 Imperii
802 1184 906 1260 gloria?
934 1186 1016 1260 Atqui
1045 1201 1108 1242 vero
1137 1187 1284 1245 acerrimus
1312 1197 1374 1244 est·

73 1265 200 1322 stimulus
230 1267 256 1322 in
285 1265 422 1323 bellicosis
446 1269 561 1342 ingeniis
584 1285 718 1326 armorum
742 1277 769 1326 ct
792 1270 896 1344 imperii
919 1264 1015 1332 decus,
1038 1271 1190 1344 praesertim
1213 1273 1236 1328 si
1252 1273 1353 1348 aspiret

49 1350 154 1405 suetiam
177 1352 298 1406 fortuna·
341 1352 433 1411 multas
456 1360 545 1410 antem
568 1361 669 1411 nostrae
691 1354 781 1411 clades
796 1356 930 1411 numerari
947 1364 1062 1430 possunt
1078 1356 1139 1412 inde
1154 1375 1240 1431 usque
1256 1375 1270 1414 a
1285 1375 1354 1434 prae·

67 1433 106 1515 'lio
132 1436 208 1510 quod
231 1435 418 1509 sigismundus
441 1438 591 1512 Imperator
612 1457 672 1495 cum
696 1439 790 1496 furcis
814 1439 958 1496 infeliciter
985 1441 1133 1504 commisit,
1161 1459 1222 1499 cum
1251 1443 1354 1500 interea

73 1517 176 1576 axillam
199 1521 251 1594 ipsi
275 1522 407 1595 insignem
430 1523 531 1580 cladem
554 1525 714 1598 acceperint.
759 1525 852 1598 ltaque
874 1526 901 1580 in
923 1533 977 1580 tam
995 1525 1066 1582 felici
1083 1527 1255 1584 victoriarum
1270 1543 1353 1585 cursu

75 1621 153 1678 quaxn
183 1621 238 1662 non
265 1607 397 1664 cessarint
425 1607 535 1664 ridetis:
563 1617 594 1665 ut
615 1608 686 1665 enim
710 1611 831 1671 omittam
855 1625 899 1666 res
927 1618 1017 1684 gestas
1046 1611 1231 1686 superiorum,
1261 1611 1352 1669 blabo-

75 1700 181 1752 metus,
210 1691 257 1764 qui
278 1709 320 1748 me
342 1706 428 1766 puero
456 1693 563 1756 floruit,
587 1708 694 1750 summa
717 1691 856 1751 celcrit'ate
878 1711 927 1750 ceu
950 1694 1050 1752 fulmen
1067 1697 1206 1769 ‘quoddam
1228 1715 1351 1772 magnam

48 1773 191 1850 rslfuropae
212 1785 316 1850 partem
339 1785 500 1851 pervagatus
522 1787 577 1842 est:
607 1796 667 1836 cum
697 1778 724 1835 in
746 1777 891 1836 Pannoniis
914 1779 1059 1837 infeliciter
1080 1781 1242 1846 dimicasset,
1265 1782 1352 1840 rictus

20 1868 23 1878 '
75 1859 229 1916 alobanue
251 1861 388 1920 llunniade
417 1879 585 1937 nequaquam
614 1864 701 1920 animo
730 1865 831 1921 fractus
860 1873 915 1928 est,
944 1865 990 1921 sed
1019 1865 1280 1941 Constantinopolim
1309 1868 1354 1924 ad·

75 1954 151 2001 ortus
165 1945 213 2000 diu
236 1943 373 2004 obsessam
395 1949 502 2005 tandem
525 1967 594 2004 auno
617 1956 762 2023 antequam
783 1957 862 2005 natus
885 1966 943 2006 sum
967 1959 1043 2007 sexto
1066 1951 1091 2005 vi
1113 1958 1218 2025 captam
1240 1953 1353 2026 diripuit

74 2030 259 2086 crudelissime
288 2025 431 2089 interfecto
459 2033 623 2108 imperatore
645 2033 836 2096 Constantino.
867 2043 983 2108 cognato
1012 2043 1122 2098 nostro,
1151 2043 1179 2093 et
1206 2037 1292 2110 raptis
1320 2037 1352 2094 ad
1419 2057 1426 2070 ·

75 2123 198 2189 stuprxnn
220 2115 279 2172 eius
301 2115 403 2174 liberis.
447 2127 541 2194 postea
564 2127 641 2193 capte
664 2119 775 2175 Thracia
797 2119 906 2193 llysiam
936 2119 1035 2176 invadit
1062 2137 1092 2176 ac
1121 2121 1178 2176 fere
1207 2128 1267 2177 toto
1290 2119 1352 2196 llly-

45 2201 130 2256 ttrico
152 2201 258 2257 domito
287 2211 314 2258 et
342 2211 472 2278 occupato
501 2219 592 2278 reguo·
609 2205 703 2260 bosnae
726 2203 856 2261 Craeciam
879 2203 1013 2266 adoritur,
1043 2203 1201 2262 Corinthum
1223 2206 1247 2261 ri
1270 2223 1353 2280 expu-

74 2281 136 2356 gnat
164 2294 193 2341 et
214 2286 431 2360 Peloponnesum
459 2289 557 2345 ditioni
586 2305 641 2345 suae
670 2289 772 2353 adiicit,
803 2289 952 2345 interfectis
974 2288 1135 2362 Palaeologis
1162 2290 1296 2347 Demetrio
1325 2299 1353 2348 et

74 2367 172 2426 fbou'xa
197 2372 334 2428 fratribus.
379 2373 431 2430 'fot
452 2375 544 2447 regnis
567 2391 598 2430 ac
618 2374 763 2448 provinciis
787 2375 812 2430 in
828 2373 934 2449 Europa
956 2373 1150 2448 potitus‘adco
1172 2391 1226 2432 non
1249 2377 1352 2450 recepit
1423 2411 1424 2416 κ

74 2457 149 2512 sein
172 2457 276 2520 ocium,
306 2467 337 2514 ut
358 2458 470 2514 subinde
493 2458 594 2516 maiora
617 2477 665 2533 spe
688 2467 768 2533 atquo
790 2459 879 2515 animo
907 2459 1077 2532 conciperet:
1108 2459 1352 2535 constitutis-pro-

73 2541 164 2597 vinciis
193 2542 219 2597 in
248 2541 353 2618 Europa
384 2544 539 2600 traiicitur
567 2545 670 2607 Asiam,
698 2545 899 2618 ¹Trapezuntem
928 2550 1063 2619 expugnat
1097 2561 1161 2617 rege
1190 2544 1350 2612 interfecto:

45 2625 168 2682 salcime
183 2626 336 2702 blytileuem
358 2629 440 2684 armis
461 2629 553 2703 capit,
570 2645 684 2702 cumque
706 2627 757 2684 iam
779 2627 908 2686 bfiuorem
930 2629 1019 2684 Asiam
1041 2643 1072 2686 ac
1091 2629 1171 2686 Pouti
1194 2647 1268 2686 oram
1291 2631 1351 2686 uni·

73 2725 173 2768 versam
201 2718 320 2780 teneret,
350 2712 480 2770 transfert
508 2712 609 2770 bellum
638 2713 664 2770 in
688 2712 792 2788 Syriam
822 2723 850 2770 et
871 2713 1034 2789 AEgyptum;
1064 2712 1109 2769 scd
1137 2729 1196 2770 cum
1220 2713 1348 2774 Sullanus

73 2797 127 2851 acie
147 2797 233 2853 victus
254 2813 347 2871 pacem
369 2806 490 2873 peteret,
514 2799 575 2874 quia
598 2799 707 2855 maioris
730 2798 826 2872 gloriae
850 2789 987 2855 maleriam
1010 2815 1071 2855 csse
1092 2799 1159 2854 vidit
1182 2799 1209 2854 in
1232 2798 1347 2875 Europa,

74 2879 158 2936 fredus
179 2899 240 2938 cum
263 2881 375 2940 Sultano
403 2883 468 2940 fecit
495 2892 522 2940 et
550 2884 655 2940 rediens
684 2884 710 2938 in
733 2884 867 2958 Europam
890 2885 1021 2940 instructa
1044 2881 1130 2939 classe
1153 2891 1181 2940 ct
1202 2886 1350 2942 contractis

73 2967 156 3039 copiis
178 2967 278 3024 traiicit
300 2969 328 3023 in
349 2967 451 3024 ltaliam
473 2977 501 3024 et
524 2971 689 3042 oppugnavit
704 2967 870 3043 Hydruntem
893 2987 923 3025 ac
946 2965 1048 3024 lantum
1072 2969 1185 3024 terroris
1201 2969 1285 3027 ltaliae
1308 2971 1348 3026 in·

44 3053 170 3115 tocussit,
193 3060 223 3107 ut
251 3053 303 3109 iam
318 3051 454 3110 Romanus
468 3053 594 3110 Pontifex
616 3055 707 3126 fugam
730 3062 852 3127 pararet;
876 3053 965 3111 omnia
988 3061 1065 3110 erant
1082 3053 1199 3110 initalia
1222 3061 1249 3110 ct
1265 3054 1350 3112 Gallia

73 3133 201 3192 bellorum
224 3136 313 3211 plena.
356 3139 451 3194 deiude
474 3155 529 3194 non
551 3137 638 3194 solum
655 3139 801 3195 furcarum
823 3139 907 3202 vires,
931 3138 977 3194 sed
1000 3137 1086 3194 multo
1109 3139 1195 3212 magis
1217 3139 1293 3197 ducis
1309 3141 1349 3198 fc·

74 3217 211 3285 imitatem,
240 3223 379 3280 scientiam
402 3223 441 3280 rei
464 3221 601 3286 militaris,
629 3223 794 3297 vigilantiam
818 3233 845 3279 et
867 3223 1035 3280 celeritatem
1058 3237 1151 3292 omnes
1174 3232 1269 3296 gentes
1293 3225 1348 3280 for-

74 3305 218 3372 midabant;
242 3309 350 3364 memini
373 3325 415 3365 mc
437 3323 523 3382 puero
546 3309 616 3365 hunc
640 3307 766 3384 tanquam
781 3307 958 3365 Alexandrum
981 3307 1096 3364 alterurn
1119 3308 1260 3381 praedicari
1277 3310 1349 3366 eius·

74 3405 124 3462 que
150 3392 240 3447 virtuti
271 3396 310 3449 et‘
325 3393 448 3450 felicitati
475 3409 560 3468 prona
576 3394 678 3468 ¹onmia
708 3393 798 3450 rideri.
842 3394 870 3450 ln
895 3401 966 3450 tanta
990 3392 1168 3466 trepidatione
1190 3403 1347 3452 nostrorum

44 3473 140 3530 assem
160 3476 307 3535 clementer
328 3479 447 3552 respexit
467 3477 612 3534 Ecclesiam
636 3496 710 3534 suum
732 3486 760 3534 et
781 3478 821 3534 illi
844 3479 969 3553 Tyranno
997 3477 1049 3533 iarn
1072 3475 1154 3534 ltaliae
1183 3478 1284 3539 aditum
1308 3487 1347 3535 te·

73 3561 144 3615 nenti
164 3578 256 3619 manus
280 3563 384 3626 iniecit,
407 3579 537 3637 cumque,
560 3581 593 3619 ne
617 3563 738 3620 funditus
761 3562 941 3620 Christianum
964 3577 1076 3624 nomen,
1101 3577 1165 3618 aras
1188 3569 1296 3619 nostras
1319 3570 1346 3619 et

74 3647 273 3710 sacratissimam
295 3649 473 3706 Christianam
504 3647 665 3722 religionem
691 3639 809 3712 deleret,
837 3645 962 3705 emedio
986 3645 1097 3702 sustulit
1119 3653 1201 3720 atque
1224 3647 1345 3704 extinxit.

74 3728 146 3795 Quod
166 3733 271 3807 quidem
294 3735 317 3790 si
340 3733 528 3808 agnoscimus,
558 3734 710 3808 cogitemus
733 3751 783 3790 nos
806 3733 913 3809 quidem
935 3749 967 3789 eo
991 3739 1112 3787 servatos
1134 3747 1208 3794 esse,
1238 3748 1293 3788 nou
1315 3739 1346 3788 ut

74 3845 270 3860 u-

136 3915 201 3967 ‘Ab
220 3917 359 3969 Osmanno
377 3919 398 3968 1.
418 3915 820 3982 (n.1300...1326,l‚rctionem
844 3917 896 3967 init
915 3915 1017 3966 Caesar.
1064 3911 1091 3947 ¹¹¹
1105 3909 1252 3980 commisit]
1273 3915 1345 3981 apud

77 3997 214 4068 Nicopolin
232 4019 360 4068 magnam
380 4002 405 4052 d.
418 4000 460 4053 28.
475 4001 550 4067 Sept.
564 4018 590 4052 a.
604 4000 678 4053 taso.
700 4017 759 4052 cum
778 4001 967 4069 sigismundus
984 3998 1102 4050 nondum
1119 3999 1275 4064 imperator,
1295 4001 1343 4050 sed

74 4083 215 4150 Hungcriae
233 4103 281 4137 rex
300 4093 382 4137 esset.
419 4083 470 4118 ¹²¹⁴
489 4087 661 4137 blahometus
679 4087 716 4138 If.
734 4087 865 4153 Magnus,
885 4101 962 4152 regn.
978 4101 1002 4135 c.
1020 4081 1189 4134 1451...tast.
1227 4080 1247 4115 ¹⁸
1265 4085 1344 4134 losn-

74 4181 121 4216 nes
137 4169 261 4234 ilunycd,
281 4171 496 4222 Trsussilvsniae
515 4171 580 4232 dux,
600 4171 727 4222 Matthias
746 4171 818 4237 regis
831 4171 982 4236 Hungsriae
1000 4183 1114 4234 parens,
1134 4167 1292 4218 non·semel
1309 4169 1343 4219 de

74 4251 212 4305 'furcarum
231 4257 354 4306 exercitu
372 4255 514 4306 victoriam
528 4241 693 4321 reportavit,
712 4256 760 4305 sed
777 4257 878 4320 scepius
897 4255 979 4305 etism
998 4255 1088 4325 victus
1107 4257 1161 4316 cst3
1181 4257 1211 4302 et
1222 4256 1285 4318 post
1296 4269 1342 4318 pu-

74 4351 148 4400 gnam
166 4341 234 4406 opud
253 4341 377 4391 Koreoura
395 4337 434 4406 (a.
449 4337 547 4404 1448.),
566 4340 595 4389 ixx
613 4353 667 4404 que
684 4339 732 4389 XL
751 4337 828 4389 m‘ilfs
840 4339 990 4390 'Parcarum
1009 4337 1176 4400 ceciderant,
1196 4338 1344 4403 imperator
1412 4383 1416 4390 .

73 4421 225 4476 Amurstbus
243 4425 295 4485 11..
317 4425 468 4476 Mslxxxmeti
492 4430 586 4490 poter,
611 4424 713 4474 dixisse
732 4423 831 4486 fertur,
854 4431 918 4482 suas
936 4422 989 4472 sibi
1007 4422 1040 4472 de
1058 4420 1193 4486 Hunyede
1210 4421 1341 4472 victorias

74 4506 176 4558 nimium
194 4515 329 4561 constare.
375 4507 396 4542 ¹¹
419 4507 509 4575 Copto
532 4513 573 4559 est
592 4505 845 4574 Constantinopolis
867 4507 891 4557 d.
905 4505 946 4558 29.
960 4506 1029 4556 Meti
1048 4521 1072 4555 s.
1089 4505 1162 4557 1453.
1192 4505 1280 4556 Natus
1299 4511 1341 4557 est

73 4589 266 4644 bluimilisnus
279 4595 304 4645 d.
316 4593 358 4645 2².
370 4593 464 4644 Martii
483 4608 508 4643 a.
524 4590 595 4643 1159.
631 4590 653 4626 ¹⁸
671 4591 867 4642 Constantinus
878 4591 940 4640 ΧΠ.
959 4590 1133 4656 Pslaeologns
1146 4594 1276 4655 parentes
1292 4578 1340 4639 he-

74 4673 131 4723 buit
144 4678 295 4730 fdsnuelcm
313 4683 347 4729 et
358 4679 476 4730 irenam.
514 4675 537 4710 '⁴
555 4675 630 4743 rege]
649 4677 741 4750 Darid
759 4675 906 4725 Comncno.
920 4689 945 4724 e.
961 4673 1033 4724 1462.
1073 4669 1339 4724 ¹⁸Otronto.m.1nl.

76 4757 179 4811 closo.
211 4759 533 4827 ”Pontifdflixtnslw
586 4759 607 4792 ³¹
626 4759 663 4826 et]
684 4775 715 4810 sc
729 4765 753 4810 2.
788 4757 1126 4810 ³⁷cf.not.sdr.fd.lt.

321 4851 322 4856 ’
1061 4841 1119 4899 12·
