3468 5512
359 370 431 444 466
453 401 573 439 urrasnr
586 401 621 438 nn
635 399 749 438 seuram
764 399 1009 438 monimentorum
1020 400 1100 438 orno.
1111 399 1167 436 nro.
1181 397 1230 436 nir
1241 399 1371 436 nuonnns
1381 397 1498 435 neonus.
1508 397 1560 434 cnr.
1571 398 1617 434 nx.

358 559 542 622 ebriosorum
565 565 594 619 et
616 555 691 635 gulae
712 557 876 619 deditorum
899 556 1067 624 hominum.
1097 556 1241 635 siquando
1264 562 1459 632 aegrotarent,
1490 557 1619 616 curatione
1700 523 1701 600 l

358 661 506 721 interdixit
528 659 662 720 medicis:
687 660 888 720 ‘redaoerrant
910 661 987 720 enim
1010 656 1075 720 eito'
1099 660 1192 737 inquit
1214 665 1277 736 ‘per
1301 659 1365 718 ritae
1387 659 1619 734 intemperantiam

290 762 467 832 §.unrrrdos
489 761 642 831 humores,
671 771 703 822 nt
731 761 838 824 frustra
866 767 1044 822 evacuentur
1071 760 1135 820 isti’.
1178 759 1254 822 scito
1283 758 1424 838 eupletnr'
1447 759 1621 837 Hieronymus
1700 779 1701 830 l

359 867 398 924 ait
421 873 542 924 ‘natnrae
564 865 731 930 necessitas,
755 862 847 940 lrigns
870 861 993 941 simplici
1016 864 1120 922 vestitu
1143 869 1172 924 et
1193 862 1285 938 lomes
1308 861 1373 923 oibo
1396 859 1502 940 expelli
1522 859 1619 939 potest'.
1700 857 1701 908 l

290 986 349 1034 nu.
358 968 549 1034 Artaxerxes,
572 965 730 1026 Persarum
746 982 813 1032 rex,
837 964 873 1024 ad
889 982 953 1024 enm
968 962 1124 1042 abnuendo
1138 965 1340 1026 necessitatem
1356 962 1508 1032 redactus,
1529 970 1558 1022 ut
1570 963 1638 1022 briss
1700 1025 1701 1034 ,

358 1067 448 1128 onidis
470 1074 498 1127 et
520 1085 596 1144 pane
619 1066 764 1127 ordeaneo
786 1075 969 1134 vesceretur,
998 1082 1099 1126 rerum
1127 1067 1294 1127 varietatem
1317 1063 1402 1126 sinrul
1425 1073 1455 1124 et
1476 1065 1621 1127 suam'lor-
1700 1099 1701 1104 κ

328 1205 331 1210 -
359 1176 459 1228 tunam
482 1167 698 1246 contemplatus
721 1167 907 1229 ‘Cuiusmodi'
929 1167 1025 1244 inquit
1047 1166 1210 1245 ‘voluptatis
1233 1174 1383 1244 expertem
1406 1185 1453 1228 me
1476 1165 1576 1244 regalis
1589 1166 1622 1224 le-

290 1286 349 1336 nn.
362 1277 442 1332 reret
464 1269 631 1332 allluentia'.
675 1269 739 1339 Quo
763 1269 897 1350 exemplo
920 1268 1083 1345 intelligere
1107 1269 1206 1338 datur,
1230 1269 1309 1348 quod
1331 1268 1361 1330 bi
1376 1269 1425 1346 qni
1439 1287 1529 1348 parre
1542 1270 1622 1328 rimnt

359 1379 388 1432 ot
410 1371 524 1442 sobrie,
554 1370 608 1432 seli
631 1372 660 1432 in
681 1371 747 1432 lnce
770 1380 937 1439 versantur,
967 1377 996 1432 et
1017 1372 1114 1431 virore
1137 1388 1168 1431 so
1191 1347 1370 1446 intelligunt;
1399 1371 1450 1448 qui
1472 1377 1569 1432 eontra
1587 1372 1622 1428 iu·
1700 1343 1701 1378 ¹

358 1474 479 1552 dulgent
500 1474 619 1551 corpori
647 1489 681 1534 ae
708 1474 805 1534 omnia
835 1471 890 1532 sibi
917 1473 1112 1550 ingurgitant,
1140 1473 1169 1532 in
1198 1471 1374 1551 quibusdam
1401 1475 1484 1552 qnasi
1512 1471 1647 1532 tenebrisn

359 1583 492 1636 errantes
513 1593 571 1634 non
595 1575 725 1635 sentiunt
746 1592 829 1638 suam
852 1575 907 1651 ipsi
928 1576 1030 1634 vitam:
1061 1581 1173 1634 tantum
1203 1573 1303 1643 abest,
1332 1573 1460 1634 iucunde
1484 1584 1514 1636 ut
1535 1577 1621 1638 vivant,

359 1695 526 1756 quanquam
550 1678 678 1737 sentiunt
700 1675 890 1755 paulopost,
914 1677 942 1735 in
966 1675 1087 1736 morbos
1108 1675 1159 1738 ubi
1181 1677 1356 1744 inciderunt,
1381 1685 1409 1736 et
1430 1684 1502 1738 tnnc
1523 1676 1623 1754 qrridern

292 1797 544 1856 §.rarognoseere
567 1779 708 1856 incipiunt
730 1795 816 1856 quam
840 1779 926 1846 vitam
956 1795 1014 1856 quo
1042 1781 1163 1856 praemio
1191 1777 1361 1856 delegerint.
1393 1796 1490 1848 nam,
1519 1787 1549 1838 ut
1567 1778 1621 1837 l’er·

357 1882 417 1940 sins
439 1882 487 1950 ait,
1700 1871 1701 1878 '

859 2000 928 2058 cnm
949 1981 1078 2060 lapidosa
1102 1982 1237 2058 chiragra

559 2082 694 2158 Fregerit
715 2083 855 2144 articulos
877 2085 983 2144 veteris
1005 2083 1124 2146 ramalia
1146 2085 1222 2162 lagi,

561 2185 635 2246 Tum
659 2203 773 2246 crassos
795 2187 933 2246 transisse
956 2185 1018 2258 dies
1039 2183 1195 2264 lucemque
1218 2184 1395 2264 palustrem,

561 2285 597 2346 Et
619 2285 674 2346 sibi
697 2287 754 2354 iam
776 2287 834 2347 seri
857 2289 944 2348 vitam
968 2289 1139 2365 ingemuere
1161 2286 1302 2364 relictam.

259 2461 263 2468 Ι
291 2389 437 2466 §.rabrgo
460 2387 642 2457 dubitamus,
666 2405 731 2466 quae
752 2396 794 2450 tot
816 2387 988 2450 morborum
1010 2407 1111 2449 caussa
1134 2390 1359 2459 Germanum,
1383 2407 1450 2450 oum
1475 2387 1624 2450 memineri-

360 2508 425 2552 mus
446 2490 543 2551 adbno
565 2507 632 2553 oum
654 2488 704 2550 illo
728 2487 797 2550 luxu
826 2490 878 2550 bas
906 2491 1044 2552 invasisse
1073 2507 1231 2568 corporum
1261 2490 1375 2553 clades:
1405 2493 1463 2552 iam
1495 2493 1567 2562 enirn
1593 2491 1648 2548 tan

360 2609 474 2668 ganeae,
498 2593 534 2652 ita
559 2591 667 2652 delitiis
688 2591 839 2652 studemus
862 2591 923 2661 bio,
947 2599 980 2652 ut
1001 2593 1151 2662 videamur
1173 2593 1255 2670 quasi
1270 2595 1422 2675 proposito
1436 2595 1624 2672 praemiorum

292 2706 350 2755 tte
363 2693 425 2756 aliis
448 2701 530 2754 extra
552 2692 669 2772 populis
690 2694 727 2754 de
749 2695 875 2772 turpiter
898 2693 1010 2754 vivendi
1031 2695 1197 2773 principatu
1214 2694 1400 2756 contendere.
1439 2694 1624 2771 babemusque

361 2796 438 2856 bane
460 2814 494 2856 an
517 2813 579 2856 rem
602 2813 660 2856 non
684 2795 833 2872 imperitos
855 2795 1181 2874 qnosdom'ministros:
1210 2794 1240 2857 bi
1269 2815 1303 2856 en
1327 2795 1435 2856 ultimis
1459 2799 1546 2858 terris
1566 2812 1624 2854 eon·

363 2898 467 2976 quisita
490 2896 525 2956 ad
548 2915 602 2956 nos
623 2895 704 2972 gnlre·
721 2899 900 2958 irritamenta
923 2896 1104 2964 convehunt;
1133 2896 1163 2966 lri
1191 2897 1268 2976 quod
1300 2897 1420 2958 edemus
1447 2905 1537 2975 atque
1558 2896 1624 2958 biba·

293 3015 426 3063 nmmus
448 3005 477 3058 et
504 3017 561 3076 quo
592 2999 763 3068 vestiamur,
791 2999 866 3059 miro
894 2999 989 3059 studio
1017 3016 1142 3076 peregre
1169 3001 1337 3076 important.
1382 2997 1467 3068 Quod
1497 3017 1562 3060 enm
1585 2997 1648 3056 dine

358 3091 416 3160 lani
439 3116 546 3177 magno
568 3117 636 3170 suo,
665 3107 698 3160 ut
720 3097 803 3180 prius
825 3100 897 3169 dini,
927 3101 1082 3162 commodo
1105 3101 1242 3170 iecerint,
1271 3099 1344 3162 adeo
1368 3101 1512 3179 quosdam
1533 3099 1624 3161 delim-

359 3210 404 3263 tos
425 3202 631 3271 reddiderunt,
655 3209 687 3262 nt.
709 3202 757 3262 bio
780 3205 908 3263 virentes
923 3201 1075 3262 Cursieum
1099 3201 1212 3272 bibant,
1238 3211 1267 3262 et
1288 3201 1326 3263 ab
1349 3201 1427 3262 ltalis
1449 3206 1538 3280 petita
1559 3200 1623 3260 riba·

291 3458 416 3520 tantine
428 3456 468 3520 ben
481 3470 529 3508 nne
541 3455 704 3520 eruedinum
723 3455 811 3519 [priten
830 3459 944 3519 terebri,
963 3451 996 3508 ori
1016 3456 1039 3518 [ο
1063 3455 1216 3518 iremberto
1240 3455 1322 3520 noim
1339 3459 1419 3508 tenter
1436 3455 1525 3522 turm,
1541 3465 1581 3508 ren
1595 3454 1625 3504 tir

291 3547 351 3595 §.tt
362 3551 439 3593 untur
452 3544 489 3592 ote
502 3540 669 3602 bursentinus
681 3541 731 3606 [ont
744 3553 798 3603 mag
816 3539 858 3600 [in
877 3540 985 3604 ieiunia)
1003 3543 1084 3592 reneri
1103 3547 1150 3593 nub
1169 3541 1215 3593 urit
1233 3541 1309 3592 cirini
1325 3542 1424 3605 bingen.
1460 3539 1504 3605 jd
1521 3542 1582 3605 [neri
1595 3539 1627 3588 iit

358 3627 431 3680 atriu
449 3625 529 3677 tebrae
544 3625 582 3677 bie
600 3623 677 3688 uentu
695 3625 774 3687 leben,
793 3625 847 3677 uber
863 3626 902 3677 nie
918 3620 1086 3686 idirrmllm
1104 3625 1144 3677 nit
1162 3627 1207 3677 mir
1224 3623 1256 3689 [ir
1274 3625 1323 3677 irbi
1339 3633 1384 3678 ben
1403 3625 1427 3686 [r
1445 3625 1480 3688 [ir
1496 3626 1548 3689 uait
1566 3620 1649 3676 briain

291 3707 309 3756 l·
322 3711 349 3750 ¹⁹·
360 3717 451 3764 nerito
469 3713 508 3761 ota
525 3715 573 3760 ion
591 3714 667 3763 nerii
685 3709 718 3773 [ie
734 3710 780 3772 erit
799 3710 859 3761 inni
877 3710 922 3762 noir
940 3709 972 3772 tie
989 3714 1096 3763 normate
1107 3709 1181 3773 nereio
1194 3710 1276 3773 boten.
1312 3708 1370 3762 wir
1388 3711 1463 3773 [einer
1477 3713 1505 3763 tn
1518 3709 1624 3771 nutriti

427 3947 436 3978 ³
456 3947 554 3998 crudus
573 3949 674 3996 mete
732 3943 899 4010 Hieronymi
919 3946 980 3996 adv⁴
994 3947 1129 3998 lovinion.
1143 3947 1179 3996 ΙΙ.
1197 3945 1233 3996 ll.
1287 3946 1296 3977 ⁴
1316 3948 1402 4012 frigus
1416 3955 1450 3998 ‚et
1469 3946 1623 3998 rameseiae

359 4033 425 4097 pliei
444 4034 546 4083 vestitu
566 4037 594 4082 et
612 4029 674 4081 cibo
693 4047 717 4079 e.
735 4047 761 4096 p.
780 4031 888 4080 Hieron.
940 4029 1126 4080 ennaxerxee
1144 4032 1202 4080 edd.
1220 4045 1313 4082 omnes.
1349 4029 1490 4083 Plutus-ela.
1511 4027 1624 4096 apopbtle

360 4116 439 4180 pet
454 4113 803 4180 (en.itetsk.v1.p.nde.)
820 4107 1010 4180 Ἀρταξέρξης,
1034 4105 1048 4165 ὁ
1072 4106 1173 4166 τούτου
1198 4112 1275 4180 [Cyri
1292 4114 1415 4181 minoris]
1432 4109 1486 4181 plu
1502 4105 1623 4176 altripio
1700 4157 1701 4170 ,

360 4193 492 4264 Μνήμων
510 4195 541 4252 δὲ
560 4192 736 4264 κοινούμενος
811 4191 841 4249 ἐν
860 4191 892 4248 dl
910 4197 988 4266 φυγῇ
1005 4216 1060 4250 rave
1079 4199 1129 4267 τῆς
1146 4194 1306 4268 οῑποονεοῆρ
1323 4190 1414 4252 αὑτοῦ
1430 4195 1624 4266 διορναρείης

361 4277 433 4349 ξηροὶ
452 4283 524 4335 σῦκα
542 4277 717 4350 καταφαγών
733 4281 783 4334 noel
800 4281 936 4347 κρίθινον
953 4271 1055 4348 ἄρτον·
1076 4282 1158 4346 Oion,
1179 4277 1269 4349 εἷπον,
1287 4275 1398 4352 ἡδονῆς
1415 4276 1534 4350 ἄπειρος
1551 4275 1623 4349 ἥμην-

361 4367 381 4400 ¹²
400 4383 561 4432 quamquam
578 4375 605 4422 2.
662 4366 713 4402 ¹³⁴⁸
730 4366 817 4434 Pers]
837 4373 888 4418 snt.
902 4367 934 4418 V.
947 4367 989 4420 59.
1003 4384 1060 4434 sqq,
1080 4369 1189 4420 Persius
1207 4385 1247 4420 vs.
1261 4369 1302 4421 58.
1314 4374 1339 4422 8.
1390 4370 1425 4433 ,¹¹
1444 4383 1529 4422 eausa
1546 4367 1622 4419 Mi·
1700 4413 1701 4428 ,

361 4455 434 4502 8.10.
486 4451 506 4486 ²¹
526 4469 618 4518 genere
636 4458 660 4505 2.
713 4453 822 4504 deliciis
839 4454 913 4504 ΜΟ.
964 4450 1395 4520 ”hilmereatures,1⁴*uggeri.
1445 4454 1467 4488 ¹²
1484 4445 1622 4510 Cursionml
1700 4491 1701 4550 g

361 4537 537 4588 Corsicanum
555 4539 660 4602 riuum,
684 4539 757 4590 inter
773 4539 878 4603 optima.
897 4543 961 4588 tune
978 4537 1114 4597 habitum,
1138 4539 1230 4600 etiam,
1250 4539 1284 4588 ad
1301 4551 1383 4603 quem
1401 4537 1427 4590 lr.
1446 4537 1463 4588 l.
1481 4537 1622 4602 respicitur·
1700 4553 1701 4642 g

361 4621 510 4674 cardinalis
533 4621 681 4676 caietanus
702 4625 732 4672 iu
753 4622 837 4672 Fabri
860 4623 882 4670 1.
906 4621 941 4672 od
970 4622 1133 4687 explendem
1161 4623 1294 4674 luxuriam
1317 4638 1395 4674 suom
1418 4623 1560 4688 efflagitet.
1587 4617 1621 4668 Cl.

362 4707 446 4756 etiam
464 4707 530 4772 Epp.
544 4707 576 4756 0.
590 4708 621 4756 V.
636 4708 674 4757 11.
685 4707 709 4756 5.
723 4706 763 4756 ot.
1170 4711 1172 4718 ’
