3410 5524
250 413 256 422 '
339 383 409 454 loo
434 410 556 448 EVTTBM
569 412 604 446 DE
618 409 668 446 nvn
682 411 790 446 conant
804 409 909 445 TVMAS
922 409 1041 445 nxnottn.
1055 407 1093 442 AD
1105 406 1272 443 anntntiln.
1285 406 1378 442 ΕΗΒΤι·
1397 408 1424 444 n.
1436 402 1471 442 25.
1484 407 1545 444 ΙΛῙ.
1560 401 1614 445 lili,

335 570 417 629 tinuo
440 565 532 628 oorrlis
554 566 626 626 meis
647 564 834 632 obversatur,
859 579 915 640 qua
938 579 985 624 me
1007 563 1133 640 primum
1148 560 1345 640 hospitalitate
1359 563 1484 626 induam
1498 562 1614 622 dommn

335 669 488 748 accepisti:
511 665 623 744 deinde
640 685 695 744 qua
719 666 924 744 praedicatione
947 663 1059 742 ¹quibus
1087 665 1187 724 amicis
1215 664 1441 732 commendasti;
1470 671 1614 744 postremo

336 791 392 851 qna
415 787 523 852 pompa
546 769 580 828 ad
605 767 749 828 Cmsarern
772 765 932 836 adduxisti;
957 764 1057 826 atille
1080 770 1129 826 tuo
1143 765 1291 825 'instinctu
1314 765 1350 825 ad
1373 784 1404 826 se
1428 764 1559 834 admisit,
1587 771 1616 824 ut

335 890 476 936 eoronam
499 869 641 950 poeticam
666 869 816 948 imposuit,
845 867 924 930 illam
947 869 993 929 aio
1016 885 1172 937 coronam,
1203 865 1281 927 illam
1303 865 1449 936 lauream,
1476 885 1565 946 mam
1587 872 1614 926 tu

336 983 403 1036 aute
419 973 498 1034 [lomi
512 981 578 1041 tuae,
596 979 732 1034 accurate
747 977 920 1034 contexente
936 976 964 1032 et
979 969 1140 1032 adornante
1155 967 1213 1030 lilia
1228 975 1277 1030 tua
1293 969 1471 1036 constantia,
1487 968 1633 1031 omnimo

335 1096 399 1156 qum
421 1077 574 1144 isticsunt
596 1072 761 1151 puellarum
784 1077 813 1132 et
834 1071 927 1132 lorma
949 1079 980 1132 ot
993 1071 1125 1132 moribus
1138 1071 1389 1148 praestmnissima,
1411 1083 1613 1148 apparaverat.

280 1179 454 1250 §.citarent
475 1178 528 1236 ista
551 1174 621 1236 mibi
644 1176 740 1236 animo
763 1191 798 1234 ac
819 1172 980 1234 diutissime
1002 1172 1172 1242 harebunt,
1196 1179 1260 1232 tarn
1288 1173 1355 1253 qnia
1383 1189 1437 1250 per
1458 1163 1492 1232 se
1514 1187 1614 1248 magna
1702 1249 1703 1264 χ

335 1282 403 1340 satis
426 1285 507 1348 sunt,
532 1295 618 1356 qnam
641 1251 707 1355 q⁹uia
731 1281 819 1353 auget
841 1293 889 1343 ea,
919 1273 998 1353 qnod
1020 1273 1087 1344 nbi,
1115 1273 1228 1362 ciritate
1250 1274 1360 1352 pariter
1387 1291 1422 1334 ac
1449 1273 1555 1335 ordine
1576 1273 1615 1360 di·
1702 1265 1703 1338 l

281 1399 436 1448 navemn.
470 1385 590 1459 accepta
620 1377 727 1438 resero.
773 1375 857 1446 Quod
885 1373 936 1438 ubl
963 1377 1074 1455 cogito,
1110 1381 1139 1443 et
1166 1375 1232 1455 quia
1261 1374 1297 1436 ab
1326 1377 1444 1438 ineunte
1472 1383 1557 1436 aetate
1577 1377 1616 1434 sic

333 1485 420 1548 uitam
448 1480 574 1548 institui,
607 1487 640 1542 nt
657 1483 761 1557 'quam
795 1480 978 1557 gratissimus
1007 1495 1071 1544 esse
1098 1478 1232 1540 studeam
1263 1493 1332 1554 erga
1364 1495 1415 1538 eos
1442 1477 1644 1554 prostremo

335 1601 462 1662 quorum
485 1581 581 1660 aliqua
603 1583 632 1640 in
655 1599 703 1641 me
724 1579 903 1658 benignitas,
926 1581 1035 1642 nedum
1051 1578 1281 1648 benemeritam,
1303 1585 1455 1658 perspecta
1472 1579 1523 1648 sit,
1544 1596 1616 1638 uun·

335 1703 423 1764 quam
446 1684 547 1744 desino
570 1683 724 1758 magnilica
747 1689 826 1742 tuam
849 1683 878 1742 in
900 1701 947 1742 me
969 1680 1199 1743 benevolentiam
1223 1689 1330 1761 tuaque
1352 1683 1404 1740 ista
1420 1680 1525 1740 merita
1541 1697 1615 1740 com·

335 1804 511 1848 memorare.
557 1783 667 1872 Quodsi
689 1782 810 1843 molesta
834 1783 888 1844 init
908 1783 972 1844 haec
994 1782 1045 1842 tibi
1066 1783 1248 1843 taciturnitas
1269 1799 1349 1854 mea,
1372 1782 1407 1842 da
1430 1777 1545 1843 vediam
1560 1782 1616 1858 iugi

277 1907 322 1958 ns.
337 1887 459 1967 posthac
482 1886 633 1947 literarum
656 1886 793 1946 missione
816 1886 960 1946 resarcire
982 1885 1106 1962 paranti.
1152 1883 1187 1944 n
1208 1885 1265 1944 iam
1283 1885 1390 1964 quaeris
1405 1884 1495 1952 sorte,
1520 1902 1616 1962 quern·

334 1989 492 2050 admodum
515 2006 563 2048 me
585 1994 691 2048 tractet
718 1985 811 2048 aulica
841 1987 906 2047 vita.
950 1987 1085 2068 Nondum
1114 1989 1236 2065 optime;
1266 2003 1432 2065 quanquam
1460 1985 1532 2064 quid
1562 1997 1647 2044 nono
1702 2033 1703 2076 p

334 2090 487 2152 serendum
511 2096 555 2150 eat
577 2090 654 2168 apud
671 2107 738 2150 vere
752 2089 915 2168 principem
931 2087 1082 2150 Albertum
1099 2068 1369 2166 archiepiscopum,
1391 2089 1433 2148 sic
1448 2087 1617 2155 humanum,
1702 2099 1703 2136 l

333 2194 376 2253 sic
403 2192 570 2253 beneficum
600 2209 634 2251 ac
662 2190 829 2260 liberalem,
864 2190 1041 2269 demdesic
1069 2207 1138 2268 erga
1167 2188 1266 2268 literas
1295 2208 1329 2250 ac
1358 2188 1492 2250 literatos
1520 2207 1619 2249 omnes
1702 2157 1703 2246 l

233 2295 235 2302 “
335 2294 493 2355 allectum?
516 2291 623 2374 alioqui
646 2293 729 2353 valde
751 2294 803 2353 ista
825 2310 951 2362 nauseo,
974 2291 1079 2353 lastnm
1095 2290 1273 2360 aulicorum,
1296 2291 1450 2369 magnilica
1465 2293 1618 2370 promissa.

269 2420 323 2478 po,
336 2394 554 2475 sesquipedales
571 2394 787 2463 'salutationes,
822 2393 958 2454 insidiosa
992 2391 1136 2472 colloquia
1170 2401 1199 2453 et
1233 2385 1334 2454 inanes
1362 2393 1467 2454 inrnos.
1515 2393 1619 2454 Praeci·
1702 2387 1703 2462 l

333 2517 392 2577 pua
413 2489 512 2560 tamen
534 2497 607 2558 mibi
629 2496 812 2557 consuetudo
835 2501 879 2556 cst
900 2513 969 2556 cum
985 2495 1137 2562 Stromero
1151 2493 1285 2574 physico,
1309 2495 1388 2574 qarnd
1402 2514 1434 2555 se
1449 2496 1527 2556 mira
1543 2508 1648 2576 quae-o
1702 2503 1703 2576 ξ

336 2600 402 2660 dam
433 2597 528 2668 dedit,
562 2605 594 2658 ut
623 2598 696 2658 rnihi
722 2597 852 2667 videtur,
883 2598 959 2658 inter
987 2597 1140 2675 utriusque
1168 2615 1266 2658 mores
1293 2596 1466 2658 similitudo:
1498 2597 1617 2676 simplex

335 2709 394 2771 est,
418 2702 520 2761 dexter
543 2706 572 2760 et
593 2707 729 2778 apertus;
753 2699 953 2784 editionum,
982 2699 1141 2760 detestatur
1162 2715 1315 2778 pompam,
1345 2717 1378 2759 ac
1400 2697 1530 2760 subinde
1552 2698 1619 2759 mibi
1702 2699 1703 2760 f

335 2801 442 2862 crebro
465 2799 592 2862 inculcat
614 2801 747 2878 quadarn
770 2801 888 2877 adagim
911 2800 974 2879 ipse
996 2801 1120 2860 vicissim
1142 2818 1238 2872 meos,
1258 2800 1501 2880 quandoquidem
1518 2801 1619 2878 agnon

267 2903 439 2973 moialem,
463 2905 544 2962 iocos
557 2901 766 2964 ‘communicet
789 2920 857 2964 nam
880 2903 975 2962 statim
999 2900 1035 2962 ab
1057 2902 1139 2962 initio
1160 2909 1193 2962 ut
1214 2903 1244 2962 in
1266 2901 1361 2962 aulam
1383 2909 1525 2981 receptus
1546 2919 1618 2973 aum,
1702 2979 1703 2984 ἵ

333 3011 487 3084 perspecta
515 3004 641 3065 hominis
669 3003 816 3084 probitate
843 3003 997 3082 complecti
1027 3005 1103 3082 cepi
1130 3022 1165 3064 ac
1191 3021 1239 3064 me
1268 3001 1317 3064 ille
1345 3011 1457 3064 mutuo.
1509 3003 1647 3066 Verumn
1702 3043 1703 3072 2

333 3113 365 3165 tu
388 3105 457 3183 quid
480 3105 542 3182 agis
564 3105 666 3166 isthic?
689 3111 739 3165 aut
761 3105 876 3184 qnando
899 3103 970 3166 illud
993 3103 1078 3168 nobis
1100 3104 1178 3184 qamd
1194 3105 1242 3166 diu
1258 3106 1316 3166 iarn
1332 3107 1476 3185 parturis,
1501 3105 1618 3168 tandem

334 3207 431 3287 paris?
454 3208 484 3268 Si
506 3205 642 3285 intelligis
664 3205 783 3268 dilatum
806 3207 841 3266 iri
864 3213 1057 3278 conventum,
1081 3208 1199 3285 copiose
1222 3207 1319 3269 scribe
1341 3208 1377 3269 de
1400 3206 1500 3268 multis
1519 3207 1618 3276 rebus,
1702 3249 1703 3276 2

266 3311 498 3388 erepraesernm
522 3329 554 3370 ea
577 3324 642 3389 quim
664 3309 693 3370 in
717 3310 839 3368 erratica
856 3307 904 3368 illa
919 3308 1039 3386 epistola
1056 3311 1184 3378 inerant,
1207 3315 1317 3370 retexe.
1351 3310 1382 3370 Si
1397 3310 1517 3386 ignoras
1532 3312 1618 3377 enini,

335 3411 466 3472 nondum
489 3412 597 3490 accepi.
643 3409 791 3472 Salutabit
813 3429 848 3472 ex
871 3429 918 3472 me
940 3407 1080 3472 Iacobum
1103 3409 1220 3490 Spiegel
1247 3412 1456 3480 secretarium,
1486 3412 1564 3472 mire
1586 3412 1620 3470 de

333 3514 420 3576 nobis
447 3515 599 3583 meritum,
629 3527 686 3572 una
716 3527 783 3573 cum
810 3511 910 3573 Stablo
939 3512 1158 3586 mathematico,
1195 3532 1228 3574 ac
1254 3513 1297 3576 illi
1324 3512 1620 3575 me⁸commendabb

334 3617 465 3690 omniurn
493 3617 543 3694 qui
571 3631 694 3692 usquam
723 3621 791 3675 snnt
819 3615 1025 3693 episcoporum
1054 3615 1237 3684 doctissimo,
1265 3613 1354 3682 Petro
1382 3615 1519 3676 bonomo
1546 3616 1617 3679 Τετ-

271 3719 275 3724 ’
334 3719 461 3794 gestino,
490 3718 574 3778 cuins
601 3717 673 3778 mibi
702 3717 857 3778 amicitiam
887 3717 1055 3795 promisisti,
1092 3717 1203 3778 Gestlo
1220 3733 1272 3778 ros
1299 3716 1407 3778 videre.
1445 3717 1567 3778 Interim
1590 3725 1618 3778 tn

334 3835 451 3897 qnotpre
473 3825 553 3878 recte
575 3817 648 3880 valo.
686 3816 842 3895 llloguntia.
880 3813 952 3878 Vlll.
969 3815 1067 3878 Galen.
1085 3819 1168 3879 lunii.
1196 3819 1281 3880 Anno
1297 3824 1363 3897 post
1377 3817 1414 3880 ll.
1432 3839 1467 3879 ac
1484 3819 1617 3880 lililllll.
