3468 5512
599 891 640 942 Ad
658 889 712 943 vol.
725 891 790 942 1111.
804 905 868 958 pag.
881 889 939 941 uel.
953 905 994 955 sq¹

209 1029 332 1090 ,Exime‚
351 1026 453 1090 lector,
474 1027 621 1094 epistulam
640 1043 673 1078 ex
685 1027 875 1090 Huttenisnis,
896 1026 993 1092 quibus
1005 1025 1106 1076 eximis
1120 1025 1207 1078 falsus
1220 1043 1280 1076 esm
1294 1025 1438 1092 adscripsi,

153 1119 183 1163 et
201 1112 297 1178 relege
315 1112 351 1164 cd
368 1111 587 1177 Hngobsldinss.
621 1112 679 1178 Ipsi
696 1111 777 1173 mihi,
974 1097 977 1104 ⁴

457 1197 536 1260 Quod
553 1198 607 1248 nisi
624 1197 721 1248 delicti
739 1211 803 1262 pers
822 1196 989 1247 excusabilis
1008 1201 1095 1259 esset,

271 1343 273 1348 ,
508 1283 599 1333 Perus
616 1281 737 1347 relegari
754 1297 843 1346 poene
861 1281 955 1330 future
972 1281 1035 1330 fuit.

152 1367 351 1420 Praefstionsm
371 1367 406 1418 sd
422 1367 538 1418 Lntheri
555 1366 654 1417 librum
673 1372 769 1417 contra
787 1365 956 1416 Ambrosium
976 1364 1155 1415 Cethsrinnm
1172 1380 1226 1416 non
1244 1364 1354 1416 Ulricus
1373 1365 1440 1416 llut-

154 1459 250 1516 tenus,
275 1453 324 1504 sed
342 1451 453 1502 Ulricus
472 1451 641 1522 Hugwsldus
659 1452 781 1517 scripsit.
818 1453 890 1500 Sene
909 1451 985 1500 miris
1003 1448 1126 1500 isllneiis
1145 1448 1231 1499 eludit
1253 1465 1294 1498 mc
1318 1449 1438 1509 fortune,

155 1553 216 1588 cum
235 1537 302 1589 mihi
320 1552 401 1588 manu
420 1537 552 1602 scriptum
570 1536 637 1586 illud
656 1536 819 1586 Lntheriani
838 1535 902 1586 libri
921 1533 1085 1600 exemplum,
1107 1549 1121 1584 e
1140 1549 1191 1598 quo
1210 1533 1281 1584 hene
1300 1535 1439 1598 praefatio·

155 1615 218 1674 uem
236 1623 324 1684 edidi,
345 1627 374 1672 nt
392 1637 472 1686 quem
491 1627 570 1686 grato
588 1621 789 1687 suppeditaret:
814 1636 877 1670 nem
896 1621 941 1684 qni
959 1635 1013 1670 non
1031 1633 1145 1683 superer
1163 1619 1345 1669 credulitate?
1368 1634 1439 1670 nunc

155 1722 278 1773 quoqne,
298 1711 442 1772 postquem
461 1707 533 1771 ‘Ipse
551 1705 599 1756 sed
617 1706 668 1772 hoc
687 1695 762 1766 vidi',
782 1705 931 1756 Huttenum
948 1705 1122 1770 praetstionis
1141 1709 1280 1754 auctorem
1298 1719 1351 1754 non
1369 1719 1440 1766 esse,

154 1794 202 1844 vix
226 1793 315 1856 magis
334 1792 494 1843 Hnttenicse
516 1791 661 1856 scriptioni
686 1790 812 1841 adsimile
836 1791 980 1856 quicquum
1004 1805 1047 1839 me
1071 1789 1172 1854 legisse
1195 1789 1295 1840 lsteor.
1331 1789 1366 1840 sd
1388 1790 1441 1839 boe

155 1892 238 1928 cesus
257 1877 365 1941 quidem
384 1874 653 1938 fraudulentissimus
671 1875 748 1940 (nolo
769 1877 840 1926 enim
858 1874 994 1940 suspicari
1013 1889 1030 1923 a
1047 1873 1152 1923 sciente
1171 1873 1357 1939 prudenteque
1376 1889 1440 1952 qno·

155 1963 220 2014 dnm
237 1962 327 2027 priore
345 1961 421 2023 libri,
447 1961 494 2026 qui
512 1975 583 2011 nunc
601 1975 677 2023 meus
696 1965 751 2022 est,
775 1960 883 2012 domino
902 1961 1007 2009 sectum
1025 1958 1053 2008 id
1072 1972 1147 2019 esse,
1172 1957 1217 2022 qni
1235 1959 1259 2008 si
1276 1959 1406 2020 fecisset,
1426 1975 1441 2009 s

68 2047 77 2056 '
155 2047 220 2113 lege
239 2045 370 2098 Cornelis
387 2046 479 2112 puniri
496 2045 622 2110 deberet)
649 2045 754 2104 effecit,
778 2049 809 2094 ut
830 2044 859 2094 in
882 2045 992 2094 nomine
1008 2043 1064 2106 fluo
1089 2042 1203 2094 inferior
1224 2043 1359 2112 litteren
1377 2058 1442 2108 pers

156 2133 199 2182 its
216 2131 388 2194 crederetur,
415 2135 444 2181 ut
463 2136 558 2196 aperte
577 2145 650 2180 nunc
672 2139 694 2182 tt
713 2145 773 2180 esse
791 2129 939 2180 videretur.
975 2129 1010 2178 At
1033 2142 1110 2191 vero,
1135 2133 1240 2192 qureret
1258 2129 1372 2194 uliquis,
1396 2130 1443 2194 qui

155 2217 213 2268 scis
231 2231 304 2267 nunc
322 2217 393 2281 quod
412 2221 477 2268 ente
495 2215 568 2266 hunc
587 2231 699 2272 annum,
718 2230 778 2264 cum
796 2213 987 2279 praelationem
1006 2212 1114 2274 ederes,
1133 2212 1217 2278 plens
1235 2214 1388 2279 ignorasti?
1409 2215 1442 2264 In

156 2301 260 2368 pluteis
277 2299 454 2352 bibliothecis
472 2315 536 2350 vere
555 2301 640 2365 regies
658 2298 864 2351 Monechieusis
881 2298 989 2364 repperi
1006 2298 1147 2362 superiore
1166 2303 1294 2350 sutumno
1311 2299 1385 2350 inter
1401 2299 1442 2350 di-

155 2400 240 2437 verse
256 2385 421 2438 Lutherisni
438 2385 527 2436 libelli
545 2385 670 2450 exempla
682 2385 764 2434 unum
777 2383 857 2438 illene
865 2383 1057 2449 praetstionem
1070 2382 1201 2433 exhibens
1213 2385 1255 2434 sic
1266 2385 1441 2466 inscriptem:

494 2469 655 2523 LECTORI
672 2470 729 2520 VL.
748 2468 834 2518 HVG.
853 2467 1112 2520 FELICITATEM.
1186 2511 1190 2520 .
1438 2517 1445 2534 ,

156 2553 278 2604 Primum
297 2569 351 2606 nou
369 2555 497 2606 dubitavi
516 2569 659 2622 opernrum
678 2569 768 2604 errore
787 2553 868 2603 istem
887 2552 919 2600 G.
932 2566 981 2616 pro
993 2557 1025 2601 tt.
1044 2553 1162 2616 positam
1181 2567 1249 2612 esse,
1269 2559 1377 2604 etcum
1396 2554 1442 2604 do-

157 2654 230 2688 mum
253 2653 381 2690 reuersus
405 2639 557 2705 exemplum
576 2638 770 2690 liberalissime
790 2637 929 2687 commodo
949 2637 1014 2686 milri
1033 2637 1126 2686 dutum
1144 2641 1363 2706 pervestigsrem
1380 2639 1442 2690 dili·

157 2725 282 2790 gentius,
308 2724 337 2774 in
358 2723 411 2776 fine
438 2726 568 2790 conspexi
593 2740 648 2776 uon
666 2722 862 2789 sine,quodem
884 2722 982 2772 rubore
999 2721 1154 2786 gaudioque
1173 2737 1234 2772 curn
1253 2723 1443 2790 indignstione

159 2809 297 2860 conmixto
314 2808 387 2860 hanc
406 2809 567 2876 epistulam:

415 2894 582 2946 ANDREAS
600 2895 782 2946 Blltl-DERVS
799 2893 926 2944 lOANNI
944 2891 1089 2942 PETERO
1108 2892 1184 2943 SVO.

157 2977 344 3041 nonnoso,
364 2980 498 3043 loannes,
518 2979 582 3030 libri
601 2977 664 3030 lunt
682 2979 825 3040 exurendi,
851 2976 1016 3042 testimonijs
1033 2975 1215 3045 scriptursru:
1239 2980 1293 3030 Hic
1312 2977 1353 3030 elt
1370 2981 1444 3046 ignis

158 3059 324 3114 Christianis
336 3063 443 3130 dignus.
467 3062 490 3113 O
506 3062 745 3116 inhumanissimos
758 3060 802 3116 oie
816 3079 882 3130 qnos
895 3063 954 3113 haec
967 3063 1137 3115 chominstio
1149 3079 1203 3114 non
1214 3065 1371 3128 exscerbct,
1384 3066 1445 3117 lunt
1461 3065 1465 3072 '

158 3152 231 3200 teme
254 3164 321 3214 quos
338 3149 384 3200 hic
402 3145 647 3200 christianissimus
666 3148 777 3216 spiritus
795 3148 911 3199 Lutheri
935 3147 1061 3210 offendit,
1087 3155 1144 3200 tem
1167 3149 1318 3214 deplorstae
1338 3147 1445 3202 scilieet

159 3234 314 3297 crecitctis,
337 3237 367 3284 nt
390 3238 425 3284 nb
449 3234 564 3286 uideant
587 3231 737 3300 pijll'imum
761 3233 819 3286 el'ie
843 3235 889 3299 qni
912 3232 1038 3282 ueritatis
1061 3248 1174 3298 regnum
1192 3231 1297 3284 nestori
1315 3233 1349 3284 sb
1367 3235 1443 3286 Anti·

159 3314 262 3369 christo
280 3315 518 3383 impetientilssme
537 3321 599 3370 sert.
636 3321 690 3369 Cur
712 3324 747 3370 ιιὸ
772 3315 1021 3384 l'pirituml'snctnm
1045 3323 1164 3380 arguunt
1182 3319 1273 3383 quiin
1296 3324 1356 3369 totu
1379 3317 1444 3370 leri-

158 3407 255 3468 pturs,
279 3404 309 3452 in
331 3403 381 3454 hos
404 3404 527 3455 latrones
545 3401 783 3455 uehementissime
802 3401 957 3452 inuehitur?
981 3399 1034 3450 Sed
1052 3398 1133 3464 lutis,
1156 3417 1218 3452 nsm
1238 3403 1334 3454 chsrti
1351 3420 1444 3456 eorum

160 3503 221 3552 quse
241 3492 332 3538 tecum
350 3487 425 3554 loqui
448 3491 545 3556 cupio,
569 3493 604 3546 no
629 3488 670 3539 el't
693 3504 790 3554 espsx.
826 3488 899 3549 Quis
923 3491 952 3534 tu
976 3486 1097 3550 quotidie
1122 3486 1187 3536 nrihi
1205 3502 1291 3538 novos
1308 3489 1395 3544 mittis
1413 3489 1445 3539 li-

160 3569 263 3634 bellos,
283 3574 362 3623 mitto
381 3589 432 3639 ego
450 3575 502 3625 tibi
519 3574 592 3624 hunc
610 3579 640 3624 ut
658 3571 800 3638 intelliges
818 3571 885 3621 mihi
904 3571 1023 3620 animum
1042 3567 1099 3620 elle
1118 3573 1164 3636 qui
1178 3573 1273 3638 cupiat
1285 3574 1443 3639 rependere.

160 3657 296 3708 Proximoe
314 3657 454 3722 Hugusldi
472 3659 512 3709 tui
530 3659 628 3722 literis,
649 3673 716 3722 ques
735 3656 770 3707 ed
788 3673 830 3706 me
849 3655 933 3716 dedit,
953 3654 1065 3721 pulchre
1084 3657 1119 3705 nd
1130 3655 1276 3722 lectorem,
1295 3673 1349 3708 uno
1362 3664 1444 3726 etque

161 3741 250 3792 altero
262 3741 346 3792 verbo
360 3748 473 3807 mutato,
494 3727 629 3810 qusdrere
643 3739 709 3793 uil'm
723 3739 793 3804 lunt,
814 3757 898 3806 quere
912 3740 1012 3803 adieci,
1032 3740 1103 3805 qued
1116 3757 1168 3806 quo
1187 3745 1278 3793 animo
1297 3743 1379 3804 feret,
1398 3745 1444 3795 isc

161 3825 256 3878 sciam.
292 3827 324 3877 ln
341 3828 498 3894 imprimedo
516 3828 559 3879 hae
578 3826 745 3894 irrepserunt
763 3826 883 3888 mendae,
902 3825 931 3876 in
949 3824 1082 3892 Epiltolio
1100 3827 1241 3892 Hugunldi
1258 3827 1444 3880 consummare

159 3928 208 3978 pro
227 3910 384 3964 consumere
402 3911 600 3978 impressimus,
619 3913 641 3966 ds
660 3913 726 3964 folio
745 3913 780 3963 nb
798 3912 850 3963 ho'c
865 3908 952 3974 sexto,
973 3927 1060 3975 reum,
1080 3927 1142 3977 pro,
1162 3919 1280 3976 rectum,
1301 3914 1372 3965 clins
1390 3931 1452 3966 non*

160 3999 249 4050 minus
267 4003 410 4062 sccnrste,
430 3995 459 4064 (Β
478 4014 526 4050 uos
543 3996 724 4062 Bulidenses,
742 3998 795 4049 hoc
814 3994 855 4048 est
872 3994 1074 4063 diligetiltime‚
1093 3996 1284 4064 imprellimus.
1329 3999 1427 4052 Velefi

226 4083 389 4150 Exemplum
407 4082 472 4133 libri
491 4084 525 4135 de
544 4101 595 4151 quo
612 4083 749 4150 loquimur
765 4081 798 4132 48
817 4082 885 4134 lolia
902 4083 930 4132 in
949 4081 1000 4147 4⁰„
1023 4084 1135 4148 signeto
1152 4084 1239 4148 A...0,
1258 4084 1357 4146 hebet,
1376 4103 1445 4152 prse-

160 4167 294 4218 lotionem
314 4172 416 4237 sutem,
424 4169 453 4218 in
472 4184 571 4219 eversa
588 4169 670 4234 primi
689 4167 750 4218 folii
767 4169 879 4234 pagins,
899 4167 969 4232 qnod
987 4168 1016 4216 in
1034 4168 1124 4218 fronte
1143 4171 1184 4219 sic
1202 4170 1377 4222 inscribitur:

165 4255 236 4331 §ss
273 4252 321 4312 llll
343 4251 486 4334 Ll·lenvu
507 4275 609 4315 nxrnn
631 4273 784 4316 usorsrnu
802 4253 807 4336 l
826 4273 947 4319 uosnnr,
976 4273 1128 4316 usersrur
1149 4251 1308 4336 snlsnosn
1330 4245 1449 4318 cerus:

159 4355 240 4404 rum.
269 4335 273 4419 l
300 4336 875 4422 nnsuusonrse1nvslsumr>mnnsr1s
901 4337 905 4421 Ι
930 4358 1094 4420 conemur,
1119 4338 1294 4422 {Responsio
1312 4351 1445 4415 Martini!

159 4431 285 4481 Lutheri.
300 4431 305 4494 1
322 4431 379 4482 eun:
392 4432 510 4496 enpofinz
521 4432 805 4496 uifioneDanierie.vn·j.
826 4421 830 4506 Ι
849 4444 891 4484 nn
905 4443 1125 4490 eunronnrsro
1139 4422 1144 4508 Ι
1156 4437 1445 4500 ινιτιιιιιιιιιιιιιιι,ι

160 4513 254 4566 Mense
272 4515 352 4565 lulio.
388 4514 466 4576 (Hcec
483 4517 616 4580 inscriptio
634 4519 787 4568 ornamentis
809 4519 963 4567 circumdata
987 4509 1025 4566 est
1048 4533 1105 4582 quse
1122 4519 1210 4568 eudem
1232 4521 1308 4568 etiam
1325 4525 1350 4569 in
1369 4521 1444 4572 Bori-

159 4599 283 4649 leensibns
300 4614 335 4648 en:
348 4598 445 4668 Adoni·
452 4600 526 4648 Petri
542 4601 646 4663 officina
657 4619 681 4652 α,
696 4605 770 4654 1520.
787 4601 923 4666 publicatis
940 4602 1011 4652 libris
1023 4603 1225 4667 conspiciuntur}
1242 4605 1374 4667 infra-duo
1387 4609 1448 4658 nudi

157 4689 235 4750 pueri
248 4685 371 4747 ferculum
387 4691 522 4748 prestantes
535 4688 749 4751 propredinntnr,
774 4691 815 4737 cni
831 4690 855 4736 in
873 4693 944 4736 eunte
966 4691 1031 4750 pelle
1055 4687 1115 4738 tuba
1136 4703 1230 4738 sonans
1251 4692 1345 4742 insidet
1367 4693 1447 4741 nudus

158 4785 234 4834 perer:
252 4755 364 4818 durr’nls'i
380 4775 404 4818 in
423 4777 529 4836 utroque
547 4775 637 4836 nnpulu
656 4772 780 4822 arrrbesnn
798 4775 1048 4840 nuntiarentque
1067 4778 1132 4850 Intres
1145 4777 1328 4824 adscendentis
1339 4777 1446 4839 tenent.)
