3464 5526
336 395 384 466 36
476 423 598 460 ttvrrttrtr
617 424 647 460 ΙΙ
665 404 758 460 Dvctrlt
776 421 1054 461 WIBTENPEBGBKBH
1072 422 1176 458 ORATlO
1195 423 1226 458 11.
1250 421 1363 458 tttnt'tt'r.
1376 421 1403 457 Δ.
1418 415 1477 458 lbl'l·

334 587 394 642 tam
416 587 517 658 aperto
540 596 574 638 ac
597 580 731 640 confesso
753 579 834 638 istius
855 576 967 661 scelere
989 579 1179 656 persuasione
1201 577 1297 638 adhuc
1319 594 1370 639 ros
1392 578 1457 639 duci
1480 576 1619 643 coluisse.

335 689 385 743 aut
412 680 441 741 id
470 679 548 758 quod
576 681 748 760 iampridem
777 681 907 742 sensistis
934 679 1066 748 edicere,
1093 680 1179 740 unius
1208 679 1335 741 hominis
1363 679 1469 741 timore
1494 681 1619 740 tottam

335 784 444 848 morari
472 773 550 842 dies:
578 785 660 861 quasi
686 800 756 844 vero
788 781 888 842 timide
916 779 1033 842 soleatis
1061 781 1187 858 aequitati
1215 783 1399 860 prospicere,
1429 788 1480 842 aut
1500 771 1569 859 plns
1592 783 1621 841 iu

335 886 421 946 unius
442 883 569 946 hominis
590 885 719 964 potentia
741 892 836 945 metus
858 901 945 962 quam
967 885 996 943 iu
1016 883 1165 943 communi
1186 883 1397 944 existimatione
1416 901 1495 943 curae
1512 901 1548 944 ec
1562 882 1621 943 sol·

336 985 492 1048 licitudinis
512 984 658 1046 habeatis:
683 983 761 1063 quod
785 1003 841 1062 ego
864 1003 901 1045 na
924 986 1060 1063 suspicor
1080 984 1210 1064 quidem,
1234 1003 1330 1064 neque
1345 985 1509 1047 Germanus
1530 985 1646 1046 homos

232 1071 235 1076 ⁵
269 1088 501 1152 §.rt-Germbnos
522 1104 621 1154 mores
642 1089 779 1165 ignorare
801 1085 904 1148 debeo.
950 1086 1030 1148 Bene
1053 1094 1150 1148 autem
1172 1089 1286 1167 opinari
1312 1086 1348 1148 de
1376 1105 1411 1148 eo
1439 1090 1501 1148 sani
1524 1086 1621 1147 homi·

334 1209 387 1252 nes
411 1197 575 1270 nequeunt,
600 1190 649 1268 qui
670 1189 712 1248 sle
733 1187 829 1266 palam
852 1197 881 1249 et
903 1207 938 1248 ex
957 1189 1093 1249 confesso
1117 1196 1146 1250 et
1164 1188 1246 1250 avide
1270 1185 1441 1258 malmesb:
1469 1189 1520 1268 qui
1540 1187 1620 1250 nulla

335 1295 410 1354 inter
432 1292 614 1372 peccandum
636 1289 815 1369 poenitudine
839 1289 980 1361 substitit,
994 1287 995 1292 ’
1009 1290 1060 1351 scd
1087 1291 1170 1352 cuius
1191 1288 1298 1350 malitia
1326 1289 1419 1350 indies
1440 1298 1622 1367 ¹augetur'ac

335 1395 449 1456 crescit.
488 1392 558 1472 quid
584 1394 672 1469 igitur
694 1398 786 1452 restat
806 1391 884 1452 aliud
906 1411 993 1470 quam
1017 1399 1048 1452 ut
1071 1393 1158 1452 istum
1178 1391 1260 1452 robis
1286 1391 1412 1453 ducendi
1438 1392 1539 1452 iudicii
1562 1397 1621 1452 ter-

335 1515 434 1558 rorem
459 1496 603 1557 eximam?
631 1494 708 1572 quod
732 1513 800 1555 cum
819 1495 961 1563 effecero,
990 1501 1053 1554 tum
1080 1511 1128 1554 mc
1152 1511 1255 1554 omues
1282 1493 1446 1571 cupiditatis
1468 1511 1542 1554 meae
1564 1511 1620 1552 uu
1608 1507 1653 1550 to

337 1615 436 1660 meros
457 1595 621 1676 implevisse
649 1595 774 1676 putabo,
804 1598 900 1656 omnia
929 1602 1076 1657 saturasse
1104 1595 1270 1675 desyderia,
1303 1598 1421 1656 omnem
1450 1573 1621 1655 restituisse

268 1665 325 1761 lu
335 1701 421 1760 sitim.
462 1698 499 1758 Et
519 1699 650 1759 videmur
672 1715 732 1758 non
755 1699 879 1774 indigui,
908 1699 958 1775 qui
981 1699 1067 1759 etiam
1092 1700 1116 1760 si
1142 1696 1207 1761 talis
1229 1696 1326 1757 baec'
1319 1697 1422 1758 miuria
1445 1714 1505 1756 non
1533 1703 1620 1766 esset,

335 1803 449 1862 neella
473 1799 558 1860 nobis
580 1801 677 1861 omnia
706 1817 770 1878 quaa
796 1801 922 1877 petimus
944 1801 1054 1878 optimo
1084 1801 1148 1860 iure
1170 1798 1365 1870 deberentur,
1394 1805 1540 1859 vestram
1553 1814 1621 1874 erga

334 1920 389 1964 nos
411 1903 621 1980 benignitatem
651 1900 856 1962 deflectamus:
891 1919 925 1961 ea
952 1909 1020 1981 sunt
1046 1920 1080 1966 ex
1108 1901 1290 1962 Francorum
1318 1902 1434 1966 natione
1456 1902 1623 1962 Germaniae

334 2007 457 2076 dccora,
482 2023 531 2066 eas
552 2022 601 2064 res
623 2011 791 2082 gesseruut,
814 2004 856 2062 sic
874 2021 1060 2062 communem
1079 2003 1202 2080 patriam
1223 2009 1368 2064 auxerunt
1391 2009 1477 2080 atque
1496 2019 1620 2062 ornare·
1634 2011 1654 2049 ¹⁵

334 2115 404 2168 runt
426 2107 553 2168 maiores
572 2105 679 2172 nostri,
704 2110 735 2164 ut
757 2107 802 2163 rix
822 2102 926 2183 aliquis
945 2104 1051 2164 dixerit
1071 2103 1191 2166 alterius
1213 2104 1260 2165 hic
1281 2103 1382 2184 populi
1403 2102 1487 2182 plura
1510 2122 1577 2165 esse
1594 2105 1622 2163 iu

267 2227 324 2278 ers.
336 2225 495 2270 commune
514 2207 627 2268 merita.
669 2204 742 2280 Quis
764 2207 841 2266 euim
864 2223 899 2267 ex
915 2205 1068 2268 Germanis
1083 2205 1246 2266 Romanum
1269 2207 1423 2284 imperium
1441 2207 1559 2284 primus
1575 2223 1623 2266 ac·

334 2311 427 2388 cepit?
450 2327 556 2390 nempe
573 2307 694 2370 Carolus
716 2306 764 2369 ille
786 2309 834 2386 qui
858 2325 874 2368 a
897 2308 1094 2384 magnitudine
1116 2289 1381 2386 rerumgestarum
1398 2307 1495 2385 Magni
1513 2325 1623 2385 coguo-

333 2419 465 2474 meutnm
486 2410 618 2475 obtinuit.
660 2417 689 2470 at
716 2417 818 2471 noster
846 2408 898 2470 ille
926 2411 994 2478 luit,
1023 2428 1058 2470 ex
1080 2409 1250 2488 Pipinorum
1279 2411 1328 2488 qui
1350 2410 1383 2470 iu
1405 2407 1539 2470 Francos
1561 2415 1622 2468 tum

333 2513 511 2592 regnabant,
530 2513 621 2581 domo
645 2519 741 2581 ortus,
764 2529 896 2572 summus
919 2513 977 2581 vir,
1000 2527 1132 2572 summus
1153 2511 1330 2590 imperator,
1359 2517 1389 2570 et
1415 2527 1474 2588 quo
1506 2522 1653 2593 memo-²⁰

333 2617 406 2676 riam
430 2616 477 2676 sui
499 2613 585 2676 latius
607 2613 655 2674 llic
675 2630 762 2672 nemo
785 2612 921 2692 protulit:
952 2631 1017 2692 qum
1043 2613 1151 2672 etenim
1179 2631 1232 2691 per
1255 2619 1344 2674 totam
1366 2612 1514 2691 Europam
1541 2621 1623 2673 terra

266 2715 508 2786 eromoobabet
532 2715 628 2794 aliqua
651 2713 791 2793 praeclara
814 2716 897 2775 istius
917 2715 1113 2776 monimenta?
1135 2713 1227 2776 urbes
1246 2715 1383 2784 muniuit,
1405 2731 1489 2776 arces
1511 2716 1622 2793 posuit,

333 2819 439 2879 struxit
461 2823 579 2896 pontes,
603 2815 712 2896 templa
733 2823 831 2878 autem
854 2822 883 2877 ct
903 2833 1028 2878 numero
1052 2815 1137 2896 plura
1159 2824 1188 2878 et
1209 2818 1307 2895 operis
1330 2817 1544 2894 magnificentia
1570 2835 1623 2876 no·

277 2953 281 2963 ·
333 2918 436 2980 biliora
460 2935 536 2980 unus
558 2935 646 2998 quam
668 2920 862 2997 imperatores
883 2927 950 2980 aute
973 2938 1004 2980 se
1027 2937 1129 2980 omues
1153 2917 1358 2986 eruditiorum
1394 2935 1542 2995 nusquam
1575 2918 1623 2978 ille

333 3022 396 3084 sine
418 3019 590 3084 liberalitato
612 3040 647 3082 ac
668 3021 864 3109 munificentia
883 3020 1014 3091 divertit,
1037 3022 1116 3082 auxit
1138 3039 1172 3081 ac
1198 3018 1385 3098 locupletarit
1406 3019 1442 3080 ad
1466 3036 1543 3096 quos
1568 3039 1620 3099 ap·
1630 3033 1654 3074 u

238 3179 243 3187 .
333 3121 422 3200 pulit;
445 3121 572 3200 denique
593 3120 655 3183 aliis
670 3119 720 3183 alii
743 3124 871 3202 acceptis
892 3121 1041 3184 beneficiis
1059 3121 1191 3183 obstricti
1218 3111 1352 3190 luerunt,
1375 3114 1463 3183 buius
1483 3119 1624 3200 benigni-

331 3225 384 3284 tati
404 3223 565 3286 humanum
588 3240 681 3299 genus
703 3242 735 3286 se
756 3223 907 3301 obligarit;
932 3226 1047 3286 interim
1069 3230 1160 3285 totam
1182 3225 1368 3287 Germaniam
1393 3223 1523 3302 pacavit,
1555 3223 1623 3283 Bri·

331 3327 459 3388 tauuiam
475 3324 613 3396 subiecit,
636 3327 986 3403 Pannonascomposuit,
1010 3327 1164 3405 Hispanias
1183 3324 1333 3395 hostibus,
1357 3323 1467 3385 ltaliam
1485 3327 1624 3404 tyrannis

331 3428 479 3498 liberarit;
503 3428 590 3506 tregit
611 3430 665 3490 iste
688 3427 892 3490 validissimam
912 3436 982 3488 tunc
997 3427 1258 3507 Langobardorum
1274 3434 1406 3504 gentem,
1432 3406 1548 3488 domuit
1569 3429 1624 3488 Sa·

330 3547 470 3601 raecum,
495 3530 606 3592 Turcas
621 3535 700 3592 metu
720 3531 909 3608 compressit,
930 3531 1027 3592 Asiam
1043 3529 1238 3608 compescuit,
1261 3530 1421 3607 Aegyptum
1439 3546 1474 3588 ac
1488 3529 1657 3590 Africanam

330 3633 513 3694 ferocissimo
537 3632 692 3694 Christiani
711 3633 838 3692 nominis
859 3631 951 3698 hosti,
975 3632 1038 3708 ipso
1061 3649 1137 3692 caeso
1159 3649 1194 3690 ao
1215 3630 1369 3710 prolligcto
1394 3631 1520 3699 ademit:
1550 3631 1623 3694 Hie·

262 3755 321 3836 ιιι
331 3734 551 3814 rosolymorum
571 3733 675 3796 urbem
698 3734 837 3794 restituit:
860 3733 890 3792 iu
913 3749 1039 3809 quarum
1059 3751 1159 3793 rorum
1182 3732 1355 3794 memoriam
1374 3729 1500 3810 plurima
1523 3733 1624 3794 tribus

331 3835 412 3897 orbis
433 3836 566 3915 partibus
588 3835 717 3916 trophaea
741 3836 848 3896 erexit:
872 3841 901 3896 et
922 3834 985 3894 haec
1007 3833 1124 3913 quidem
1146 3833 1224 3895 illius
1244 3834 1333 3894 ductu
1348 3833 1531 3894 lraucorum
1556 3853 1622 3895 ma·

329 3939 406 3998 xime
428 3956 519 4029 opere
542 3939 645 3999 ellectu
668 3943 752 4004 suut,
774 3937 847 3998 adeo
870 3937 963 3996 utin
976 3935 1167 4014 truncusque
1188 3936 1265 3998 diem
1287 3953 1342 4015 per
1361 3937 1529 3996 universum
1551 3935 1622 3998 Sul-

328 4038 410 4098 tlrani
431 4056 556 4116 regnum
578 4056 638 4099 uno
660 4057 763 4100 onmes
778 4039 916 4099 Germani
937 4057 972 4100 oc
986 4036 1062 4100 Galli
1082 4039 1201 4098 nomine
1217 4038 1322 4103 Franci
1339 4043 1488 4100 vocentur.
1522 4055 1655 4117 porross

329 4139 409 4218 quod
423 4139 513 4202 Gallis
534 4140 593 4211 ille,
615 4139 772 4218 metuendo
788 4138 856 4203 olim
872 4139 1011 4200 Romanis
1026 4157 1093 4200 cum
1109 4140 1139 4198 in
1154 4139 1227 4201 llore
1243 4145 1342 4204 essent
1358 4139 1483 4220 populo,
1507 4157 1621 4210 nomen

329 4257 346 4300 a
367 4259 419 4302 sau
440 4245 630 4319 generatione
651 4237 805 4321 imposuit,
838 4247 869 4302 ut
890 4259 944 4322 pro
966 4240 1058 4304 Gallia
1080 4243 1247 4304 nominetur
1268 4241 1391 4304 Francia
1415 4241 1620 4312 occidentalis,

291 4383 295 4392 *
332 4393 533 4406 m*

398 4478 406 4512 ¹
425 4495 458 4531 ec
470 4484 501 4541 ¹1.
522 4486 549 4531 et
567 4497 635 4531 corr.
649 4487 678 4530 tt.
730 4478 820 4530 ⁸sani
838 4485 909 4532 omis.
923 4485 948 4530 t.
967 4482 1054 4532 addid.
1067 4486 1097 4530 tt.
1150 4479 1182 4512 Μ
1200 4495 1234 4531 ac
1253 4481 1362 4536 crescit.
1384 4481 1406 4530 1.
1430 4483 1457 4529 et
1477 4481 1620 4532 excrescit

328 4571 439 4618 coruli.
497 4563 519 4598 ¹⁰
536 4567 657 4616 blateras
676 4569 699 4615 1.
717 4581 743 4614 m
761 4570 872 4615 comtt.
927 4571 987 4630 port
1005 4565 1084 4630 plura
1101 4564 1396 4630 accommodandum
1424 4565 1620 4631 stbinoetegr'·

328 4651 376 4700 otte
394 4653 454 4706 edu.
468 4653 493 4700 2.
562 4647 585 4682 ²⁵
603 4665 636 4700 oe
654 4649 743 4702 loc.·1.·
763 4654 790 4700 et
807 4650 860 4702 loc.
874 4653 903 4702 11.
978 4647 1001 4682 ⁸¹
1018 4651 1047 4700 in
1064 4650 1137 4702 hunc
1154 4663 1240 4715 usque
1256 4645 1338 4715 diem]
1357 4649 1493 4716 Hodieque
1511 4653 1548 4700 tta
1565 4659 1618 4703 est.

327 4731 476 4790 “Sullani
493 4737 518 4785 2.
571 4730 593 4764 ⁸⁵
611 4748 645 4784 ec
664 4737 687 4783 t.
707 4737 781 4784 etti.
