3410 5524
99 453 199 492 LBOMS
212 449 239 488 Χ.
253 453 308 489 GVH
316 434 683 495 CARDIUALIBAEBA'I'OBIM·
692 431 904 488 CONSVLTURO
916 449 1132 489 nxssnocottrna
1143 450 1222 488 ΠΕΟ.
1233 448 1294 487 MC.
1313 421 1381 492 155

96 629 144 688 per
169 613 378 672 commoditates
405 609 562 675 bominum,
591 611 759 686 maximeque
787 611 873 674 aaut,
894 611 925 668 ad
954 629 1027 669 mare
1053 611 1184 674 devecta,
1213 618 1294 686 atqne
1321 612 1383 670 iude

97 697 179 756 tacite
200 698 234 754 ad
257 699 405 756 exercitum
426 703 622 774 comportate,
646 697 721 773 qnod
739 713 826 771 usqne
848 697 881 752 ad
904 695 981 754 littus
1003 697 1078 773 parvi
1096 696 1203 770 negocii
1219 697 1285 760 erit,
1309 715 1324 754 a
1332 697 1383 772 Jit·

97 793 156 842 tore
181 801 246 840 vero
269 783 304 840 ad¹
322 785 472 844 exercitum
494 782 637 860 quomodo'
655 789 714 840 tuto
737 781 794 839 beri
817 781 920 857 possit,
949 783 1002 840 erit
1026 797 1121 838 eornm
1144 782 1190 856 qui
1212 781 1240 838 in
1262 800 1291 838 re
1314 799 1384 858 praa-
1451 846 1454 852 ,

96 869 168 926 senti
193 868 296 926 inerint
316 865 487 926 deliberatio.
531 867 583 925 Sed
605 867 671 925 iliud
693 867 747 924 erit
767 866 929 930 curandum,
957 875 988 925 nt
1014 875 1179 925 mercatores
1208 867 1297 924 idonei
1319 883 1384 924 con·

75 955 246 1017 sonantur,
275 953 322 1029 qui
349 953 419 1010 bauo
444 953 611 1030 provinciam
639 950 847 1012 deferendorum
876 960 1072 1012 commeatuum
1094 969 1145 1027 pro
1168 952 1284 1008 honesto
1306 951 1383 1010 incro

96 1039 224 1114 sapiant,
247 1047 329 1114 atque
351 1039 391 1096 eis
413 1057 431 1114 p
465 1047 536 1096 est-as
559 1047 586 1098 et
607 1054 707 1096 nomen
730 1037 980 1096 Commissariorum
996 1057 1011 1095 a
1026 1037 1279 1095 iocorumdominis
1295 1037 1384 1101 detur,

96 1142 148 1198 quo
175 1125 279 1181 maiore
301 1125 446 1181 auctoritat
483 1125 622 1200 negociaxi
644 1133 672 1182 et
694 1123 794 1180 ibidem
815 1139 911 1181 curare
933 1123 1084 1182 necessaria
1106 1123 1221 1198 possint.

183 1243 219 1300 be
241 1243 348 1300 dnobus
370 1261 449 1308 vero,
471 1262 532 1320 quae
555 1243 723 1300 extrinsecus
744 1242 938 1302 consideranda
964 1243 1103 1306 duximus,
1134 1251 1239 1300 tentare
1268 1242 1385 1317 aliquem

98 1327 236 1386 infidelem
251 1321 416 1405 prinoipem,
433 1335 529 1405 utpote
546 1327 664 1404 Sopbin,
682 1329 715 1386 ad
730 1327 831 1386 bellum
846 1327 899 1386 hoc
913 1335 1008 1386 contra
1024 1327 1158 1392 Tlonrcas,
1182 1328 1282 1402 quibus
1297 1327 1385 1384 inimi·

68 1429 89 1472 io
97 1415 227 1472 sissimus
249 1430 310 1471 esse
330 1413 426 1480 debet,
455 1414 706 1472 communicandum
735 1414 807 1471 torte
829 1430 884 1470 uon
906 1421 980 1470 esset
1002 1412 1113 1476 inutile,
1137 1413 1190 1470 sed·
1205 1431 1260 1470 non
1283 1413 1315 1470 in
1332 1413 1385 1470 hoc

96 1517 195 1574 magne
218 1515 282 1573 spes
304 1516 319 1555 a
341 1499 436 1563 nobis,
458 1516 550 1557 verum
573 1499 600 1558 in
622 1498 674 1556 deo
689 1505 718 1556 et
732 1498 835 1556 viribus
850 1495 1029 1572 'consiliisque
1044 1497 1147 1556 nostris
1163 1506 1205 1556 est
1219 1496 1384 1556 collocanda.

181 1584 218 1640 be
239 1585 371 1648 divisione
392 1601 456 1642 voro
478 1601 573 1642 eornm
596 1602 658 1660 qum
679 1582 752 1641 bello
767 1584 944 1658 acquirentur
959 1584 999 1641 sic
1014 1584 1086 1642 inste
1101 1583 1235 1646 iacienda,
1259 1591 1290 1639 nt
1304 1599 1384 1640 nemo
1409 1605 1416 1628 ι

96 1669 232 1745 conqueri
253 1687 304 1726 uec
324 1669 521 1748 dissensionem
544 1685 666 1744 quaerere
695 1671 755 1728 inre
782 1669 885 1744 possit,
915 1669 1022 1727 videtur
1049 1686 1109 1726 esse
1137 1668 1385 1740 commodissimum

97 1755 148 1812 mm
173 1772 247 1812 nunc
275 1753 378 1812 iudices
401 1763 429 1812 et
450 1754 569 1812 arbitros
591 1749 677 1812 buius'
687 1753 829 1812 divisionis
843 1753 962 1829 eligere.
984 1761 1049 1828 puta
1065 1754 1214 1812 Romanum
1229 1753 1386 1828 pontificem

69 1850 125 1898 sset
145 1857 255 1898 uuum
280 1839 443 1914 collegium,
474 1849 521 1904 aut
548 1839 617 1898 alios
644 1838 823 1898 communiter
851 1857 867 1896 a
894 1839 1062 1915 principibus
1089 1837 1310 1902 constituendos.
1339 1839 1387 1914 qui

96 1925 225 1996 coniecto
247 1923 320 1982 bello
350 1924 468 1982 indicare
495 1924 625 1984 deberent
652 1925 798 1982 secundum
825 1924 959 1983 rationem
987 1923 1176 2001 proportionis
1205 1933 1331 1999 sumptus
1359 1932 1387 1981 et

96 2009 201 2070 laboris
224 2010 252 2066 iu
274 2009 327 2068 hoe
347 2007 448 2068 bellum
472 2009 602 2086 impensi,
633 2009 673 2068 vei
696 2008 748 2066 alia
765 2011 930 2084 prescripta
953 2018 981 2066 et
1008 2009 1041 2067 ab
1063 2009 1188 2066 omnibns
1211 2017 1320 2083 accepta
1343 2025 1385 2066 ra·

98 2094 189 2158 bone.
212 2112 330 2168 qnorum
352 2095 452 2153 iudicio
475 2089 570 2153 omnes
590 2104 662 2154 stare
683 2095 829 2160 deberent,
857 2094 908 2162 sub
936 2094 1024 2170 peonis
1046 2111 1128 2168 supra
1151 2094 1179 2150 iu
1201 2089 1315 2151 induciis
1337 2111 1385 2169 ap-

97 2181 212 2255 positis,
238 2178 279 2236 rel
300 2179 325 2236 si
347 2179 391 2236 illa
414 2188 507 2240 sancta
528 2180 737 2238 confraternitas
760 2179 846 2244 fieret,
869 2198 930 2254 quas
945 2174 1181 2254 recuperarentur,
1203 2179 1386 2236 communiter

62 2265 130 2322 'ooab
152 2282 186 2322 ea
207 2272 370 2323 tenerentur
391 2282 441 2340 pro
465 2265 592 2329 indiviso.
616 2275 760 2342 quousque
782 2283 833 2340 per
854 2265 967 2324 eandem
987 2263 1110 2340 deputati
1133 2262 1236 2322 iudices
1257 2261 1386 2321 determi-

97 2358 209 2408 narent:
233 2349 352 2408 dividere
373 2358 462 2408 autem
485 2369 530 2410 res
552 2359 615 2408 anto
635 2368 715 2426 quam
731 2359 816 2426 partae
832 2351 901 2414 siut,
925 2351 1118 2424 incongruum,
1142 2356 1169 2406 et
1190 2355 1286 2424 postea
1307 2347 1384 2418 tinito

97 2433 171 2494 bello
194 2435 229 2492 ad
250 2435 435 2492 dissensiones
463 2437 554 2495 venire
581 2435 781 2510 periculosum:
810 2436 863 2492 boc
890 2444 979 2494 autem
1007 2433 1087 2492 modo
1115 2434 1304 2508 unnsquisque
1333 2435 1385 2492 iam
1473 2499 1480 2514 Ι

97 2509 180 2578 sciret
203 2521 262 2577 iere
284 2520 350 2595 quid
372 2520 404 2578 ad
426 2537 456 2578 se
478 2529 621 2579 venturum
643 2529 731 2585 esset,
760 2529 788 2579 ot
809 2538 882 2578 nnnc
903 2537 1013 2596 operam
1035 2525 1197 2594 tempusque
1225 2519 1252 2574 in
1275 2518 1325 2589 liqc
1345 2519 1386 2576 di·

98 2606 201 2662 risioue
225 2603 374 2663 aitenamm
396 2605 482 2664 adhuc
504 2624 593 2664 rorum
615 2624 671 2664 uon
692 2613 856 2665 contereret.

67 2751 91 2791 ’ὦ
183 2741 321 2798 Hactenus
341 2749 443 2800 nostra
466 2750 529 2800 sunt
550 2743 578 2800 in
600 2741 716 2816 siugulis
736 2741 977 2818 capitibussnpra
1000 2739 1148 2816 propositis
1175 2738 1255 2796 dictae
1278 2747 1386 2798 senten·

99 2825 152 2882 tim.
189 2825 271 2884 Nunc
288 2827 409 2901 quedam
431 2835 564 2902 praeterea
585 2827 721 2885 addemus.
765 2827 793 2884 Si
816 2828 887 2886 euim
915 2825 973 2883 beri
1001 2833 1110 2901 posset,
1137 2833 1168 2881 nt
1190 2825 1335 2899 Hungariae
1357 2835 1385 2883 et

98 2909 223 2968 Poiouiae
244 2927 324 2986 reges
346 2913 447 2987 paratis
469 2913 632 2970 exercitibus
655 2911 787 2970 'thuscam
810 2929 842 2970 ex
864 2929 895 2969 ea
917 2920 995 2987 parte
1017 2911 1187 2972 invaderent,
1210 2927 1265 2966 uon
1281 2916 1322 2966 est
1336 2909 1385 2966 du-

99 2993 293 3078 binm,1quin
315 2995 429 3054 multum
452 2996 631 3072 proficeretur
645 2997 677 3055 ad
699 2997 799 3055 bellum
815 2997 1026 3055 conficiendum:
1049 3013 1162 3070 maguus
1183 2995 1256 3052 enim
1278 2994 1339 3052 iude
1371 3005 1453 3062 (pio.)

100 3087 191 3140 terror
212 3081 373 3140 iniiceretur
392 3074 481 3146 hosti,
509 3083 622 3158 eiusque
644 3083 714 3140 vires
742 3083 974 3140 distraherentur:
1009 3082 1102 3156 itaque
1129 3088 1193 3138 snut
1217 3077 1255 3136 ilii
1278 3080 1386 3155 quidem

71 3166 264 3224 stenhortaudi
286 3175 314 3223 et
335 3167 478 3231 incitandi,
501 3166 654 3243 auxiliaque
677 3167 731 3225 iilis
753 3168 855 3231 danda,
878 3167 925 3224 sed
948 3169 985 3224 ita
1008 3175 1039 3223 nt
1059 3167 1092 3224 de
1115 3183 1147 3223 eo
1170 3163 1292 3246 exercitq
1311 3165 1388 3223 etde

100 3269 131 3308 ea
153 3253 347 3328 apparatione,
370 3270 450 3326 qnam
471 3253 603 3318 diximus,
626 3252 827 3312 nihilomnino
851 3252 1039 3315 imminuatur,
1067 3251 1095 3308 in
1122 3250 1172 3308 bac
1194 3249 1265 3306 enim
1287 3267 1386 3308 noratis

101 3343 128 3392 et
150 3337 190 3394 vis
214 3345 242 3394 et
263 3353 327 3411 spes
349 3337 414 3394 belli
436 3355 466 3395 ac
487 3339 609 3399 victoria
631 3340 684 3395 sita
706 3346 763 3403 est,
793 3353 886 3395 verum
908 3337 932 3395 si
954 3337 1012 3394 sine
1033 3334 1115 3394 tinius
1137 3342 1283 3410 apparatus
1304 3335 1388 3392 detri-

101 3429 194 3482 mento
220 3423 344 3496 pecunia
372 3421 405 3479 ex
431 3423 560 3482 cruciatis
587 3433 616 3481 et
643 3423 755 3481 decimis
777 3423 810 3480 ab
833 3422 887 3480 iltis
910 3422 1037 3479 extremis
1060 3420 1216 3478 nationibus
1232 3419 1385 3493 Norvegiae,

101 3505 204 3570 baniae,
226 3503 348 3586 Saxonum
370 3506 425 3564 iliis
447 3507 564 3566 attribui
582 3515 711 3584 possent,
734 3508 833 3583 quibus
855 3508 1002 3564 exercitum
1025 3505 1145 3568 aierent,
1168 3511 1241 3562 esset
1261 3503 1288 3560 id
1303 3504 1386 3561 rebus

70 3592 207 3647 asnostris
229 3591 385 3650 adiumento
407 3609 516 3668 magno.
559 3592 623 3651 item
647 3593 670 3650 si
692 3603 794 3668 praeter
814 3610 877 3650 eum
899 3591 1060 3653 exercitum,
1084 3605 1162 3665 quem
1186 3603 1267 3662 supra
1283 3589 1385 3646 unitate
1447 3634 1451 3642 ,

101 3677 274 3734 coniunctum
297 3694 358 3734 esse
371 3676 527 3742 ‘voluimus
550 3686 624 3736 tanta
646 3679 778 3753 preterea
801 3676 916 3736 militum
931 3676 1009 3750 copia
1024 3684 1111 3738 esset,
1136 3683 1165 3731 nt
1179 3669 1304 3749 pluribus
1319 3673 1386 3730 iocis

102 3761 220 3836 impetus
242 3763 269 3818 in
291 3763 411 3820 bostium
434 3763 501 3821 fines
523 3761 596 3828 fieri,
624 3763 751 3838 presidia
772 3763 876 3822 crebris
898 3763 926 3818 iu
948 3760 1016 3818 locis
1038 3760 1146 3836 disponi
1167 3764 1297 3834 possent,
1326 3757 1387 3831 quis

103 3862 158 3902 non
181 3847 267 3904 videat
287 3847 341 3906 boc
363 3847 538 3907 utitissimum
560 3849 663 3906 nostris
686 3849 768 3906 rebus
790 3849 932 3906 futurum?
961 3846 1008 3903 sod
1031 3864 1062 3904 ea
1085 3855 1189 3903 mutum
1212 3852 1272 3919 qne
1295 3859 1387 3900 neces-

172 4111 361 4167 'commu
413 4114 555 4183 maximos]
573 4131 688 4184 magnos
701 4121 726 4168 3.
735 4120 760 4168 d.
818 4113 892 4182 indo]
911 4114 1009 4167 deinde
1024 4119 1050 4168 3.
1085 4112 1296 4166 'excercitum
1316 4127 1387 4163 com·

104 4203 212 4264 portare
224 4203 287 4252 2...s
325 4199 482 4266 'possete
516 4192 718 4254 ‘incusans
757 4201 941 4266 'majoresd
977 4198 1136 4266 ⁰Capituio
1154 4197 1311 4248 extrinseca
1329 4205 1388 4248 onte

104 4283 333 4338 Debobectt...⁴.
368 4284 541 4352 'Sophnmd
560 4285 704 4352 Sophimt.
722 4286 867 4352 Zophims.
902 4281 1271 4338 Turcaad.t..lmbetetinm5.
1308 4279 1388 4332 ¹'eic-

106 4369 274 4432 quirerentur
287 4373 361 4421 s...5.
418 4365 440 4401 ¹⁸
457 4369 655 4422 dissentionem
669 4374 694 4422 3.
714 4369 910 4422 deffensionem
921 4375 947 4422 5.
1003 4368 1074 4420 iuste
1088 4373 1113 4419 5.
1170 4365 1192 4402 ¹⁴
1203 4368 1268 4430 iam]
1282 4383 1346 4418 nam
1358 4375 1386 4419 A.

108 4449 277 4521 ¹‘deberentJ
290 4453 521 4507 haberentA.1.5.
567 4453 784 4522 proponamus.
832 4453 853 4488 ¹⁸
870 4453 1044 4522 indiciJ'sAJ.
1098 4453 1118 4486 ¹⁹
1135 4449 1344 4521 recuperatoris,
1358 4461 1388 4507 A.

105 4534 128 4567 ¹⁸
146 4551 261 4605 quosque
275 4541 328 4591 1.3.
372 4537 395 4572 ²²
411 4541 634 4594 discensioueso.
669 4539 911 4592 ²⁴couterreret3.
935 4540 1386 4591 rerumcontererenonoonveni-

107 4625 194 4674 reti.
215 4628 386 4676 conteram.
422 4623 672 4692 ”capitulis2...d.
708 4626 890 4692 suprapositis
904 4629 959 4676 M.
979 4625 1082 4677 dotano.
1117 4623 1386 4674 ’'Turcameta'amo.

106 4705 128 4738 ὓ
145 4709 311 4761 terrorinde
330 4713 354 4761 2.
390 4708 413 4742 ³⁰
431 4707 470 4778 et]
491 4716 573 4779 atque
587 4715 611 4762 2.
647 4707 670 4742 ³²
688 4707 734 4778 ac]
755 4715 783 4762 et
795 4714 820 4761 4.
856 4709 878 4742 ³³
898 4709 934 4778 et]
954 4712 1075 4778 actmp.
1116 4707 1385 4784 ⁸¹DooiaeA.1.d.5.

9 4829 11 4838 .
108 4791 237 4848 Dauos.
276 4794 300 4828 ⁸⁵
319 4784 420 4875 magno
439 4795 538 4851 odium
558 4799 632 4872 m„
673 4801 846 4862 supraema
886 4794 908 4829 ⁸⁸
925 4795 1003 4848 videt
1021 4800 1050 4846 et
1067 4797 1092 4844 2.
1101 4796 1128 4845 3.
