<?xml version="1.0" encoding="UTF-8"?>
<!DOCTYPE html PUBLIC "-//W3C//DTD XHTML 1.0 Transitional//EN"
    "http://www.w3.org/TR/xhtml1/DTD/xhtml1-transitional.dtd">
<html xmlns="http://www.w3.org/1999/xhtml" xml:lang="en" lang="en">
 <head>
  <title>
</title>
<meta http-equiv="Content-Type" content="text/html;charset=utf-8" />
  <meta name='ocr-system' content='tesseract 3.04.00' />
  <meta name='ocr-capabilities' content='ocr_page ocr_carea ocr_par ocr_line ocrx_word'/>
</head>
<body>
  <div class='ocr_page' id='page_1' title='image "./ulrichihuttenie12huttgoog_0256.png"; bbox 0 0 3382 5516; ppageno 0'>
   <div class='ocr_carea' id='block_1_1' title="bbox 195 417 1368 494">
    <p class='ocr_par' dir='ltr' id='par_1_1' title="bbox 195 417 1368 494">
     <span class='ocr_line' id='line_1_1' title="bbox 195 417 1368 494; baseline -0.003 0"><span class='ocrx_word' id='word_1_1' title='bbox 195 455 418 494; x_wconf 66' lang='grc' dir='ltr'><strong>ῦΟΙΙΙΙῙᾸΙΠΙ</strong></span> <span class='ocrx_word' id='word_1_2' title='bbox 431 455 467 492; x_wconf 72' lang='lat' dir='ltr'><strong>D!</strong></span> <span class='ocrx_word' id='word_1_3' title='bbox 479 455 594 493; x_wconf 72' lang='grc' dir='ltr'><strong>’ΠΙΟΙΟΙ</strong></span> <span class='ocrx_word' id='word_1_4' title='bbox 607 453 718 490; x_wconf 70' lang='lat' dir='ltr'><strong>mm!</strong></span> <span class='ocrx_word' id='word_1_5' title='bbox 731 451 953 490; x_wconf 67' lang='grc' dir='ltr'><strong>ΟΟΗΙΤΙΤῊΙΟΙΙ</strong></span> <span class='ocrx_word' id='word_1_6' title='bbox 966 450 1003 488; x_wconf 72' lang='grc' dir='ltr'><strong>ΑΒ</strong></span> <span class='ocrx_word' id='word_1_7' title='bbox 1014 449 1226 488; x_wconf 63' lang='lat' dir='ltr'><strong>nimbum</strong></span> <span class='ocrx_word' id='word_1_8' title='bbox 1239 450 1258 486; x_wconf 82' lang='lat'><strong>1·</strong></span> <span class='ocrx_word' id='word_1_9' title='bbox 1295 417 1368 490; x_wconf 76' lang='grc'><strong>235</strong></span> 
     </span>
    </p>
   </div>
   <div class='ocr_carea' id='block_1_2' title="bbox 5 597 1440 4680">
    <p class='ocr_par' dir='ltr' id='par_1_2' title="bbox 87 597 1370 691">
     <span class='ocr_line' id='line_1_2' title="bbox 87 597 1370 691; baseline -0.002 -17"><span class='ocrx_word' id='word_1_10' title='bbox 87 615 189 691; x_wconf 87' lang='lat' dir='ltr'><strong>eligunt</strong></span> <span class='ocrx_word' id='word_1_11' title='bbox 215 614 306 674; x_wconf 91' lang='lat' dir='ltr'><strong>lecum</strong></span> <span class='ocrx_word' id='word_1_12' title='bbox 334 613 468 690; x_wconf 78' lang='lat' dir='ltr'>aptiorem</span> <span class='ocrx_word' id='word_1_13' title='bbox 496 631 548 688; x_wconf 92' lang='lat' dir='ltr'><strong>pre</strong></span> <span class='ocrx_word' id='word_1_14' title='bbox 574 597 686 677; x_wconf 78' lang='lat' dir='ltr'><strong>castris,</strong></span> <span class='ocrx_word' id='word_1_15' title='bbox 716 613 763 688; x_wconf 92' lang='lat' dir='ltr'><strong>qui</strong></span> <span class='ocrx_word' id='word_1_16' title='bbox 791 619 867 670; x_wconf 92' lang='lat' dir='ltr'><strong>tutus</strong></span> <span class='ocrx_word' id='word_1_17' title='bbox 894 612 931 670; x_wconf 90' lang='lat' dir='ltr'><strong>sit</strong></span> <span class='ocrx_word' id='word_1_18' title='bbox 959 610 993 670; x_wconf 85' lang='lat' dir='ltr'><strong>ab</strong></span> <span class='ocrx_word' id='word_1_19' title='bbox 1013 611 1087 670; x_wconf 91' lang='lat' dir='ltr'><strong>omni</strong></span> <span class='ocrx_word' id='word_1_20' title='bbox 1111 610 1213 686; x_wconf 90' lang='lat' dir='ltr'><strong>impetu</strong></span> <span class='ocrx_word' id='word_1_21' title='bbox 1240 609 1370 673; x_wconf 87' lang='lat' dir='ltr'><strong>hostium.</strong></span> 
     </span>
    </p>

    <p class='ocr_par' dir='ltr' id='par_1_3' title="bbox 86 693 1437 943">
     <span class='ocr_line' id='line_1_3' title="bbox 86 693 1371 776; baseline -0.005 -18"><span class='ocrx_word' id='word_1_22' title='bbox 86 719 116 758; x_wconf 85' lang='lat' dir='ltr'><strong>er</strong></span> <span class='ocrx_word' id='word_1_23' title='bbox 137 714 192 776; x_wconf 88' lang='lat' dir='ltr'><strong>qne</strong></span> <span class='ocrx_word' id='word_1_24' title='bbox 215 700 249 757; x_wconf 89' lang='lat' dir='ltr'><strong>de</strong></span> <span class='ocrx_word' id='word_1_25' title='bbox 272 697 344 756; x_wconf 76' lang='lat' dir='ltr'><strong>lucili</strong></span> <span class='ocrx_word' id='word_1_26' title='bbox 366 699 461 756; x_wconf 89' lang='lat' dir='ltr'><strong>hostes</strong></span> <span class='ocrx_word' id='word_1_27' title='bbox 483 715 639 773; x_wconf 80' lang='lat' dir='ltr'><strong>expugnem</strong></span> <span class='ocrx_word' id='word_1_28' title='bbox 662 699 778 773; x_wconf 76' lang='lat' dir='ltr'><strong>possint.</strong></span> <span class='ocrx_word' id='word_1_29' title='bbox 815 697 922 772; x_wconf 88' lang='lat' dir='ltr'><strong>eligunt</strong></span> <span class='ocrx_word' id='word_1_30' title='bbox 949 697 1042 772; x_wconf 85' lang='lat' dir='ltr'><strong>itaque</strong></span> <span class='ocrx_word' id='word_1_31' title='bbox 1071 696 1144 772; x_wconf 93' lang='lat' dir='ltr'><strong>qued</strong></span> <span class='ocrx_word' id='word_1_32' title='bbox 1171 693 1270 752; x_wconf 84' lang='lat' dir='ltr'><strong>habeat</strong></span> <span class='ocrx_word' id='word_1_33' title='bbox 1294 712 1371 752; x_wconf 76' lang='lat' dir='ltr'><strong>mem</strong></span> 
     </span>
     <span class='ocr_line' id='line_1_4' title="bbox 87 780 1369 858; baseline -0.002 -16"><span class='ocrx_word' id='word_1_34' title='bbox 87 795 136 842; x_wconf 90' lang='lat' dir='ltr'><strong>tem</strong></span> <span class='ocrx_word' id='word_1_35' title='bbox 158 783 201 842; x_wconf 78' lang='lat' dir='ltr'><strong>uel</strong></span> <span class='ocrx_word' id='word_1_36' title='bbox 224 784 334 842; x_wconf 79' lang='lat' dir='ltr'><strong>nuvium</strong></span> <span class='ocrx_word' id='word_1_37' title='bbox 356 782 398 840; x_wconf 82' lang='lat' dir='ltr'><strong>ael</strong></span> <span class='ocrx_word' id='word_1_38' title='bbox 419 781 558 858; x_wconf 87' lang='lat' dir='ltr'><strong>paludem.</strong></span> <span class='ocrx_word' id='word_1_39' title='bbox 582 783 681 858; x_wconf 87' lang='lat' dir='ltr'><strong>quibus</strong></span> <span class='ocrx_word' id='word_1_40' title='bbox 703 783 836 846; x_wconf 77' lang='lat' dir='ltr'><strong>munitior</strong></span> <span class='ocrx_word' id='word_1_41' title='bbox 857 783 907 846; x_wconf 86' lang='lat' dir='ltr'><strong>sit;</strong></span> <span class='ocrx_word' id='word_1_42' title='bbox 935 781 1016 857; x_wconf 88' lang='lat' dir='ltr'><strong>quem</strong></span> <span class='ocrx_word' id='word_1_43' title='bbox 1038 781 1128 840; x_wconf 92' lang='lat' dir='ltr'><strong>lecum</strong></span> <span class='ocrx_word' id='word_1_44' title='bbox 1155 780 1294 855; x_wconf 87' lang='lat' dir='ltr'><strong>descripto</strong></span> <span class='ocrx_word' id='word_1_45' title='bbox 1316 797 1369 839; x_wconf 87' lang='lat' dir='ltr'><strong>am·</strong></span> 
     </span>
     <span class='ocr_line' id='line_1_5' title="bbox 86 863 1437 943; baseline -0.004 -17"><span class='ocrx_word' id='word_1_46' title='bbox 86 869 140 926; x_wconf 89' lang='lat' dir='ltr'><strong>bitu</strong></span> <span class='ocrx_word' id='word_1_47' title='bbox 161 877 315 927; x_wconf 77' lang='lat' dir='ltr'><strong>castrorum</strong></span> <span class='ocrx_word' id='word_1_48' title='bbox 338 869 449 926; x_wconf 76' lang='lat' dir='ltr'><strong>fossatis</strong></span> <span class='ocrx_word' id='word_1_49' title='bbox 470 867 610 926; x_wconf 75' lang='lat' dir='ltr'><strong>altissimis</strong></span> <span class='ocrx_word' id='word_1_50' title='bbox 632 869 765 926; x_wconf 86' lang='lat' dir='ltr'><strong>muniunt</strong></span> <span class='ocrx_word' id='word_1_51' title='bbox 803 873 955 943; x_wconf 71' lang='lat' dir='ltr'><strong>pest&#39;que</strong></span> <span class='ocrx_word' id='word_1_52' title='bbox 985 874 1137 942; x_wconf 87' lang='lat' dir='ltr'><strong>sequuntur</strong></span> <span class='ocrx_word' id='word_1_53' title='bbox 1161 866 1240 924; x_wconf 89' lang='lat' dir='ltr'><strong>cunei</strong></span> <span class='ocrx_word' id='word_1_54' title='bbox 1267 863 1437 929; x_wconf 75' lang='lat' dir='ltr'><strong>acutis-§.eu</strong></span> 
     </span>
    </p>

    <p class='ocr_par' dir='ltr' id='par_1_4' title="bbox 68 949 1372 1028">
     <span class='ocr_line' id='line_1_6' title="bbox 68 949 1372 1028; baseline -0.005 -16"><span class='ocrx_word' id='word_1_55' title='bbox 68 955 143 1012; x_wconf 78' lang='lat' dir='ltr'><strong>tsimi</strong></span> <span class='ocrx_word' id='word_1_56' title='bbox 165 954 194 1012; x_wconf 94' lang='lat' dir='ltr'><strong>in</strong></span> <span class='ocrx_word' id='word_1_57' title='bbox 216 953 333 1012; x_wconf 89' lang='lat' dir='ltr'><strong>circuitu</strong></span> <span class='ocrx_word' id='word_1_58' title='bbox 354 952 476 1011; x_wconf 82' lang='lat' dir='ltr'><strong>cathenis</strong></span> <span class='ocrx_word' id='word_1_59' title='bbox 498 953 616 1028; x_wconf 88' lang='lat' dir='ltr'><strong>desuper</strong></span> <span class='ocrx_word' id='word_1_60' title='bbox 638 951 786 1028; x_wconf 86' lang='lat' dir='ltr'><strong>colligatis.</strong></span> <span class='ocrx_word' id='word_1_61' title='bbox 823 952 949 1027; x_wconf 86' lang='lat' dir='ltr'><strong>sequitur</strong></span> <span class='ocrx_word' id='word_1_62' title='bbox 975 959 1072 1028; x_wconf 90' lang='lat' dir='ltr'><strong>postea</strong></span> <span class='ocrx_word' id='word_1_63' title='bbox 1101 951 1169 1008; x_wconf 95' lang='lat' dir='ltr'><strong>orde</strong></span> <span class='ocrx_word' id='word_1_64' title='bbox 1197 949 1372 1013; x_wconf 88' lang='lat' dir='ltr'><strong>camelorum,</strong></span> 
     </span>
    </p>

    <p class='ocr_par' dir='ltr' id='par_1_5' title="bbox 5 1035 1372 1367">
     <span class='ocr_line' id='line_1_7' title="bbox 5 1035 1372 1114; baseline -0.004 -18"><span class='ocrx_word' id='word_1_65' title='bbox 5 1037 7 1060; x_wconf 87' lang='lat'>&#39;</span> <span class='ocrx_word' id='word_1_66' title='bbox 86 1041 129 1114; x_wconf 90' lang='lat' dir='ltr'><strong>qni</strong></span> <span class='ocrx_word' id='word_1_67' title='bbox 149 1047 332 1098; x_wconf 86' lang='lat' dir='ltr'><strong>commeatum</strong></span> <span class='ocrx_word' id='word_1_68' title='bbox 354 1045 382 1096; x_wconf 89' lang='lat' dir='ltr'><strong>et</strong></span> <span class='ocrx_word' id='word_1_69' title='bbox 403 1037 594 1112; x_wconf 84' lang='lat' dir='ltr'><strong>impedimenta</strong></span> <span class='ocrx_word' id='word_1_70' title='bbox 617 1055 668 1112; x_wconf 94' lang='lat' dir='ltr'><strong>pre</strong></span> <span class='ocrx_word' id='word_1_71' title='bbox 690 1055 742 1096; x_wconf 90' lang='lat' dir='ltr'><strong>usu</strong></span> <span class='ocrx_word' id='word_1_72' title='bbox 764 1043 916 1096; x_wconf 89' lang='lat' dir='ltr'><strong>castrorum</strong></span> <span class='ocrx_word' id='word_1_73' title='bbox 939 1036 1073 1100; x_wconf 80' lang='lat' dir='ltr'><strong>baiulent:</strong></span> <span class='ocrx_word' id='word_1_74' title='bbox 1101 1043 1165 1111; x_wconf 90' lang='lat' dir='ltr'><strong>post</strong></span> <span class='ocrx_word' id='word_1_75' title='bbox 1191 1051 1261 1110; x_wconf 88' lang='lat' dir='ltr'><strong>quos</strong></span> <span class='ocrx_word' id='word_1_76' title='bbox 1282 1035 1372 1092; x_wconf 91' lang='lat' dir='ltr'><strong>minor</strong></span> 
     </span>
     <span class='ocr_line' id='line_1_8' title="bbox 85 1119 1371 1198; baseline -0.005 -16"><span class='ocrx_word' id='word_1_77' title='bbox 85 1124 166 1182; x_wconf 88' lang='lat' dir='ltr'><strong>altera</strong></span> <span class='ocrx_word' id='word_1_78' title='bbox 194 1125 271 1182; x_wconf 80' lang='lat' dir='ltr'><strong>lesse</strong></span> <span class='ocrx_word' id='word_1_79' title='bbox 299 1123 403 1180; x_wconf 86' lang='lat' dir='ltr'><strong>leditnr</strong></span> <span class='ocrx_word' id='word_1_80' title='bbox 430 1122 458 1178; x_wconf 90' lang='lat' dir='ltr'><strong>in</strong></span> <span class='ocrx_word' id='word_1_81' title='bbox 486 1121 589 1181; x_wconf 89' lang='lat' dir='ltr'><strong>ambitu</strong></span> <span class='ocrx_word' id='word_1_82' title='bbox 617 1141 677 1180; x_wconf 90' lang='lat' dir='ltr'><strong>cum</strong></span> <span class='ocrx_word' id='word_1_83' title='bbox 705 1123 792 1190; x_wconf 81' lang='lat' dir='ltr'><strong>hastis</strong></span> <span class='ocrx_word' id='word_1_84' title='bbox 819 1139 870 1198; x_wconf 91' lang='lat' dir='ltr'><strong>pre</strong></span> <span class='ocrx_word' id='word_1_85' title='bbox 897 1121 994 1180; x_wconf 87' lang='lat' dir='ltr'><strong>melori</strong></span> <span class='ocrx_word' id='word_1_86' title='bbox 1021 1121 1171 1178; x_wconf 87' lang='lat' dir='ltr'><strong>munitione</strong></span> <span class='ocrx_word' id='word_1_87' title='bbox 1199 1120 1225 1176; x_wconf 86' lang='lat' dir='ltr'><strong>in</strong></span> <span class='ocrx_word' id='word_1_88' title='bbox 1254 1119 1371 1178; x_wconf 89' lang='lat' dir='ltr'><strong>circuitu</strong></span> 
     </span>
     <span class='ocr_line' id='line_1_9' title="bbox 86 1198 1372 1286; baseline -0.003 -20"><span class='ocrx_word' id='word_1_89' title='bbox 86 1210 182 1272; x_wconf 85' lang='lat' dir='ltr'><strong>allisis.</strong></span> <span class='ocrx_word' id='word_1_90' title='bbox 201 1205 263 1284; x_wconf 86' lang='lat' dir='ltr'><strong>&#39;quo</strong></span> <span class='ocrx_word' id='word_1_91' title='bbox 285 1209 313 1266; x_wconf 88' lang='lat' dir='ltr'><strong>in</strong></span> <span class='ocrx_word' id='word_1_92' title='bbox 328 1208 390 1266; x_wconf 91' lang='lat' dir='ltr'><strong>lece</strong></span> <span class='ocrx_word' id='word_1_93' title='bbox 406 1207 547 1270; x_wconf 91' lang='lat' dir='ltr'><strong>Saraheri,</strong></span> <span class='ocrx_word' id='word_1_94' title='bbox 570 1208 631 1282; x_wconf 82' lang='lat' dir='ltr'><strong>laya</strong></span> <span class='ocrx_word' id='word_1_95' title='bbox 654 1217 682 1264; x_wconf 89' lang='lat' dir='ltr'><strong>et</strong></span> <span class='ocrx_word' id='word_1_96' title='bbox 696 1207 841 1282; x_wconf 83' lang='lat' dir='ltr'><strong>llusselym</strong></span> <span class='ocrx_word' id='word_1_97' title='bbox 861 1207 1016 1264; x_wconf 76' lang='lat' dir='ltr'><strong>mansiones</strong></span> <span class='ocrx_word' id='word_1_98' title='bbox 1039 1213 1066 1262; x_wconf 93' lang='lat' dir='ltr'><strong>et</strong></span> <span class='ocrx_word' id='word_1_99' title='bbox 1086 1207 1133 1263; x_wconf 88' lang='lat' dir='ltr'><strong>he·</strong></span> <span class='ocrx_word' id='word_1_100' title='bbox 1147 1205 1155 1274; x_wconf 92' lang='grc'>1</span> <span class='ocrx_word' id='word_1_101' title='bbox 1169 1198 1372 1286; x_wconf 52' lang='grc' dir='ltr'><strong>ἈἯΜΨ</strong></span> 
     </span>
     <span class='ocr_line' id='line_1_10' title="bbox 87 1288 1372 1367; baseline -0.006 -15"><span class='ocrx_word' id='word_1_102' title='bbox 87 1295 232 1352; x_wconf 79' lang='lat' dir='ltr'><strong>bitationes</strong></span> <span class='ocrx_word' id='word_1_103' title='bbox 254 1311 317 1350; x_wconf 88' lang='lat' dir='ltr'><strong>suas</strong></span> <span class='ocrx_word' id='word_1_104' title='bbox 339 1293 448 1350; x_wconf 89' lang='lat' dir='ltr'><strong>hahent.</strong></span> <span class='ocrx_word' id='word_1_105' title='bbox 486 1300 550 1367; x_wconf 87' lang='lat' dir='ltr'><strong>pest</strong></span> <span class='ocrx_word' id='word_1_106' title='bbox 571 1301 614 1350; x_wconf 93' lang='lat' dir='ltr'><strong>tet</strong></span> <span class='ocrx_word' id='word_1_107' title='bbox 636 1292 736 1350; x_wconf 79' lang='lat' dir='ltr'><strong>validas</strong></span> <span class='ocrx_word' id='word_1_108' title='bbox 759 1291 924 1349; x_wconf 82' lang='lat' dir='ltr'><strong>munitiones</strong></span> <span class='ocrx_word' id='word_1_109' title='bbox 946 1291 1064 1366; x_wconf 84' lang='lat' dir='ltr'><strong>pedites,</strong></span> <span class='ocrx_word' id='word_1_110' title='bbox 1088 1289 1257 1366; x_wconf 83' lang='lat' dir='ltr'><strong>quilanizari</strong></span> <span class='ocrx_word' id='word_1_111' title='bbox 1279 1288 1372 1348; x_wconf 92' lang='lat' dir='ltr'><strong>dicun·</strong></span> 
     </span>
    </p>

    <p class='ocr_par' dir='ltr' id='par_1_6' title="bbox 59 1373 1440 1792">
     <span class='ocr_line' id='line_1_11' title="bbox 59 1373 1371 1455; baseline -0.004 -20"><span class='ocrx_word' id='word_1_112' title='bbox 59 1388 141 1443; x_wconf 84' lang='lat' dir='ltr'><strong>tttur,</strong></span> <span class='ocrx_word' id='word_1_113' title='bbox 163 1397 216 1455; x_wconf 87' lang='lat' dir='ltr'><strong>per</strong></span> <span class='ocrx_word' id='word_1_114' title='bbox 237 1377 401 1454; x_wconf 81' lang='lat' dir='ltr'><strong>multiplices</strong></span> <span class='ocrx_word' id='word_1_115' title='bbox 423 1377 539 1436; x_wconf 79' lang='lat' dir='ltr'><strong>ambitus</strong></span> <span class='ocrx_word' id='word_1_116' title='bbox 562 1377 713 1453; x_wconf 82' lang='lat' dir='ltr'><strong>papiliones</strong></span> <span class='ocrx_word' id='word_1_117' title='bbox 736 1385 765 1434; x_wconf 91' lang='lat' dir='ltr'><strong>et</strong></span> <span class='ocrx_word' id='word_1_118' title='bbox 786 1377 906 1434; x_wconf 83' lang='lat' dir='ltr'><strong>tentoria</strong></span> <span class='ocrx_word' id='word_1_119' title='bbox 921 1395 969 1434; x_wconf 89' lang='lat' dir='ltr'><strong>sua</strong></span> <span class='ocrx_word' id='word_1_120' title='bbox 983 1375 1083 1450; x_wconf 87' lang='lat' dir='ltr'><strong>ligent,</strong></span> <span class='ocrx_word' id='word_1_121' title='bbox 1106 1378 1267 1450; x_wconf 90' lang='lat' dir='ltr'><strong>inquorum</strong></span> <span class='ocrx_word' id='word_1_122' title='bbox 1282 1373 1371 1432; x_wconf 86' lang='lat' dir='ltr'><strong>medie</strong></span> 
     </span>
     <span class='ocr_line' id='line_1_12' title="bbox 85 1459 1440 1540; baseline -0.004 -18"><span class='ocrx_word' id='word_1_123' title='bbox 85 1465 232 1540; x_wconf 83' lang='lat' dir='ltr'><strong>Imperator</strong></span> <span class='ocrx_word' id='word_1_124' title='bbox 255 1464 313 1538; x_wconf 90' lang='lat' dir='ltr'><strong>ipsc</strong></span> <span class='ocrx_word' id='word_1_125' title='bbox 334 1481 395 1520; x_wconf 91' lang='lat' dir='ltr'><strong>eum</strong></span> <span class='ocrx_word' id='word_1_126' title='bbox 418 1463 476 1520; x_wconf 89' lang='lat' dir='ltr'><strong>suis</strong></span> <span class='ocrx_word' id='word_1_127' title='bbox 498 1464 592 1537; x_wconf 87' lang='lat' dir='ltr'><strong>pueris</strong></span> <span class='ocrx_word' id='word_1_128' title='bbox 614 1471 642 1521; x_wconf 91' lang='lat' dir='ltr'><strong>et</strong></span> <span class='ocrx_word' id='word_1_129' title='bbox 664 1463 796 1520; x_wconf 83' lang='lat' dir='ltr'><strong>ministris</strong></span> <span class='ocrx_word' id='word_1_130' title='bbox 817 1461 993 1520; x_wconf 73' lang='lat' dir='ltr'><strong>ornabssimu</strong></span> <span class='ocrx_word' id='word_1_131' title='bbox 1020 1461 1138 1519; x_wconf 89' lang='lat' dir='ltr'><strong>tentoria</strong></span> <span class='ocrx_word' id='word_1_132' title='bbox 1166 1459 1256 1517; x_wconf 79' lang='lat' dir='ltr'><strong>habet.</strong></span> <span class='ocrx_word' id='word_1_133' title='bbox 1299 1459 1440 1522; x_wconf 76' lang='lat' dir='ltr'><strong>Emi-§.su</strong></span> 
     </span>
     <span class='ocr_line' id='line_1_13' title="bbox 85 1544 1369 1624; baseline -0.005 -17"><span class='ocrx_word' id='word_1_134' title='bbox 85 1557 146 1607; x_wconf 88' lang='lat' dir='ltr'><strong>nent</strong></span> <span class='ocrx_word' id='word_1_135' title='bbox 167 1557 303 1624; x_wconf 77' lang='lat' dir='ltr'><strong>praeterea</strong></span> <span class='ocrx_word' id='word_1_136' title='bbox 324 1548 378 1604; x_wconf 91' lang='lat' dir='ltr'><strong>due</strong></span> <span class='ocrx_word' id='word_1_137' title='bbox 401 1547 515 1606; x_wconf 83' lang='lat' dir='ltr'><strong>menime</strong></span> <span class='ocrx_word' id='word_1_138' title='bbox 537 1565 639 1607; x_wconf 85' lang='lat' dir='ltr'><strong>cernua</strong></span> <span class='ocrx_word' id='word_1_139' title='bbox 661 1555 757 1605; x_wconf 87' lang='lat' dir='ltr'><strong>centra</strong></span> <span class='ocrx_word' id='word_1_140' title='bbox 779 1547 890 1610; x_wconf 85' lang='lat' dir='ltr'><strong>hostes.</strong></span> <span class='ocrx_word' id='word_1_141' title='bbox 913 1555 1009 1604; x_wconf 85' lang='lat' dir='ltr'><strong>centra</strong></span> <span class='ocrx_word' id='word_1_142' title='bbox 1032 1544 1296 1622; x_wconf 82' lang='lat' dir='ltr'><strong>quespsgnandum</strong></span> <span class='ocrx_word' id='word_1_143' title='bbox 1318 1551 1369 1608; x_wconf 82' lang='lat' dir='ltr'><strong>est</strong></span> 
     </span>
     <span class='ocr_line' id='line_1_14' title="bbox 85 1625 1373 1708; baseline -0.003 -18"><span class='ocrx_word' id='word_1_144' title='bbox 85 1625 249 1691; x_wconf 81' lang='lat' dir='ltr'><strong>adhaerentia</strong></span> <span class='ocrx_word' id='word_1_145' title='bbox 270 1633 374 1690; x_wconf 91' lang='lat' dir='ltr'><strong>circulo</strong></span> <span class='ocrx_word' id='word_1_146' title='bbox 396 1638 562 1696; x_wconf 85' lang='lat' dir='ltr'><strong>cestrerum.</strong></span> <span class='ocrx_word' id='word_1_147' title='bbox 590 1633 619 1689; x_wconf 90' lang='lat' dir='ltr'><strong>in</strong></span> <span class='ocrx_word' id='word_1_148' title='bbox 646 1633 745 1708; x_wconf 87' lang='lat' dir='ltr'><strong>quibus</strong></span> <span class='ocrx_word' id='word_1_149' title='bbox 766 1630 894 1692; x_wconf 79' lang='lat' dir='ltr'><strong>collocuti</strong></span> <span class='ocrx_word' id='word_1_150' title='bbox 923 1641 987 1688; x_wconf 89' lang='lat' dir='ltr'><strong>sunt</strong></span> <span class='ocrx_word' id='word_1_151' title='bbox 1014 1631 1120 1706; x_wconf 84' lang='lat' dir='ltr'><strong>equites</strong></span> <span class='ocrx_word' id='word_1_152' title='bbox 1142 1648 1203 1688; x_wconf 91' lang='lat' dir='ltr'><strong>cum</strong></span> <span class='ocrx_word' id='word_1_153' title='bbox 1225 1630 1282 1688; x_wconf 89' lang='lat' dir='ltr'><strong>suis</strong></span> <span class='ocrx_word' id='word_1_154' title='bbox 1303 1645 1373 1705; x_wconf 82' lang='lat' dir='ltr'><strong>pre-</strong></span> 
     </span>
     <span class='ocr_line' id='line_1_15' title="bbox 86 1714 1435 1792; baseline -0.003 -17"><span class='ocrx_word' id='word_1_155' title='bbox 86 1718 199 1776; x_wconf 84' lang='lat' dir='ltr'><strong>sidibus:</strong></span> <span class='ocrx_word' id='word_1_156' title='bbox 225 1718 252 1774; x_wconf 89' lang='lat' dir='ltr'><strong>iu</strong></span> <span class='ocrx_word' id='word_1_157' title='bbox 274 1735 330 1774; x_wconf 91' lang='lat' dir='ltr'><strong>uno</strong></span> <span class='ocrx_word' id='word_1_158' title='bbox 352 1717 425 1775; x_wconf 91' lang='lat' dir='ltr'><strong>enim</strong></span> <span class='ocrx_word' id='word_1_159' title='bbox 446 1733 531 1774; x_wconf 88' lang='lat' dir='ltr'><strong>cornu</strong></span> <span class='ocrx_word' id='word_1_160' title='bbox 554 1726 618 1774; x_wconf 91' lang='lat' dir='ltr'><strong>sunt</strong></span> <span class='ocrx_word' id='word_1_161' title='bbox 640 1717 741 1774; x_wconf 88' lang='lat' dir='ltr'><strong>milites</strong></span> <span class='ocrx_word' id='word_1_162' title='bbox 763 1716 926 1776; x_wconf 84' lang='lat' dir='ltr'><strong>Thimercii.</strong></span> <span class='ocrx_word' id='word_1_163' title='bbox 949 1717 996 1792; x_wconf 91' lang='lat' dir='ltr'><strong>qui</strong></span> <span class='ocrx_word' id='word_1_164' title='bbox 1016 1734 1099 1791; x_wconf 86' lang='lat' dir='ltr'><strong>agros</strong></span> <span class='ocrx_word' id='word_1_165' title='bbox 1121 1715 1303 1791; x_wconf 90' lang='lat' dir='ltr'><strong>possidentia</strong></span> <span class='ocrx_word' id='word_1_166' title='bbox 1319 1714 1373 1772; x_wconf 84' lang='lat' dir='ltr'><strong>he·</strong></span> <span class='ocrx_word' id='word_1_167' title='bbox 1432 1749 1435 1762; x_wconf 60' lang='grc' dir='ltr'><strong>ι</strong></span> 
     </span>
    </p>

    <p class='ocr_par' dir='ltr' id='par_1_7' title="bbox 57 1799 1440 4680">
     <span class='ocr_line' id='line_1_16' title="bbox 59 1799 1373 1878; baseline -0.003 -18"><span class='ocrx_word' id='word_1_168' title='bbox 59 1804 185 1866; x_wconf 68' lang='lat' dir='ltr'><strong>numanis,</strong></span> <span class='ocrx_word' id='word_1_169' title='bbox 210 1802 237 1860; x_wconf 89' lang='lat' dir='ltr'><strong>iu</strong></span> <span class='ocrx_word' id='word_1_170' title='bbox 259 1801 346 1858; x_wconf 87' lang='lat' dir='ltr'><strong>altero</strong></span> <span class='ocrx_word' id='word_1_171' title='bbox 369 1819 433 1858; x_wconf 89' lang='lat' dir='ltr'><strong>vere</strong></span> <span class='ocrx_word' id='word_1_172' title='bbox 457 1801 503 1874; x_wconf 88' lang='lat' dir='ltr'><strong>qul</strong></span> <span class='ocrx_word' id='word_1_173' title='bbox 526 1819 607 1876; x_wconf 91' lang='lat' dir='ltr'><strong>agros</strong></span> <span class='ocrx_word' id='word_1_174' title='bbox 629 1802 773 1878; x_wconf 90' lang='lat' dir='ltr'><strong>possident</strong></span> <span class='ocrx_word' id='word_1_175' title='bbox 793 1801 821 1858; x_wconf 91' lang='lat' dir='ltr'><strong>iu</strong></span> <span class='ocrx_word' id='word_1_176' title='bbox 843 1801 964 1871; x_wconf 73' lang='lat' dir='ltr'><strong>lintella:</strong></span> <span class='ocrx_word' id='word_1_177' title='bbox 986 1803 1014 1858; x_wconf 89' lang='lat' dir='ltr'><strong>in</strong></span> <span class='ocrx_word' id='word_1_178' title='bbox 1036 1801 1125 1875; x_wconf 89' lang='lat' dir='ltr'><strong>capite</strong></span> <span class='ocrx_word' id='word_1_179' title='bbox 1147 1817 1210 1858; x_wconf 82' lang='lat' dir='ltr'><strong>vere</strong></span> <span class='ocrx_word' id='word_1_180' title='bbox 1224 1799 1373 1860; x_wconf 85' lang='lat' dir='ltr'><strong>cuiuslibet</strong></span> 
     </span>
     <span class='ocr_line' id='line_1_17' title="bbox 85 1885 1371 1962; baseline -0.003 -15"><span class='ocrx_word' id='word_1_181' title='bbox 85 1888 210 1962; x_wconf 74' lang='lat' dir='ltr'><strong>presidet</strong></span> <span class='ocrx_word' id='word_1_182' title='bbox 233 1887 359 1962; x_wconf 88' lang='lat' dir='ltr'><strong>princeps</strong></span> <span class='ocrx_word' id='word_1_183' title='bbox 381 1885 540 1961; x_wconf 80' lang='lat' dir='ltr'><strong>praesidum,</strong></span> <span class='ocrx_word' id='word_1_184' title='bbox 564 1887 590 1944; x_wconf 88' lang='lat' dir='ltr'><strong>id</strong></span> <span class='ocrx_word' id='word_1_185' title='bbox 612 1895 654 1944; x_wconf 85' lang='lat' dir='ltr'><strong>est</strong></span> <span class='ocrx_word' id='word_1_186' title='bbox 675 1886 859 1962; x_wconf 83' lang='lat' dir='ltr'><strong>Beglerhegb;</strong></span> <span class='ocrx_word' id='word_1_187' title='bbox 888 1896 914 1944; x_wconf 87' lang='lat' dir='ltr'><strong>ut</strong></span> <span class='ocrx_word' id='word_1_188' title='bbox 944 1888 970 1944; x_wconf 93' lang='lat' dir='ltr'><strong>in</strong></span> <span class='ocrx_word' id='word_1_189' title='bbox 998 1887 1087 1946; x_wconf 90' lang='lat' dir='ltr'><strong>medie</strong></span> <span class='ocrx_word' id='word_1_190' title='bbox 1113 1887 1210 1945; x_wconf 91' lang='lat' dir='ltr'><strong>berum</strong></span> <span class='ocrx_word' id='word_1_191' title='bbox 1239 1902 1371 1946; x_wconf 90' lang='lat' dir='ltr'><strong>cernuum</strong></span> 
     </span>
     <span class='ocr_line' id='line_1_18' title="bbox 85 1970 1370 2048; baseline -0.002 -20"><span class='ocrx_word' id='word_1_192' title='bbox 85 1972 208 2031; x_wconf 89' lang='lat' dir='ltr'><strong>locantur</strong></span> <span class='ocrx_word' id='word_1_193' title='bbox 230 1986 324 2030; x_wconf 84' lang='lat' dir='ltr'><strong>ornnes</strong></span> <span class='ocrx_word' id='word_1_194' title='bbox 346 1970 475 2048; x_wconf 79' lang='lat' dir='ltr'><strong>custodes</strong></span> <span class='ocrx_word' id='word_1_195' title='bbox 496 1971 622 2047; x_wconf 90' lang='lat' dir='ltr'><strong>corperis</strong></span> <span class='ocrx_word' id='word_1_196' title='bbox 637 1972 828 2047; x_wconf 85' lang='lat' dir='ltr'><strong>Imperatoris,</strong></span> <span class='ocrx_word' id='word_1_197' title='bbox 852 1972 904 2030; x_wconf 91' lang='lat' dir='ltr'><strong>boo</strong></span> <span class='ocrx_word' id='word_1_198' title='bbox 923 1979 965 2030; x_wconf 91' lang='lat' dir='ltr'><strong>est</strong></span> <span class='ocrx_word' id='word_1_199' title='bbox 980 1971 1169 2047; x_wconf 86' lang='lat' dir='ltr'><strong>Spnhieglani‚</strong></span> <span class='ocrx_word' id='word_1_200' title='bbox 1193 1970 1370 2046; x_wconf 84' lang='lat' dir='ltr'><strong>Soluphterii.</strong></span> 
     </span>
     <span class='ocr_line' id='line_1_19' title="bbox 85 2055 1371 2132; baseline -0.002 -18"><span class='ocrx_word' id='word_1_201' title='bbox 85 2057 216 2116; x_wconf 84' lang='lat' dir='ltr'><strong>Solaeohii</strong></span> <span class='ocrx_word' id='word_1_202' title='bbox 240 2065 268 2113; x_wconf 92' lang='lat' dir='ltr'><strong>et</strong></span> <span class='ocrx_word' id='word_1_203' title='bbox 289 2055 382 2114; x_wconf 77' lang='lat' dir='ltr'><strong>ceteri</strong></span> <span class='ocrx_word' id='word_1_204' title='bbox 405 2055 501 2120; x_wconf 87' lang='lat' dir='ltr'><strong>aulici;</strong></span> <span class='ocrx_word' id='word_1_205' title='bbox 530 2064 594 2132; x_wconf 88' lang='lat' dir='ltr'><strong>pest</strong></span> <span class='ocrx_word' id='word_1_206' title='bbox 616 2073 686 2130; x_wconf 88' lang='lat' dir='ltr'><strong>quos</strong></span> <span class='ocrx_word' id='word_1_207' title='bbox 714 2057 814 2114; x_wconf 87' lang='lat' dir='ltr'><strong>situata</strong></span> <span class='ocrx_word' id='word_1_208' title='bbox 837 2065 902 2114; x_wconf 89' lang='lat' dir='ltr'><strong>sunt</strong></span> <span class='ocrx_word' id='word_1_209' title='bbox 922 2057 994 2114; x_wconf 86' lang='lat' dir='ltr'><strong>varia</strong></span> <span class='ocrx_word' id='word_1_210' title='bbox 1016 2073 1117 2132; x_wconf 90' lang='lat' dir='ltr'><strong>genera</strong></span> <span class='ocrx_word' id='word_1_211' title='bbox 1139 2055 1321 2114; x_wconf 86' lang='lat' dir='ltr'><strong>machinarum</strong></span> <span class='ocrx_word' id='word_1_212' title='bbox 1343 2061 1371 2112; x_wconf 90' lang='lat' dir='ltr'><strong>et</strong></span> 
     </span>
     <span class='ocr_line' id='line_1_20' title="bbox 86 2127 1438 2222; baseline 0.001 -25"><span class='ocrx_word' id='word_1_213' title='bbox 86 2150 290 2200; x_wconf 86' lang='lat' dir='ltr'><strong>tormentorum.</strong></span> <span class='ocrx_word' id='word_1_214' title='bbox 334 2127 399 2198; x_wconf 82' lang='lat' dir='ltr'><strong>Gurn</strong></span> <span class='ocrx_word' id='word_1_215' title='bbox 423 2141 507 2214; x_wconf 90' lang='lat' dir='ltr'><strong>igitur</strong></span> <span class='ocrx_word' id='word_1_216' title='bbox 528 2144 703 2216; x_wconf 90' lang='lat' dir='ltr'><strong>pugnandum</strong></span> <span class='ocrx_word' id='word_1_217' title='bbox 726 2150 781 2206; x_wconf 87' lang='lat' dir='ltr'><strong>est,</strong></span> <span class='ocrx_word' id='word_1_218' title='bbox 805 2143 832 2199; x_wconf 90' lang='lat' dir='ltr'><strong>in</strong></span> <span class='ocrx_word' id='word_1_219' title='bbox 856 2159 908 2216; x_wconf 88' lang='lat' dir='ltr'><strong>qua</strong></span> <span class='ocrx_word' id='word_1_220' title='bbox 931 2151 1007 2216; x_wconf 66' lang='lat' dir='ltr'><strong>pute</strong></span> <span class='ocrx_word' id='word_1_221' title='bbox 1029 2141 1135 2216; x_wconf 89' lang='lat' dir='ltr'><strong>imperii</strong></span> <span class='ocrx_word' id='word_1_222' title='bbox 1162 2139 1219 2198; x_wconf 89' lang='lat' dir='ltr'><strong>hel·</strong></span> <span class='ocrx_word' id='word_1_223' title='bbox 1269 2134 1438 2222; x_wconf 44' lang='lat' dir='ltr'><strong>affigens.</strong></span> 
     </span>
     <span class='ocr_line' id='line_1_21' title="bbox 57 2225 1372 2303; baseline 0.003 -25"><span class='ocrx_word' id='word_1_224' title='bbox 57 2226 137 2286; x_wconf 85' lang='lat' dir='ltr'><strong>aelum</strong></span> <span class='ocrx_word' id='word_1_225' title='bbox 159 2227 312 2302; x_wconf 91' lang='lat' dir='ltr'><strong>gerendum</strong></span> <span class='ocrx_word' id='word_1_226' title='bbox 334 2233 389 2288; x_wconf 90' lang='lat' dir='ltr'><strong>est.</strong></span> <span class='ocrx_word' id='word_1_227' title='bbox 412 2225 581 2300; x_wconf 86' lang='lat' dir='ltr'><strong>lteglerbegh</strong></span> <span class='ocrx_word' id='word_1_228' title='bbox 605 2227 679 2284; x_wconf 90' lang='lat' dir='ltr'><strong>illius</strong></span> <span class='ocrx_word' id='word_1_229' title='bbox 701 2227 787 2302; x_wconf 90' lang='lat' dir='ltr'><strong>partis</strong></span> <span class='ocrx_word' id='word_1_230' title='bbox 809 2244 870 2283; x_wconf 87' lang='lat' dir='ltr'><strong>cum</strong></span> <span class='ocrx_word' id='word_1_231' title='bbox 893 2229 950 2284; x_wconf 91' lang='lat' dir='ltr'><strong>suis</strong></span> <span class='ocrx_word' id='word_1_232' title='bbox 971 2225 1132 2303; x_wconf 71' lang='lat' dir='ltr'><strong>presidibus</strong></span> <span class='ocrx_word' id='word_1_233' title='bbox 1159 2242 1277 2300; x_wconf 86' lang='lat' dir='ltr'><strong>pugnarn</strong></span> <span class='ocrx_word' id='word_1_234' title='bbox 1306 2225 1372 2282; x_wconf 86' lang='lat' dir='ltr'><strong>incl·</strong></span> 
     </span>
     <span class='ocr_line' id='line_1_22' title="bbox 85 2309 1371 2388; baseline -0.001 -21"><span class='ocrx_word' id='word_1_235' title='bbox 85 2313 136 2386; x_wconf 91' lang='lat' dir='ltr'><strong>pit:</strong></span> <span class='ocrx_word' id='word_1_236' title='bbox 165 2312 240 2388; x_wconf 92' lang='lat' dir='ltr'><strong>qued</strong></span> <span class='ocrx_word' id='word_1_237' title='bbox 263 2312 286 2367; x_wconf 93' lang='lat' dir='ltr'><strong>si</strong></span> <span class='ocrx_word' id='word_1_238' title='bbox 309 2311 457 2385; x_wconf 87' lang='lat' dir='ltr'><strong>eontigerit</strong></span> <span class='ocrx_word' id='word_1_239' title='bbox 478 2310 580 2368; x_wconf 88' lang='lat' dir='ltr'><strong>milites</strong></span> <span class='ocrx_word' id='word_1_240' title='bbox 611 2311 685 2370; x_wconf 90' lang='lat' dir='ltr'><strong>illius</strong></span> <span class='ocrx_word' id='word_1_241' title='bbox 713 2329 800 2369; x_wconf 89' lang='lat' dir='ltr'><strong>cornu</strong></span> <span class='ocrx_word' id='word_1_242' title='bbox 827 2311 862 2368; x_wconf 84' lang='lat' dir='ltr'><strong>ab</strong></span> <span class='ocrx_word' id='word_1_243' title='bbox 890 2311 1015 2370; x_wconf 86' lang='lat' dir='ltr'><strong>hostibus</strong></span> <span class='ocrx_word' id='word_1_244' title='bbox 1043 2311 1180 2387; x_wconf 89' lang='lat' dir='ltr'><strong>superari,</strong></span> <span class='ocrx_word' id='word_1_245' title='bbox 1211 2327 1276 2368; x_wconf 88' lang='lat' dir='ltr'><strong>mea</strong></span> <span class='ocrx_word' id='word_1_246' title='bbox 1299 2309 1371 2367; x_wconf 92' lang='lat' dir='ltr'><strong>aliud</strong></span> 
     </span>
     <span class='ocr_line' id='line_1_23' title="bbox 84 2393 1371 2472; baseline 0.001 -21"><span class='ocrx_word' id='word_1_247' title='bbox 84 2415 164 2452; x_wconf 88' lang='lat' dir='ltr'><strong>eernu</strong></span> <span class='ocrx_word' id='word_1_248' title='bbox 190 2413 271 2470; x_wconf 86' lang='lat' dir='ltr'><strong>opem</strong></span> <span class='ocrx_word' id='word_1_249' title='bbox 294 2396 355 2451; x_wconf 88' lang='lat' dir='ltr'><strong>lert.</strong></span> <span class='ocrx_word' id='word_1_250' title='bbox 400 2396 535 2470; x_wconf 86' lang='lat' dir='ltr'><strong>superatis</strong></span> <span class='ocrx_word' id='word_1_251' title='bbox 557 2395 689 2453; x_wconf 88' lang='lat' dir='ltr'><strong>ambobus</strong></span> <span class='ocrx_word' id='word_1_252' title='bbox 710 2396 847 2460; x_wconf 90' lang='lat' dir='ltr'><strong>cornubus</strong></span> <span class='ocrx_word' id='word_1_253' title='bbox 870 2414 960 2472; x_wconf 81' lang='lat' dir='ltr'><strong>pugna</strong></span> <span class='ocrx_word' id='word_1_254' title='bbox 994 2396 1096 2453; x_wconf 89' lang='lat' dir='ltr'><strong>remei</strong></span> <span class='ocrx_word' id='word_1_255' title='bbox 1111 2412 1211 2469; x_wconf 89' lang='lat' dir='ltr'><strong>genere</strong></span> <span class='ocrx_word' id='word_1_256' title='bbox 1226 2393 1371 2470; x_wconf 77' lang='lat' dir='ltr'><strong>blusselym</strong></span> 
     </span>
     <span class='ocr_line' id='line_1_24' title="bbox 85 2479 1371 2557; baseline -0.001 -20"><span class='ocrx_word' id='word_1_257' title='bbox 85 2489 111 2537; x_wconf 90' lang='lat' dir='ltr'><strong>et</strong></span> <span class='ocrx_word' id='word_1_258' title='bbox 131 2489 345 2545; x_wconf 65' lang='lat' dir='ltr'><strong>tormentcrum</strong></span> <span class='ocrx_word' id='word_1_259' title='bbox 367 2481 495 2555; x_wconf 86' lang='lat' dir='ltr'><strong>deinceps</strong></span> <span class='ocrx_word' id='word_1_260' title='bbox 517 2481 646 2539; x_wconf 85' lang='lat' dir='ltr'><strong>custodes</strong></span> <span class='ocrx_word' id='word_1_261' title='bbox 669 2482 794 2557; x_wconf 86' lang='lat' dir='ltr'><strong>corperis</strong></span> <span class='ocrx_word' id='word_1_262' title='bbox 817 2499 911 2538; x_wconf 87' lang='lat' dir='ltr'><strong>marrus</strong></span> <span class='ocrx_word' id='word_1_263' title='bbox 938 2489 1100 2545; x_wconf 76' lang='lat' dir='ltr'><strong>censerunt:</strong></span> <span class='ocrx_word' id='word_1_264' title='bbox 1131 2479 1226 2537; x_wconf 90' lang='lat' dir='ltr'><strong>ultime</strong></span> <span class='ocrx_word' id='word_1_265' title='bbox 1248 2480 1371 2538; x_wconf 87' lang='lat' dir='ltr'><strong>laninarii</strong></span> 
     </span>
     <span class='ocr_line' id='line_1_25' title="bbox 86 2565 1371 2640; baseline 0.002 -20"><span class='ocrx_word' id='word_1_266' title='bbox 86 2565 275 2640; x_wconf 80' lang='lat' dir='ltr'><strong>Imperatorem</strong></span> <span class='ocrx_word' id='word_1_267' title='bbox 299 2566 387 2639; x_wconf 90' lang='lat' dir='ltr'><strong>ipsum</strong></span> <span class='ocrx_word' id='word_1_268' title='bbox 411 2566 438 2620; x_wconf 89' lang='lat' dir='ltr'><strong>in</strong></span> <span class='ocrx_word' id='word_1_269' title='bbox 461 2566 548 2622; x_wconf 89' lang='lat' dir='ltr'><strong>medie</strong></span> <span class='ocrx_word' id='word_1_270' title='bbox 570 2566 684 2624; x_wconf 87' lang='lat' dir='ltr'><strong>duorum</strong></span> <span class='ocrx_word' id='word_1_271' title='bbox 708 2584 841 2624; x_wconf 91' lang='lat' dir='ltr'><strong>cernuum</strong></span> <span class='ocrx_word' id='word_1_272' title='bbox 862 2567 1012 2629; x_wconf 86' lang='lat' dir='ltr'><strong>collocant.</strong></span> <span class='ocrx_word' id='word_1_273' title='bbox 1035 2584 1069 2624; x_wconf 88' lang='lat' dir='ltr'><strong>ne</strong></span> <span class='ocrx_word' id='word_1_274' title='bbox 1090 2565 1161 2622; x_wconf 87' lang='lat' dir='ltr'><strong>lerte</strong></span> <span class='ocrx_word' id='word_1_275' title='bbox 1183 2573 1290 2623; x_wconf 89' lang='lat' dir='ltr'><strong>vertens</strong></span> <span class='ocrx_word' id='word_1_276' title='bbox 1313 2565 1371 2640; x_wconf 88' lang='lat' dir='ltr'><strong>ipse</strong></span> 
     </span>
     <span class='ocr_line' id='line_1_26' title="bbox 57 2649 1207 2724; baseline 0.003 -23"><span class='ocrx_word' id='word_1_277' title='bbox 57 2657 158 2724; x_wconf 82' lang='lat' dir='ltr'><strong>asterga</strong></span> <span class='ocrx_word' id='word_1_278' title='bbox 180 2650 308 2707; x_wconf 90' lang='lat' dir='ltr'><strong>hostibus</strong></span> <span class='ocrx_word' id='word_1_279' title='bbox 330 2667 426 2706; x_wconf 82' lang='lat' dir='ltr'><strong>caussa</strong></span> <span class='ocrx_word' id='word_1_280' title='bbox 448 2649 641 2708; x_wconf 85' lang='lat' dir='ltr'><strong>internecionis</strong></span> <span class='ocrx_word' id='word_1_281' title='bbox 665 2653 751 2708; x_wconf 89' lang='lat' dir='ltr'><strong>tetius</strong></span> <span class='ocrx_word' id='word_1_282' title='bbox 773 2651 907 2709; x_wconf 85' lang='lat' dir='ltr'><strong>exercitus</strong></span> <span class='ocrx_word' id='word_1_283' title='bbox 929 2661 1055 2710; x_wconf 88' lang='lat' dir='ltr'><strong>constare</strong></span> <span class='ocrx_word' id='word_1_284' title='bbox 1077 2651 1207 2707; x_wconf 81' lang='lat' dir='ltr'><strong>uideatur.</strong></span> 
     </span>
     <span class='ocr_line' id='line_1_27' title="bbox 165 2733 1440 2812; baseline -0.003 -21"><span class='ocrx_word' id='word_1_285' title='bbox 165 2735 228 2791; x_wconf 82' lang='lat' dir='ltr'><strong>llaec</strong></span> <span class='ocrx_word' id='word_1_286' title='bbox 250 2743 314 2790; x_wconf 90' lang='lat' dir='ltr'><strong>sunt</strong></span> <span class='ocrx_word' id='word_1_287' title='bbox 343 2753 403 2808; x_wconf 77' lang='lat' dir='ltr'><strong>quae</strong></span> <span class='ocrx_word' id='word_1_288' title='bbox 430 2735 463 2791; x_wconf 89' lang='lat' dir='ltr'><strong>de</strong></span> <span class='ocrx_word' id='word_1_289' title='bbox 491 2735 606 2810; x_wconf 88' lang='lat' dir='ltr'><strong>imperio</strong></span> <span class='ocrx_word' id='word_1_290' title='bbox 633 2737 780 2793; x_wconf 77' lang='lat' dir='ltr'><strong>&#39;furcarum</strong></span> <span class='ocrx_word' id='word_1_291' title='bbox 807 2735 898 2811; x_wconf 87' lang='lat' dir='ltr'><strong>longis</strong></span> <span class='ocrx_word' id='word_1_292' title='bbox 926 2735 1194 2812; x_wconf 80' lang='lat' dir='ltr'><strong>peregrinationibus</strong></span> <span class='ocrx_word' id='word_1_293' title='bbox 1222 2733 1440 2810; x_wconf 71' lang='lat' dir='ltr'><strong>subtiliquetne.</strong></span> 
     </span>
     <span class='ocr_line' id='line_1_28' title="bbox 86 2819 1372 2896; baseline 0.001 -21"><span class='ocrx_word' id='word_1_294' title='bbox 86 2819 256 2894; x_wconf 80' lang='lat' dir='ltr'><strong>indagatione</strong></span> <span class='ocrx_word' id='word_1_295' title='bbox 278 2820 473 2894; x_wconf 87' lang='lat' dir='ltr'><strong>comperimus.</strong></span> <span class='ocrx_word' id='word_1_296' title='bbox 497 2821 598 2896; x_wconf 91' lang='lat' dir='ltr'><strong>quippe</strong></span> <span class='ocrx_word' id='word_1_297' title='bbox 619 2839 680 2878; x_wconf 89' lang='lat' dir='ltr'><strong>eum</strong></span> <span class='ocrx_word' id='word_1_298' title='bbox 703 2821 796 2890; x_wconf 83' lang='lat' dir='ltr'><strong>civitas</strong></span> <span class='ocrx_word' id='word_1_299' title='bbox 819 2830 913 2878; x_wconf 88' lang='lat' dir='ltr'><strong>nestra</strong></span> <span class='ocrx_word' id='word_1_300' title='bbox 936 2821 1099 2896; x_wconf 81' lang='lat' dir='ltr'><strong>hagusium,</strong></span> <span class='ocrx_word' id='word_1_301' title='bbox 1129 2838 1189 2895; x_wconf 79' lang='lat' dir='ltr'><strong>(puae</strong></span> <span class='ocrx_word' id='word_1_302' title='bbox 1212 2821 1239 2876; x_wconf 92' lang='lat' dir='ltr'><strong>iu</strong></span> <span class='ocrx_word' id='word_1_303' title='bbox 1260 2820 1372 2876; x_wconf 84' lang='lat' dir='ltr'><strong>consini-</strong></span> 
     </span>
     <span class='ocr_line' id='line_1_29' title="bbox 85 2903 1371 2986; baseline 0.001 -25"><span class='ocrx_word' id='word_1_304' title='bbox 85 2903 131 2961; x_wconf 91' lang='lat' dir='ltr'><strong>bus</strong></span> <span class='ocrx_word' id='word_1_305' title='bbox 154 2907 277 2986; x_wconf 86' lang='lat' dir='ltr'><strong>ipserum</strong></span> <span class='ocrx_word' id='word_1_306' title='bbox 301 2905 351 2961; x_wconf 87' lang='lat' dir='ltr'><strong>sita</strong></span> <span class='ocrx_word' id='word_1_307' title='bbox 374 2913 429 2966; x_wconf 89' lang='lat' dir='ltr'><strong>est.</strong></span> <span class='ocrx_word' id='word_1_308' title='bbox 452 2905 650 2981; x_wconf 87' lang='lat' dir='ltr'><strong>quamplurima</strong></span> <span class='ocrx_word' id='word_1_309' title='bbox 672 2906 833 2964; x_wconf 89' lang='lat' dir='ltr'><strong>commercia</strong></span> <span class='ocrx_word' id='word_1_310' title='bbox 854 2925 916 2964; x_wconf 89' lang='lat' dir='ltr'><strong>cum</strong></span> <span class='ocrx_word' id='word_1_311' title='bbox 938 2906 1066 2980; x_wconf 91' lang='lat' dir='ltr'><strong>gentihus</strong></span> <span class='ocrx_word' id='word_1_312' title='bbox 1095 2904 1149 2962; x_wconf 91' lang='lat' dir='ltr'><strong>illis</strong></span> <span class='ocrx_word' id='word_1_313' title='bbox 1176 2905 1288 2968; x_wconf 87' lang='lat' dir='ltr'><strong>habeat,</strong></span> <span class='ocrx_word' id='word_1_314' title='bbox 1317 2923 1371 2962; x_wconf 90' lang='lat' dir='ltr'><strong>neu</strong></span> 
     </span>
     <span class='ocr_line' id='line_1_30' title="bbox 85 2988 1373 3068; baseline 0.002 -24"><span class='ocrx_word' id='word_1_315' title='bbox 85 2989 180 3046; x_wconf 88' lang='lat' dir='ltr'><strong>desunt</strong></span> <span class='ocrx_word' id='word_1_316' title='bbox 202 2989 283 3046; x_wconf 89' lang='lat' dir='ltr'><strong>nobis</strong></span> <span class='ocrx_word' id='word_1_317' title='bbox 312 2988 454 3046; x_wconf 81' lang='lat' dir='ltr'><strong>facultates</strong></span> <span class='ocrx_word' id='word_1_318' title='bbox 483 2990 592 3064; x_wconf 88' lang='lat' dir='ltr'><strong>singula</strong></span> <span class='ocrx_word' id='word_1_319' title='bbox 621 2992 812 3068; x_wconf 89' lang='lat' dir='ltr'><strong>perquirendi;</strong></span> <span class='ocrx_word' id='word_1_320' title='bbox 842 3009 901 3066; x_wconf 85' lang='lat' dir='ltr'><strong>quae</strong></span> <span class='ocrx_word' id='word_1_321' title='bbox 931 2992 1038 3067; x_wconf 90' lang='lat' dir='ltr'><strong>quidem</strong></span> <span class='ocrx_word' id='word_1_322' title='bbox 1067 2990 1162 3048; x_wconf 91' lang='lat' dir='ltr'><strong>humili</strong></span> <span class='ocrx_word' id='word_1_323' title='bbox 1191 3005 1316 3048; x_wconf 88' lang='lat' dir='ltr'><strong>sermone</strong></span> <span class='ocrx_word' id='word_1_324' title='bbox 1345 2999 1373 3047; x_wconf 92' lang='lat' dir='ltr'><strong>et</strong></span> 
     </span>
     <span class='ocr_line' id='line_1_31' title="bbox 58 3073 1373 3151; baseline 0.005 -27"><span class='ocrx_word' id='word_1_325' title='bbox 58 3075 139 3132; x_wconf 82' lang='lat' dir='ltr'><strong>aesino</strong></span> <span class='ocrx_word' id='word_1_326' title='bbox 161 3075 220 3132; x_wconf 92' lang='lat' dir='ltr'><strong>ulle</strong></span> <span class='ocrx_word' id='word_1_327' title='bbox 243 3073 386 3148; x_wconf 76' lang='lat' dir='ltr'><strong>elegantia</strong></span> <span class='ocrx_word' id='word_1_328' title='bbox 409 3075 471 3132; x_wconf 85' lang='lat' dir='ltr'><strong>luco</strong></span> <span class='ocrx_word' id='word_1_329' title='bbox 494 3076 667 3151; x_wconf 88' lang='lat' dir='ltr'><strong>scripsimus,</strong></span> <span class='ocrx_word' id='word_1_330' title='bbox 690 3094 745 3133; x_wconf 93' lang='lat' dir='ltr'><strong>nen</strong></span> <span class='ocrx_word' id='word_1_331' title='bbox 768 3077 800 3134; x_wconf 93' lang='lat' dir='ltr'><strong>ad</strong></span> <span class='ocrx_word' id='word_1_332' title='bbox 823 3094 868 3133; x_wconf 91' lang='lat' dir='ltr'><strong>res</strong></span> <span class='ocrx_word' id='word_1_333' title='bbox 884 3079 1031 3136; x_wconf 77' lang='lat' dir='ltr'><strong>lurcorum</strong></span> <span class='ocrx_word' id='word_1_334' title='bbox 1052 3074 1220 3134; x_wconf 82' lang='lat' dir='ltr'><strong>extollendus</strong></span> <span class='ocrx_word' id='word_1_335' title='bbox 1243 3083 1270 3132; x_wconf 90' lang='lat' dir='ltr'><strong>et</strong></span> <span class='ocrx_word' id='word_1_336' title='bbox 1285 3076 1317 3133; x_wconf 91' lang='lat' dir='ltr'><strong>ad</strong></span> <span class='ocrx_word' id='word_1_337' title='bbox 1333 3076 1373 3131; x_wconf 90' lang='lat' dir='ltr'><strong>in·</strong></span> 
     </span>
     <span class='ocr_line' id='line_1_32' title="bbox 85 3160 1372 3237; baseline 0.002 -23"><span class='ocrx_word' id='word_1_338' title='bbox 85 3160 238 3216; x_wconf 90' lang='lat' dir='ltr'><strong>cutiendum</strong></span> <span class='ocrx_word' id='word_1_339' title='bbox 262 3167 393 3216; x_wconf 88' lang='lat' dir='ltr'><strong>terrerem</strong></span> <span class='ocrx_word' id='word_1_340' title='bbox 421 3160 554 3218; x_wconf 88' lang='lat' dir='ltr'><strong>blaiestati</strong></span> <span class='ocrx_word' id='word_1_341' title='bbox 581 3171 679 3219; x_wconf 77' lang='lat' dir='ltr'><strong>vestrae</strong></span> <span class='ocrx_word' id='word_1_342' title='bbox 709 3170 737 3219; x_wconf 90' lang='lat' dir='ltr'><strong>et</strong></span> <span class='ocrx_word' id='word_1_343' title='bbox 765 3161 872 3218; x_wconf 73' lang='lat' dir='ltr'><strong>certeris</strong></span> <span class='ocrx_word' id='word_1_344' title='bbox 901 3162 1069 3237; x_wconf 90' lang='lat' dir='ltr'><strong>principibus</strong></span> <span class='ocrx_word' id='word_1_345' title='bbox 1097 3160 1271 3223; x_wconf 82' lang='lat' dir='ltr'><strong>Christianis,</strong></span> <span class='ocrx_word' id='word_1_346' title='bbox 1307 3161 1372 3235; x_wconf 91' lang='lat' dir='ltr'><strong>quin</strong></span> 
     </span>
     <span class='ocr_line' id='line_1_33' title="bbox 86 3243 1371 3322; baseline 0.003 -24"><span class='ocrx_word' id='word_1_347' title='bbox 86 3245 174 3318; x_wconf 90' lang='lat' dir='ltr'><strong>petius</strong></span> <span class='ocrx_word' id='word_1_348' title='bbox 194 3253 227 3300; x_wconf 93' lang='lat' dir='ltr'><strong>ut</strong></span> <span class='ocrx_word' id='word_1_349' title='bbox 248 3243 349 3300; x_wconf 88' lang='lat' dir='ltr'><strong>clarius</strong></span> <span class='ocrx_word' id='word_1_350' title='bbox 371 3243 429 3302; x_wconf 92' lang='lat' dir='ltr'><strong>sele</strong></span> <span class='ocrx_word' id='word_1_351' title='bbox 451 3246 715 3311; x_wconf 85' lang='lat' dir='ltr'><strong>demonstraremus,</strong></span> <span class='ocrx_word' id='word_1_352' title='bbox 745 3247 767 3304; x_wconf 91' lang='lat' dir='ltr'><strong>si</strong></span> <span class='ocrx_word' id='word_1_353' title='bbox 796 3247 848 3320; x_wconf 92' lang='lat' dir='ltr'><strong>ipsi</strong></span> <span class='ocrx_word' id='word_1_354' title='bbox 870 3247 1015 3304; x_wconf 85' lang='lat' dir='ltr'><strong>Christiani</strong></span> <span class='ocrx_word' id='word_1_355' title='bbox 1043 3246 1192 3322; x_wconf 88' lang='lat' dir='ltr'><strong>potentiam</strong></span> <span class='ocrx_word' id='word_1_356' title='bbox 1224 3247 1371 3302; x_wconf 67' lang='lat' dir='ltr'><strong>turcarum</strong></span> 
     </span>
     <span class='ocr_line' id='line_1_34' title="bbox 86 3329 1369 3407; baseline 0.002 -23"><span class='ocrx_word' id='word_1_357' title='bbox 86 3337 157 3385; x_wconf 87' lang='lat' dir='ltr'><strong>recto</strong></span> <span class='ocrx_word' id='word_1_358' title='bbox 179 3329 282 3386; x_wconf 88' lang='lat' dir='ltr'><strong>iudicio</strong></span> <span class='ocrx_word' id='word_1_359' title='bbox 304 3330 512 3404; x_wconf 84' lang='lat' dir='ltr'><strong>perpendissent</strong></span> <span class='ocrx_word' id='word_1_360' title='bbox 539 3333 664 3406; x_wconf 88' lang='lat' dir='ltr'><strong>viresque</strong></span> <span class='ocrx_word' id='word_1_361' title='bbox 693 3349 756 3388; x_wconf 89' lang='lat' dir='ltr'><strong>suas</strong></span> <span class='ocrx_word' id='word_1_362' title='bbox 780 3332 969 3405; x_wconf 88' lang='lat' dir='ltr'><strong>agnovissent.</strong></span> <span class='ocrx_word' id='word_1_363' title='bbox 1000 3331 1177 3407; x_wconf 85' lang='lat' dir='ltr'><strong>iampridem</strong></span> <span class='ocrx_word' id='word_1_364' title='bbox 1198 3331 1232 3387; x_wconf 88' lang='lat' dir='ltr'><strong>de</strong></span> <span class='ocrx_word' id='word_1_365' title='bbox 1255 3329 1369 3404; x_wconf 88' lang='lat' dir='ltr'><strong>imperio</strong></span> 
     </span>
     <span class='ocr_line' id='line_1_35' title="bbox 86 3413 1440 3490; baseline -0.001 -21"><span class='ocrx_word' id='word_1_366' title='bbox 86 3413 230 3470; x_wconf 79' lang='lat' dir='ltr'><strong>&#39;lemarum</strong></span> <span class='ocrx_word' id='word_1_367' title='bbox 252 3422 340 3470; x_wconf 88' lang='lat' dir='ltr'><strong>actum</strong></span> <span class='ocrx_word' id='word_1_368' title='bbox 362 3430 432 3470; x_wconf 87' lang='lat' dir='ltr'><strong>esse.</strong></span> <span class='ocrx_word' id='word_1_369' title='bbox 451 3473 453 3482; x_wconf 84' lang='lat'>.</span> <span class='ocrx_word' id='word_1_370' title='bbox 475 3415 551 3474; x_wconf 89' lang='lat' dir='ltr'><strong>Nune</strong></span> <span class='ocrx_word' id='word_1_371' title='bbox 573 3433 666 3490; x_wconf 78' lang='lat' dir='ltr'><strong>quaese</strong></span> <span class='ocrx_word' id='word_1_372' title='bbox 690 3416 882 3473; x_wconf 86' lang='lat' dir='ltr'><strong>animadvertat</strong></span> <span class='ocrx_word' id='word_1_373' title='bbox 903 3417 1028 3474; x_wconf 87' lang='lat' dir='ltr'><strong>llaiestas</strong></span> <span class='ocrx_word' id='word_1_374' title='bbox 1057 3425 1160 3479; x_wconf 89' lang='lat' dir='ltr'><strong>vestra,</strong></span> <span class='ocrx_word' id='word_1_375' title='bbox 1190 3416 1235 3490; x_wconf 90' lang='lat' dir='ltr'><strong>qui</strong></span> <span class='ocrx_word' id='word_1_376' title='bbox 1267 3414 1440 3477; x_wconf 73' lang='lat' dir='ltr'><strong>tuertattsa·</strong></span> 
     </span>
     <span class='ocr_line' id='line_1_36' title="bbox 58 3499 1373 3576; baseline 0.005 -26"><span class='ocrx_word' id='word_1_377' title='bbox 58 3508 145 3554; x_wconf 77' lang='lat' dir='ltr'><strong>nante</strong></span> <span class='ocrx_word' id='word_1_378' title='bbox 166 3515 253 3574; x_wconf 88' lang='lat' dir='ltr'><strong>pauca</strong></span> <span class='ocrx_word' id='word_1_379' title='bbox 276 3507 400 3572; x_wconf 90' lang='lat' dir='ltr'><strong>tempera</strong></span> <span class='ocrx_word' id='word_1_380' title='bbox 422 3499 529 3563; x_wconf 75' lang='lat' dir='ltr'><strong>Turne.</strong></span> <span class='ocrx_word' id='word_1_381' title='bbox 554 3518 632 3576; x_wconf 87' lang='lat' dir='ltr'><strong>quam</strong></span> <span class='ocrx_word' id='word_1_382' title='bbox 656 3499 778 3558; x_wconf 87' lang='lat' dir='ltr'><strong>imbelles</strong></span> <span class='ocrx_word' id='word_1_383' title='bbox 800 3509 898 3575; x_wconf 89' lang='lat' dir='ltr'><strong>gentes</strong></span> <span class='ocrx_word' id='word_1_384' title='bbox 919 3501 1081 3565; x_wconf 82' lang='lat' dir='ltr'><strong>devicerint,</strong></span> <span class='ocrx_word' id='word_1_385' title='bbox 1105 3510 1132 3558; x_wconf 88' lang='lat' dir='ltr'><strong>et</strong></span> <span class='ocrx_word' id='word_1_386' title='bbox 1155 3515 1234 3576; x_wconf 88' lang='lat' dir='ltr'><strong>quum</strong></span> <span class='ocrx_word' id='word_1_387' title='bbox 1255 3500 1330 3556; x_wconf 85' lang='lat' dir='ltr'><strong>vanis</strong></span> <span class='ocrx_word' id='word_1_388' title='bbox 1345 3507 1373 3556; x_wconf 89' lang='lat' dir='ltr'><strong>et</strong></span> 
     </span>
     <span class='ocr_line' id='line_1_37' title="bbox 87 3582 1372 3660; baseline 0.002 -23"><span class='ocrx_word' id='word_1_389' title='bbox 87 3582 157 3639; x_wconf 87' lang='lat' dir='ltr'><strong>lalsis</strong></span> <span class='ocrx_word' id='word_1_390' title='bbox 180 3583 335 3642; x_wconf 89' lang='lat' dir='ltr'><strong>terroribus</strong></span> <span class='ocrx_word' id='word_1_391' title='bbox 358 3582 501 3659; x_wconf 84' lang='lat' dir='ltr'><strong>imperium</strong></span> <span class='ocrx_word' id='word_1_392' title='bbox 524 3603 603 3644; x_wconf 89' lang='lat' dir='ltr'><strong>suum</strong></span> <span class='ocrx_word' id='word_1_393' title='bbox 626 3585 767 3643; x_wconf 88' lang='lat' dir='ltr'><strong>auxerint:</strong></span> <span class='ocrx_word' id='word_1_394' title='bbox 798 3589 917 3660; x_wconf 91' lang='lat' dir='ltr'><strong>reperiet</strong></span> <span class='ocrx_word' id='word_1_395' title='bbox 946 3603 1042 3660; x_wconf 86' lang='lat' dir='ltr'><strong>nempe</strong></span> <span class='ocrx_word' id='word_1_396' title='bbox 1070 3603 1118 3644; x_wconf 91' lang='lat' dir='ltr'><strong>ees</strong></span> <span class='ocrx_word' id='word_1_397' title='bbox 1141 3585 1226 3642; x_wconf 90' lang='lat' dir='ltr'><strong>luisse</strong></span> <span class='ocrx_word' id='word_1_398' title='bbox 1249 3584 1372 3642; x_wconf 86' lang='lat' dir='ltr'><strong>hemines</strong></span> 
     </span>
     <span class='ocr_line' id='line_1_38' title="bbox 86 3665 1372 3744; baseline 0.002 -22"><span class='ocrx_word' id='word_1_399' title='bbox 86 3676 204 3741; x_wconf 77' lang='lat' dir='ltr'><strong>agrestes</strong></span> <span class='ocrx_word' id='word_1_400' title='bbox 226 3677 254 3724; x_wconf 92' lang='lat' dir='ltr'><strong>et</strong></span> <span class='ocrx_word' id='word_1_401' title='bbox 275 3669 406 3732; x_wconf 84' lang='lat' dir='ltr'><strong>inermes,</strong></span> <span class='ocrx_word' id='word_1_402' title='bbox 435 3669 525 3744; x_wconf 87' lang='lat' dir='ltr'><strong>inopia</strong></span> <span class='ocrx_word' id='word_1_403' title='bbox 555 3672 674 3728; x_wconf 91' lang='lat' dir='ltr'><strong>emnium</strong></span> <span class='ocrx_word' id='word_1_404' title='bbox 704 3687 795 3728; x_wconf 91' lang='lat' dir='ltr'><strong>rerum</strong></span> <span class='ocrx_word' id='word_1_405' title='bbox 824 3671 856 3728; x_wconf 93' lang='lat' dir='ltr'><strong>ad</strong></span> <span class='ocrx_word' id='word_1_406' title='bbox 885 3671 1027 3728; x_wconf 90' lang='lat' dir='ltr'><strong>latrocinia</strong></span> <span class='ocrx_word' id='word_1_407' title='bbox 1056 3677 1084 3727; x_wconf 90' lang='lat' dir='ltr'><strong>et</strong></span> <span class='ocrx_word' id='word_1_408' title='bbox 1112 3665 1219 3743; x_wconf 77' lang='lat' dir='ltr'><strong>rapinas</strong></span> <span class='ocrx_word' id='word_1_409' title='bbox 1248 3677 1372 3732; x_wconf 79' lang='lat' dir='ltr'><strong>coaetos:</strong></span> 
     </span>
     <span class='ocr_line' id='line_1_39' title="bbox 87 3752 1372 3829; baseline 0.001 -20"><span class='ocrx_word' id='word_1_410' title='bbox 87 3753 224 3826; x_wconf 85' lang='lat' dir='ltr'><strong>perquirat</strong></span> <span class='ocrx_word' id='word_1_411' title='bbox 245 3752 392 3827; x_wconf 89' lang='lat' dir='ltr'><strong>diligenter</strong></span> <span class='ocrx_word' id='word_1_412' title='bbox 413 3753 543 3812; x_wconf 85' lang='lat' dir='ltr'><strong>historias</strong></span> <span class='ocrx_word' id='word_1_413' title='bbox 565 3757 700 3813; x_wconf 89' lang='lat' dir='ltr'><strong>variarum</strong></span> <span class='ocrx_word' id='word_1_414' title='bbox 722 3757 860 3829; x_wconf 88' lang='lat' dir='ltr'><strong>gentium,</strong></span> <span class='ocrx_word' id='word_1_415' title='bbox 890 3757 1070 3812; x_wconf 85' lang='lat' dir='ltr'><strong>Romanorum</strong></span> <span class='ocrx_word' id='word_1_416' title='bbox 1099 3762 1272 3810; x_wconf 90' lang='lat' dir='ltr'><strong>monumenta</strong></span> <span class='ocrx_word' id='word_1_417' title='bbox 1300 3754 1372 3810; x_wconf 83' lang='lat' dir='ltr'><strong>evol·</strong></span> 
     </span>
     <span class='ocr_line' id='line_1_40' title="bbox 87 3836 1372 3913; baseline 0.005 -25"><span class='ocrx_word' id='word_1_418' title='bbox 87 3845 139 3898; x_wconf 86' lang='lat' dir='ltr'><strong>vat,</strong></span> <span class='ocrx_word' id='word_1_419' title='bbox 163 3837 281 3894; x_wconf 83' lang='lat' dir='ltr'><strong>inveniet</strong></span> <span class='ocrx_word' id='word_1_420' title='bbox 304 3855 411 3913; x_wconf 89' lang='lat' dir='ltr'><strong>semper</strong></span> <span class='ocrx_word' id='word_1_421' title='bbox 432 3839 567 3898; x_wconf 78' lang='lat' dir='ltr'><strong>Asiaticos</strong></span> <span class='ocrx_word' id='word_1_422' title='bbox 590 3841 675 3897; x_wconf 88' lang='lat' dir='ltr'><strong>luisse</strong></span> <span class='ocrx_word' id='word_1_423' title='bbox 697 3837 794 3897; x_wconf 89' lang='lat' dir='ltr'><strong>molles</strong></span> <span class='ocrx_word' id='word_1_424' title='bbox 816 3849 844 3897; x_wconf 89' lang='lat' dir='ltr'><strong>et</strong></span> <span class='ocrx_word' id='word_1_425' title='bbox 866 3841 990 3903; x_wconf 87' lang='lat' dir='ltr'><strong>timidos.</strong></span> <span class='ocrx_word' id='word_1_426' title='bbox 1020 3849 1050 3897; x_wconf 93' lang='lat' dir='ltr'><strong>ut</strong></span> <span class='ocrx_word' id='word_1_427' title='bbox 1077 3847 1150 3896; x_wconf 83' lang='lat' dir='ltr'><strong>extat</strong></span> <span class='ocrx_word' id='word_1_428' title='bbox 1178 3836 1304 3912; x_wconf 89' lang='lat' dir='ltr'><strong>vulgatus</strong></span> <span class='ocrx_word' id='word_1_429' title='bbox 1326 3837 1372 3895; x_wconf 94' lang='lat' dir='ltr'><strong>ille</strong></span> 
     </span>
     <span class='ocr_line' id='line_1_41' title="bbox 61 3920 1372 4001; baseline 0.002 -26"><span class='ocrx_word' id='word_1_430' title='bbox 61 3920 144 3977; x_wconf 84' lang='lat' dir='ltr'><strong>ululii</strong></span> <span class='ocrx_word' id='word_1_431' title='bbox 167 3923 282 3979; x_wconf 78' lang='lat' dir='ltr'><strong>Caesaris</strong></span> <span class='ocrx_word' id='word_1_432' title='bbox 306 3922 401 3980; x_wconf 91' lang='lat' dir='ltr'><strong>titulus</strong></span> <span class='ocrx_word' id='word_1_433' title='bbox 425 3941 503 3999; x_wconf 90' lang='lat' dir='ltr'><strong>quem</strong></span> <span class='ocrx_word' id='word_1_434' title='bbox 527 3925 556 3982; x_wconf 89' lang='lat' dir='ltr'><strong>in</strong></span> <span class='ocrx_word' id='word_1_435' title='bbox 577 3943 673 3988; x_wconf 87' lang='lat' dir='ltr'><strong>curru,</strong></span> <span class='ocrx_word' id='word_1_436' title='bbox 697 3942 758 3982; x_wconf 89' lang='lat' dir='ltr'><strong>curn</strong></span> <span class='ocrx_word' id='word_1_437' title='bbox 782 3944 795 3982; x_wconf 91' lang='lat' dir='ltr'><strong>a</strong></span> <span class='ocrx_word' id='word_1_438' title='bbox 819 3926 958 4001; x_wconf 88' lang='lat' dir='ltr'><strong>triumphe</strong></span> <span class='ocrx_word' id='word_1_439' title='bbox 979 3925 1094 3983; x_wconf 87' lang='lat' dir='ltr'><strong>Pontice</strong></span> <span class='ocrx_word' id='word_1_440' title='bbox 1116 3923 1231 3986; x_wconf 89' lang='lat' dir='ltr'><strong>rediret,</strong></span> <span class='ocrx_word' id='word_1_441' title='bbox 1261 3923 1372 3980; x_wconf 87' lang='lat' dir='ltr'><strong>inscribi</strong></span> 
     </span>
     <span class='ocr_line' id='line_1_42' title="bbox 88 4005 1373 4085; baseline 0.005 -27"><span class='ocrx_word' id='word_1_442' title='bbox 88 4005 200 4062; x_wconf 89' lang='lat' dir='ltr'><strong>iusserat</strong></span> <span class='ocrx_word' id='word_1_443' title='bbox 224 4023 299 4064; x_wconf 83' lang='lat' dir='ltr'><strong>veru</strong></span> <span class='ocrx_word' id='word_1_444' title='bbox 323 4023 392 4064; x_wconf 85' lang='lat' dir='ltr'><strong>vini</strong></span> <span class='ocrx_word' id='word_1_445' title='bbox 422 4023 504 4072; x_wconf 84' lang='lat' dir='ltr'><strong>vrci.</strong></span> <span class='ocrx_word' id='word_1_446' title='bbox 533 4009 668 4068; x_wconf 88' lang='lat' dir='ltr'><strong>imbellem</strong></span> <span class='ocrx_word' id='word_1_447' title='bbox 698 4009 771 4068; x_wconf 88' lang='lat' dir='ltr'><strong>illam</strong></span> <span class='ocrx_word' id='word_1_448' title='bbox 800 4020 908 4084; x_wconf 86' lang='lat' dir='ltr'><strong>gentem</strong></span> <span class='ocrx_word' id='word_1_449' title='bbox 939 4009 1095 4085; x_wconf 88' lang='lat' dir='ltr'><strong>nulliusque</strong></span> <span class='ocrx_word' id='word_1_450' title='bbox 1123 4008 1253 4066; x_wconf 89' lang='lat' dir='ltr'><strong>momenti</strong></span> <span class='ocrx_word' id='word_1_451' title='bbox 1281 4009 1373 4066; x_wconf 81' lang='lat' dir='ltr'><strong>eristi·</strong></span> 
     </span>
     <span class='ocr_line' id='line_1_43' title="bbox 88 4092 1372 4170; baseline 0.003 -24"><span class='ocrx_word' id='word_1_452' title='bbox 88 4107 173 4155; x_wconf 86' lang='lat' dir='ltr'><strong>mans;</strong></span> <span class='ocrx_word' id='word_1_453' title='bbox 198 4092 332 4166; x_wconf 88' lang='lat' dir='ltr'><strong>siquidem</strong></span> <span class='ocrx_word' id='word_1_454' title='bbox 355 4092 482 4156; x_wconf 84' lang='lat' dir='ltr'><strong>Romani,</strong></span> <span class='ocrx_word' id='word_1_455' title='bbox 506 4096 581 4152; x_wconf 89' lang='lat' dir='ltr'><strong>erbis</strong></span> <span class='ocrx_word' id='word_1_456' title='bbox 603 4097 660 4152; x_wconf 85' lang='lat' dir='ltr'><strong>lere</strong></span> <span class='ocrx_word' id='word_1_457' title='bbox 683 4095 818 4170; x_wconf 89' lang='lat' dir='ltr'><strong>quendam</strong></span> <span class='ocrx_word' id='word_1_458' title='bbox 841 4096 959 4158; x_wconf 89' lang='lat' dir='ltr'><strong>demini.</strong></span> <span class='ocrx_word' id='word_1_459' title='bbox 983 4094 1147 4170; x_wconf 88' lang='lat' dir='ltr'><strong>perplures</strong></span> <span class='ocrx_word' id='word_1_460' title='bbox 1169 4111 1254 4148; x_wconf 88' lang='lat' dir='ltr'><strong>anuos</strong></span> <span class='ocrx_word' id='word_1_461' title='bbox 1276 4102 1372 4151; x_wconf 88' lang='lat' dir='ltr'><strong>centra</strong></span> 
     </span>
     <span class='ocr_line' id='line_1_44' title="bbox 87 4173 1440 4256; baseline 0.004 -28"><span class='ocrx_word' id='word_1_462' title='bbox 87 4173 251 4232; x_wconf 76' lang='lat' dir='ltr'><strong>Numantiam</strong></span> <span class='ocrx_word' id='word_1_463' title='bbox 273 4193 353 4234; x_wconf 88' lang='lat' dir='ltr'><strong>uuam</strong></span> <span class='ocrx_word' id='word_1_464' title='bbox 376 4177 470 4236; x_wconf 88' lang='lat' dir='ltr'><strong>urbem</strong></span> <span class='ocrx_word' id='word_1_465' title='bbox 492 4179 627 4256; x_wconf 78' lang='lat' dir='ltr'><strong>llispauiae</strong></span> <span class='ocrx_word' id='word_1_466' title='bbox 650 4196 817 4256; x_wconf 73' lang='lat' dir='ltr'><strong>pugnavere,</strong></span> <span class='ocrx_word' id='word_1_467' title='bbox 841 4197 921 4254; x_wconf 89' lang='lat' dir='ltr'><strong>quam</strong></span> <span class='ocrx_word' id='word_1_468' title='bbox 943 4189 1038 4237; x_wconf 88' lang='lat' dir='ltr'><strong>centra</strong></span> <span class='ocrx_word' id='word_1_469' title='bbox 1060 4188 1145 4237; x_wconf 90' lang='lat' dir='ltr'><strong>tetam</strong></span> <span class='ocrx_word' id='word_1_470' title='bbox 1167 4179 1264 4234; x_wconf 79' lang='lat' dir='ltr'><strong>Asiam.</strong></span> <span class='ocrx_word' id='word_1_471' title='bbox 1302 4177 1440 4246; x_wconf 69' lang='lat' dir='ltr'><strong>Quidem.</strong></span> 
     </span>
     <span class='ocr_line' id='line_1_45' title="bbox 87 4263 1371 4340; baseline 0.003 -25"><span class='ocrx_word' id='word_1_472' title='bbox 87 4277 148 4332; x_wconf 90' lang='lat' dir='ltr'><strong>erge</strong></span> <span class='ocrx_word' id='word_1_473' title='bbox 171 4270 226 4317; x_wconf 90' lang='lat' dir='ltr'><strong>tarn</strong></span> <span class='ocrx_word' id='word_1_474' title='bbox 249 4277 375 4335; x_wconf 89' lang='lat' dir='ltr'><strong>magnum</strong></span> <span class='ocrx_word' id='word_1_475' title='bbox 399 4272 495 4336; x_wconf 90' lang='lat' dir='ltr'><strong>gentes</strong></span> <span class='ocrx_word' id='word_1_476' title='bbox 517 4265 649 4323; x_wconf 75' lang='lat' dir='ltr'><strong>Asiaticas</strong></span> <span class='ocrx_word' id='word_1_477' title='bbox 677 4263 800 4321; x_wconf 86' lang='lat' dir='ltr'><strong>imbelles</strong></span> <span class='ocrx_word' id='word_1_478' title='bbox 822 4274 856 4340; x_wconf 86' lang='lat' dir='ltr'><strong>et</strong></span> <span class='ocrx_word' id='word_1_479' title='bbox 884 4282 993 4340; x_wconf 90' lang='lat' dir='ltr'><strong>semper</strong></span> <span class='ocrx_word' id='word_1_480' title='bbox 1020 4265 1121 4322; x_wconf 89' lang='lat' dir='ltr'><strong>servire</strong></span> <span class='ocrx_word' id='word_1_481' title='bbox 1150 4271 1272 4320; x_wconf 90' lang='lat' dir='ltr'><strong>assuetas</strong></span> <span class='ocrx_word' id='word_1_482' title='bbox 1298 4263 1371 4320; x_wconf 91' lang='lat' dir='ltr'><strong>devi-</strong></span> 
     </span>
     <span class='ocr_line' id='line_1_46' title="bbox 60 4345 1371 4422; baseline 0.006 -26"><span class='ocrx_word' id='word_1_483' title='bbox 60 4345 172 4401; x_wconf 79' lang='lat' dir='ltr'><strong>eoisse‘t</strong></span> <span class='ocrx_word' id='word_1_484' title='bbox 196 4346 260 4418; x_wconf 88' lang='lat' dir='ltr'><strong>quid</strong></span> <span class='ocrx_word' id='word_1_485' title='bbox 283 4354 337 4404; x_wconf 88' lang='lat' dir='ltr'><strong>tam</strong></span> <span class='ocrx_word' id='word_1_486' title='bbox 361 4347 474 4406; x_wconf 90' lang='lat' dir='ltr'><strong>arduum</strong></span> <span class='ocrx_word' id='word_1_487' title='bbox 496 4349 634 4408; x_wconf 84' lang='lat' dir='ltr'><strong>Graeculos</strong></span> <span class='ocrx_word' id='word_1_488' title='bbox 657 4350 850 4412; x_wconf 75' lang='lat' dir='ltr'><strong>effeminatos,</strong></span> <span class='ocrx_word' id='word_1_489' title='bbox 875 4349 1011 4406; x_wconf 87' lang='lat' dir='ltr'><strong>intestinis</strong></span> <span class='ocrx_word' id='word_1_490' title='bbox 1034 4349 1103 4406; x_wconf 91' lang='lat' dir='ltr'><strong>ediis</strong></span> <span class='ocrx_word' id='word_1_491' title='bbox 1118 4365 1225 4422; x_wconf 89' lang='lat' dir='ltr'><strong>semper</strong></span> <span class='ocrx_word' id='word_1_492' title='bbox 1239 4347 1371 4405; x_wconf 90' lang='lat' dir='ltr'><strong>dissiden-</strong></span> 
     </span>
     <span class='ocr_line' id='line_1_47' title="bbox 88 4429 1371 4510; baseline 0.005 -27"><span class='ocrx_word' id='word_1_493' title='bbox 88 4435 126 4484; x_wconf 87' lang='lat' dir='ltr'><strong>tes</strong></span> <span class='ocrx_word' id='word_1_494' title='bbox 146 4429 317 4487; x_wconf 81' lang='lat' dir='ltr'><strong>debellasse?</strong></span> <span class='ocrx_word' id='word_1_495' title='bbox 340 4431 402 4506; x_wconf 87' lang='lat' dir='ltr'><strong>quid</strong></span> <span class='ocrx_word' id='word_1_496' title='bbox 427 4441 480 4490; x_wconf 91' lang='lat' dir='ltr'><strong>tam</strong></span> <span class='ocrx_word' id='word_1_497' title='bbox 504 4436 606 4510; x_wconf 87' lang='lat' dir='ltr'><strong>grande</strong></span> <span class='ocrx_word' id='word_1_498' title='bbox 629 4435 774 4492; x_wconf 86' lang='lat' dir='ltr'><strong>Rescianus</strong></span> <span class='ocrx_word' id='word_1_499' title='bbox 797 4443 824 4490; x_wconf 92' lang='lat' dir='ltr'><strong>et</strong></span> <span class='ocrx_word' id='word_1_500' title='bbox 838 4434 985 4508; x_wconf 87' lang='lat' dir='ltr'><strong>Bulgnres.</strong></span> <span class='ocrx_word' id='word_1_501' title='bbox 1009 4434 1131 4490; x_wconf 89' lang='lat' dir='ltr'><strong>hemines</strong></span> <span class='ocrx_word' id='word_1_502' title='bbox 1148 4433 1277 4495; x_wconf 88' lang='lat' dir='ltr'><strong>inermes.</strong></span> <span class='ocrx_word' id='word_1_503' title='bbox 1300 4433 1371 4490; x_wconf 91' lang='lat' dir='ltr'><strong>circa</strong></span> 
     </span>
     <span class='ocr_line' id='line_1_48' title="bbox 88 4513 1440 4593; baseline 0.007 -25"><span class='ocrx_word' id='word_1_504' title='bbox 88 4513 189 4570; x_wconf 85' lang='lat' dir='ltr'><strong>metalla</strong></span> <span class='ocrx_word' id='word_1_505' title='bbox 212 4524 240 4571; x_wconf 92' lang='lat' dir='ltr'><strong>et</strong></span> <span class='ocrx_word' id='word_1_506' title='bbox 262 4516 378 4590; x_wconf 88' lang='lat' dir='ltr'><strong>pecudes</strong></span> <span class='ocrx_word' id='word_1_507' title='bbox 400 4529 562 4593; x_wconf 82' lang='lat' dir='ltr'><strong>occupatos.</strong></span> <span class='ocrx_word' id='word_1_508' title='bbox 591 4517 762 4577; x_wconf 82' lang='lat' dir='ltr'><strong>subdidisse?</strong></span> <span class='ocrx_word' id='word_1_509' title='bbox 792 4519 855 4592; x_wconf 88' lang='lat' dir='ltr'><strong>quid</strong></span> <span class='ocrx_word' id='word_1_510' title='bbox 884 4527 937 4575; x_wconf 72' lang='lat' dir='ltr'><strong>mm</strong></span> <span class='ocrx_word' id='word_1_511' title='bbox 969 4535 1132 4593; x_wconf 91' lang='lat' dir='ltr'><strong>generosum</strong></span> <span class='ocrx_word' id='word_1_512' title='bbox 1154 4518 1304 4574; x_wconf 85' lang='lat' dir='ltr'><strong>besuenses</strong></span> <span class='ocrx_word' id='word_1_513' title='bbox 1327 4517 1372 4573; x_wconf 90' lang='lat' dir='ltr'><strong>de·</strong></span> <span class='ocrx_word' id='word_1_514' title='bbox 1437 4569 1440 4578; x_wconf 91' lang='lat'><em>.</em></span> 
     </span>
     <span class='ocr_line' id='line_1_49' title="bbox 88 4595 1371 4680; baseline 0.003 -28"><span class='ocrx_word' id='word_1_515' title='bbox 88 4595 242 4656; x_wconf 86' lang='lat' dir='ltr'><strong>bacchantes</strong></span> <span class='ocrx_word' id='word_1_516' title='bbox 264 4599 459 4660; x_wconf 87' lang='lat' dir='ltr'><strong>dissidentibus</strong></span> <span class='ocrx_word' id='word_1_517' title='bbox 482 4605 605 4662; x_wconf 85' lang='lat' dir='ltr'><strong>intense</strong></span> <span class='ocrx_word' id='word_1_518' title='bbox 627 4601 797 4680; x_wconf 91' lang='lat' dir='ltr'><strong>principibus</strong></span> <span class='ocrx_word' id='word_1_519' title='bbox 812 4602 957 4678; x_wconf 85' lang='lat' dir='ltr'><strong>hungariae</strong></span> <span class='ocrx_word' id='word_1_520' title='bbox 981 4604 1008 4659; x_wconf 89' lang='lat' dir='ltr'><strong>in</strong></span> <span class='ocrx_word' id='word_1_521' title='bbox 1029 4603 1196 4660; x_wconf 89' lang='lat' dir='ltr'><strong>deditionem</strong></span> <span class='ocrx_word' id='word_1_522' title='bbox 1217 4601 1371 4677; x_wconf 82' lang='lat' dir='ltr'><strong>accepisset</strong></span> 
     </span>
    </p>
   </div>
   <div class='ocr_carea' id='block_1_3' title="bbox 150 4780 1235 4852">
    <p class='ocr_par' dir='ltr' id='par_1_8' title="bbox 150 4780 1235 4852">
     <span class='ocr_line' id='line_1_50' title="bbox 150 4780 1235 4852; baseline 0.001 -20"><span class='ocrx_word' id='word_1_523' title='bbox 150 4780 161 4813; x_wconf 80' lang='lat'>&#39;</span> <span class='ocrx_word' id='word_1_524' title='bbox 177 4781 266 4834; x_wconf 85' lang='lat' dir='ltr'><strong>hostis</strong></span> <span class='ocrx_word' id='word_1_525' title='bbox 278 4787 311 4833; x_wconf 82' lang='lat' dir='ltr'><strong>lt.</strong></span> <span class='ocrx_word' id='word_1_526' title='bbox 363 4781 385 4816; x_wconf 77' lang='lat'><strong>¹⁸</strong></span> <span class='ocrx_word' id='word_1_527' title='bbox 403 4786 518 4848; x_wconf 78' lang='lat' dir='ltr'><strong>sitente]</strong></span> <span class='ocrx_word' id='word_1_528' title='bbox 536 4789 554 4840; x_wconf 86' lang='lat' dir='ltr'><strong>t&#39;.·</strong></span> <span class='ocrx_word' id='word_1_529' title='bbox 568 4801 589 4837; x_wconf 84' lang='lat' dir='ltr'><strong>e.</strong></span> <span class='ocrx_word' id='word_1_530' title='bbox 601 4789 696 4852; x_wconf 82' lang='lat' dir='ltr'><strong>posita,</strong></span> <span class='ocrx_word' id='word_1_531' title='bbox 716 4789 857 4837; x_wconf 82' lang='lat' dir='ltr'><strong>conlocata.</strong></span> <span class='ocrx_word' id='word_1_532' title='bbox 905 4781 926 4817; x_wconf 85' lang='lat'><strong>⁴¹</strong></span> <span class='ocrx_word' id='word_1_533' title='bbox 945 4781 1235 4835; x_wconf 77' lang='lat' dir='ltr'><strong>Sueton.ln1uli038.</strong></span> 
     </span>
    </p>
   </div>
   <div class='ocr_carea' id='block_1_4' title="bbox 0 0 1696 5510">
    <p class='ocr_par' dir='ltr' id='par_1_9' title="bbox 0 0 1696 5510">
     <span class='ocr_line' id='line_1_51' title="bbox 0 0 1696 5510; baseline 0 0"><span class='ocrx_word' id='word_1_534' title='bbox 0 0 1696 5510; x_wconf 95' lang='lat' dir='ltr'><strong> </strong></span> 
     </span>
    </p>
   </div>
  </div>
 </body>
</html>
