3464 5526
217 453 341 490 nurum
360 453 389 490 11
408 451 500 490 DVOE!
518 449 797 492 wlnrnrrmdsttsnx
815 449 916 488 onusto
936 451 967 486 11.
992 447 1105 486 INEVN'I'.
1125 448 1151 489 Δ.
1170 445 1247 490 ΗΒΓῘ.Δ
1316 420 1360 493 [ss

98 629 145 689 que
163 609 284 673 minime
306 616 378 689 puto
404 615 544 688 quantum
562 625 617 687 per
637 615 665 669 te
690 615 719 669 et
740 607 803 667 haec
824 607 989 668 Germaniae
1010 606 1132 676 robora,
1162 597 1263 670 torteis
1283 609 1366 688 prin·

97 714 180 790 cipes,
206 710 321 781 licebit,
344 709 513 774 defuturum
532 709 619 771 nohis
636 712 696 779 ins,
721 710 771 770 sed
789 710 980 770 memineritis
996 711 1092 770 omnia
1109 717 1241 790 tempore
1261 707 1366 772 immu-

97 815 141 872 tui
161 819 186 874 et
210 811 303 874 multa
324 813 455 880 incidere
477 811 572 873 subito
593 826 658 892 quae
679 814 745 890 quis
770 813 904 890 opinatus
925 828 984 871 non
1006 811 1056 872 sit:
1081 819 1177 892 potest
1195 815 1272 874 enim
1290 813 1363 883 deri,

98 913 163 994 qood
184 916 245 975 iam
266 932 343 1002 saepe
365 914 440 984 dixi,
463 921 495 975 ut
514 915 584 977 dnm
606 931 657 974 vos
678 914 790 975 tardius
803 914 977 976 sententiam
994 911 1091 986 tertis,
1114 913 1211 994 aliquo
1227 916 1280 976 iste
1295 933 1365 975 casu

81 1014 228 1077 solabatur.
263 1017 339 1095 quod
363 1023 522 1097 properato
540 1015 648 1077 iudicio
666 1016 732 1077 fieri
745 1035 803 1077 non
820 1021 932 1095 potest:
955 1017 1062 1095 quippe
1077 1017 1209 1078 ¹nondum
1227 1017 1284 1078 hoc
1299 1026 1436 1078 mer-§.tou

96 1119 188 1178 turarit
211 1118 379 1189 consilium,
403 1119 534 1180 nondum
554 1136 586 1179 se
612 1116 742 1196 collegit,
773 1119 948 1197 imperatum
970 1119 1058 1196 igitur
1080 1120 1264 1198 opprimetis:
1297 1119 1367 1199 quid
1453 1109 1460 1118 ’

98 1221 162 1280 enim
186 1221 360 1300 expectatis,
384 1221 454 1283 dum
475 1222 506 1280 in
529 1219 686 1281 concilium
708 1238 774 1281 suas
793 1219 884 1281 turias
899 1225 981 1296 agat,
1005 1219 1075 1280 dum
1090 1221 1143 1286 ista
1164 1220 1267 1282 auxilia
1286 1239 1367 1282 com·

97 1330 182 1399 paret,
207 1322 277 1383 dum
299 1339 331 1383 se
353 1324 379 1382 vi
400 1341 435 1384 ac
455 1324 545 1383 armis
566 1308 697 1384 muniat?
719 1320 793 1382 Male
816 1321 949 1384 differtur
971 1321 1049 1400 quod
1073 1321 1136 1384 sino
1160 1341 1247 1398 causa
1269 1325 1367 1386 ditior-

98 1429 149 1483 tur:
171 1440 245 1501 crgo
266 1431 297 1486 ut
316 1431 397 1487 recte
416 1425 513 1488 omnia
534 1431 672 1486 eventura
685 1423 870 1503 praesciatis,
893 1430 992 1484 tamen
1009 1423 1079 1502 quid
1094 1428 1205 1486 morari
1219 1427 1368 1506 oportuit?

73 1541 90 1580 10
98 1527 157 1605 quid
175 1535 293 1608 tempus
316 1527 424 1589 ducere
443 1534 472 1587 et
494 1525 612 1588 desidiae
633 1527 830 1605 suspicionem
848 1523 983 1604 praebere
1011 1528 1132 1597 exteris,
1160 1545 1288 1606 quorum
1309 1530 1367 1589 iam

98 1628 185 1688 moltis
206 1647 382 1709 persuasum
411 1630 573 1690 est'omnia
598 1629 629 1688 in
652 1629 807 1691 Germania
830 1633 1002 1689 cunctanter
1022 1629 1105 1690 fierit
1133 1629 1242 1692 Demus
1264 1636 1436 1694 aaronem.

97 1730 164 1806 ipsos
190 1749 310 1810 quoque
332 1729 446 1801 Gallos,
478 1732 557 1808 ipsos
583 1728 744 1798 Helvetios,
777 1749 792 1790 a
819 1729 926 1809 quihus
953 1729 1016 1790 haec
1043 1731 1089 1792 isti
1118 1749 1186 1811 spes
1213 1733 1373 1812 dependet·

98 1831 182 1893 odisse
201 1833 258 1908 hoc
284 1831 475 1902 maleficium,
497 1839 526 1894 et
546 1849 605 1892 non
627 1830 729 1892 dubito
751 1832 864 1903 odisse,
887 1833 984 1892 vincet
1004 1839 1102 1894 tamen
1123 1833 1268 1896 aemulatio
1288 1841 1317 1896 et
1334 1855 1370 1896 cx

97 1935 177 1992 reteri
196 1933 302 1996 invidia
323 1934 451 1995 nocendi
473 1933 558 1994 nobis
579 1934 685 2011 cupido
710 1933 835 1995 incedet.
874 1933 1020 2006 Praeterea
1046 1935 1158 1996 nulium
1182 1939 1241 1997 tani
1262 1937 1369 1999 ardens

73 2041 136 2095 uest
152 2035 267 2107 odium,
291 2037 370 2116 quod
392 2054 453 2097 non
473 2055 553 2098 mora
576 2035 742 2106 deierbeat,
765 2034 877 2097 nullum
892 2037 951 2096 tani
966 2044 1080 2098 certum
1100 2035 1267 2109 consilium,
1291 2033 1370 2116 qnod

97 2153 153 2196 non·
169 2137 307 2200 dilatione
329 2143 428 2200 nutet:
456 2139 554 2200 omnia
580 2141 716 2218 temporo
744 2139 832 2207 fiunt,
863 2139 959 2199 omnia
987 2137 1053 2199 fleri
1081 2137 1230 2209 desinunt;
1259 2142 1371 2219 spargit

97 2241 259 2302 occasiones
281 2241 340 2302 hoc
362 2248 392 2302 et
410 2241 572 2321 desperatis
600 2239 753 2302 consilium
783 2240 892 2319 aperit;
923 2257 1010 2301 nemo
1033 2242 1074 2301 ita
1101 2241 1298 2303 communitus
1317 2247 1369 2312 est,

97 2343 159 2418 quin
180 2343 203 2404 si
225 2343 380 2405 refovendi
402 2349 516 2424 tempus
539 2343 668 2412 dederis,
693 2361 724 2404 se
747 2343 903 2412 exuscitet;
929 2360 1018 2404 nemo
1044 2345 1083 2404 ito
1105 2343 1230 2413 tractus,
1257 2323 1370 2405 utnon

97 2444 179 2520 possit
200 2445 399 2508 intercedente
419 2448 511 2526 spatio
533 2447 609 2507 eires
627 2447 775 2528 recipere:
806 2463 844 2505 ne
865 2451 975 2506 cessate
998 2445 1101 2523 igitur,
1129 2463 1167 2508 ne
1187 2443 1244 2506 hoc
1270 2444 1438 2526 negli-t.¹⁰⁷.

70 2544 148 2620 ogiae
169 2564 326 2608 commune
348 2547 474 2615 bononi;
500 2549 600 2626 punito
626 2545 752 2616 sc'eicra;
783 2547 929 2608 defendite
956 2547 1169 2617 innocentiam
1198 2553 1284 2630 atque
1306 2546 1370 2608 haec

96 2653 252 2736 matureet
273 2650 330 2710 cito
353 2649 453 2721 tacite,
486 2663 523 2711 nc
552 2651 577 2710 si
600 2651 791 2719 cunctemini,
828 2648 936 2729 aliquid
962 2650 1153 2720 interveniat,
1186 2669 1244 2730 quo
1273 2652 1371 2711 minus

98 2756 190 2823 postca
211 2748 296 2812 liceat
317 2751 401 2812 vobis
422 2753 643 2814 existimationis
664 2753 807 2813 rationem
830 2749 940 2813 hebere
962 2757 1073 2813 vestrae.

156 2937 342 3006 ‘opprimatis
360 2945 390 2988 11.
444 2935 466 2971 ¹⁸
484 2935 726 3023 dilationelmorc*
739 2942 762 2988 1.
782 2938 921 2990 delatione
939 2945 970 2988 11.
988 2953 1039 2997 seo,
1053 2941 1078 2989 2.
1091 2940 1140 2989 aed
1150 2945 1220 2996 certe
1238 2937 1371 2990 diletione

95 3025 120 3068 Η.
136 3023 245 3088 acn'pcit,
1207 3025 1210 3032 '
