3468 5512
275 437 336 480 (ΠΕ
349 435 431 473 CIRCA
444 437 549 473 VICTV!
562 435 630 472 POST
644 435 823 472 OVBA'lIOllssbl
837 435 909 471 ntltc
924 434 1086 472 oueuuvtu
1099 433 1267 470 GONVElllss'·
1338 405 1411 476 487

123 593 301 652 novandum.
346 590 511 652 Bibendum
542 599 638 652 autem
668 593 726 651 viui
756 591 875 650 omniuo
898 588 983 658 nibil,
1016 589 1072 648 uisi
1101 589 1179 668 quod
1209 588 1311 650 multa'
1327 592 1466 670 pelusio.

123 707 201 774 aque
224 693 349 755 dilutum
372 695 424 762 sit,
449 702 476 754 et
499 694 578 773 quod
601 695 698 773 ipsum
720 691 826 754 subtile
848 690 976 770 alioquin
999 691 1153 752 odoratum
1177 697 1205 750 et
1227 690 1340 752 clarum
1363 695 1409 761 sit,

125 797 215 874 idque
237 794 479 856 moderatissime.
523 794 634 859 lluniat
656 812 688 855 se
710 812 780 854 vero
804 801 905 853 contra
928 794 1005 854 aeris
1027 809 1199 860 occursum,
1228 793 1411 871 temporibus
1421 807 1466 856 §.n

123 897 251 958 maxime
273 913 339 976 qum
361 898 483 976 frigore,
508 903 593 957 vento
616 915 650 956 ac
673 893 776 974 pluviis
798 895 949 962 infestare
972 899 1023 955 aut
1044 911 1114 954 rero
1130 895 1280 954 rarissime
1296 895 1325 954 in
1341 913 1409 972 pro·

97 998 258 1078 spatulum
281 1005 374 1061 exest.
420 997 524 1059 Cibum
547 996 592 1058 bis
614 998 661 1058 die
688 1003 797 1065 sumat,
828 998 940 1072 vesperi
969 996 1099 1064 tenuius,
1131 994 1231 1074 ibique
1258 1012 1465 1073 nunquamque

122 1109 187 1162 toto
209 1119 245 1162 eo
268 1109 401 1181 tempore
423 1095 566 1178 appetitui
589 1097 747 1177 indulgent,
771 1105 800 1158 et
822 1084 984 1158 satietatem
1000 1103 1032 1156 ut
1047 1115 1160 1157 summe
1176 1096 1285 1158 malum
1301 1096 1408 1173 logiam

122 1220 267 1282 eoumque
289 1203 411 1281 piscium
435 1204 511 1284 uitet,
525 1203 618 1278 magis
639 1218 726 1280 quam
750 1202 863 1270 omnia,
888 1207 916 1260 et
937 1198 1076 1259 carnibus
1097 1205 1232 1260 vescatur
1248 1217 1282 1259 ex
1299 1201 1409 1260 anima·

122 1304 194 1368 lium
217 1303 319 1382 pullis,
342 1321 407 1384 quae
430 1303 570 1365 facilioris
592 1310 660 1364 sunt
682 1303 881 1364 conuentionis
902 1320 936 1361 ac
959 1302 1061 1380 optimi
1083 1302 1177 1368 succi,
1202 1319 1267 1379 qum
1290 1321 1325 1362 ex
1348 1318 1409 1361 mc·

121 1407 257 1468 dicorum
279 1423 369 1490 super
392 1405 448 1466 hoc
470 1404 583 1484 placitis
605 1405 778 1484 dignoscere
801 1411 854 1464 est.
898 1405 993 1480 Atque
1024 1401 1086 1462 haeo
1115 1402 1149 1462 ad
1174 1402 1248 1463 duos
1270 1400 1335 1462 illos
1357 1409 1463 1470 anteo.

83 1515 186 1570 rotres
208 1525 324 1568 menses
345 1506 517 1575 referenda;
545 1523 611 1566 mm
641 1524 706 1585 quae
733 1514 876 1586 praeterea
905 1505 1103 1576 observanda,
1133 1523 1168 1565 ex
1196 1503 1242 1565 bis
1270 1522 1335 1582 qum
1362 1523 1409 1564 se·

121 1616 254 1688 quuntur
276 1607 392 1688 planius
416 1608 581 1668 discuntur:
604 1608 733 1669 breviter
755 1611 833 1669 enim
855 1607 1020 1669 admonebo
1043 1607 1190 1685 quedam,
1215 1623 1273 1666 nou
1288 1613 1347 1666 tam
1363 1605 1409 1664 bis

80 1773 86 1786 ,
121 1712 173 1789 qui
195 1727 251 1789 ope
274 1711 409 1779 Gueiaoi,
432 1729 519 1789 quam
541 1711 590 1789 qui
613 1717 762 1790 uteunque
784 1709 915 1790 quolibet
937 1729 971 1770 ex
994 1708 1100 1770 morbo
1116 1707 1335 1778 convaluerunt,
1359 1715 1410 1768 aut

121 1811 230 1893 quibus
252 1810 359 1890 alioqui
381 1813 520 1872 intentior
544 1811 716 1872 valetudinis
737 1829 808 1872 eura
832 1819 890 1882 est,
914 1811 1061 1890 sequenda
1085 1811 1214 1872 veniunt.
1253 1807 1318 1878 Quo
1339 1807 1476 1880 locoque.

120 1917 199 1976 inter‘
222 1915 370 1992 praecipua
393 1912 680 1974 animadvertendum
705 1920 762 1982 est,
793 1929 959 1992 quanquam
988 1913 1045 1974 boo
1073 1930 1176 1972 omnes
1203 1913 1260 1972 iam
1289 1918 1407 1980 norunt,

86 2015 171 2081 revel
193 2033 285 2077 uuum
307 2015 364 2076 hoc
386 2015 451 2084 esse
473 2013 609 2076 morbum
632 2014 711 2076 huno
733 2013 969 2078 molestissimum
985 2014 1063 2092 quod
1081 2015 1174 2083 iaciat,
1199 2012 1279 2092 quod
1294 2030 1410 2074 summo

121 2124 168 2179 est
189 2119 218 2178 iu
241 2116 511 2192 dieiudiliicultcs,
536 2133 603 2176 oum
626 2125 692 2194 post
713 2113 890 2177 debellatum
914 2119 981 2176 eum
1004 2134 1064 2175 non
1087 2132 1144 2175 una
1167 2113 1263 2194 aliqua
1287 2120 1317 2174 et
1338 2115 1407 2174 sim·

120 2219 189 2299 ples
204 2221 290 2280 cirea
314 2219 420 2279 rictum
443 2218 624 2280 obseruanda
647 2219 720 2280 ratio
743 2219 793 2287 sit,
825 2217 875 2278 sed
905 2215 1056 2295 multiplex
1085 2223 1115 2278 et
1137 2217 1321 2277 omnifariam
1345 2217 1408 2276 ine·

122 2319 216 2390 undu
239 2321 278 2382 ita
301 2327 333 2380 ut
354 2308 418 2399 quie
441 2319 579 2382 omnibus
601 2321 646 2387 bis
669 2319 780 2382 morbis
803 2337 877 2398 quos
900 2320 1039 2396 consequi
1056 2337 1122 2379 eum
1138 2318 1264 2379 diximus
1279 2317 1407 2380 secunda

120 2429 173 2484 aut
193 2421 313 2482 adversa
336 2431 418 2492 sunt,
442 2422 605 2500 appetenda
629 2429 679 2482 aut
701 2422 836 2500 fugienda
860 2439 919 2481 uino
942 2422 1087 2481 intutum
1110 2421 1206 2484 studio
1228 2420 1283 2480 sibi
1299 2437 1407 2499 propo·

81 2542 195 2590 eruore
218 2523 325 2586 debeat
346 2526 371 2584 is
393 2526 443 2602 qui
466 2523 619 2584 conualuit.
658 2523 755 2594 Ouare
778 2523 895 2584 curioso
917 2540 972 2601 per
994 2524 1090 2582 omnia
1106 2523 1183 2584 rictu
1199 2539 1301 2582 cavere
1317 2539 1477 2604 opor-§.u

122 2631 180 2694 tet,
204 2633 236 2686 ut
257 2625 392 2686 ordinate
414 2626 511 2686 omnia
535 2609 675 2702 agantur:
705 2617 871 2706 quanquam
902 2617 1001 2704 siquos
1023 2626 1147 2684 servavit
1169 2624 1231 2684 baec
1254 2623 1407 2694 medicina,
1459 2677 1462 2688 .

124 2729 171 2789 his
194 2721 333 2808 magnum
355 2727 502 2805 quoddam
526 2735 570 2788 est
591 2725 741 2796 solatium,
765 2728 842 2806 quod
866 2734 969 2805 putant
991 2728 1053 2788 eius
1077 2726 1161 2805 periti
1177 2731 1244 2804 post
1259 2733 1407 2804 receptam

89 2899 92 2904 ,
121 2833 167 2890 sio
189 2828 385 2890 valetudinem
409 2837 437 2890 et
460 2838 594 2890 exactum
617 2827 829 2890 observationis
852 2810 916 2907 quie
939 2846 1002 2889 eam
1027 2827 1217 2906 consequitur
1239 2835 1356 2908 tempus
1378 2829 1409 2888 iu

120 2929 203 2992 nullo
226 2949 392 3010 quenquam
416 2929 663 3009 periclitaturum.
693 2929 771 3009 quod
800 2947 859 2990 nou
890 2939 990 2991 contra
1021 2931 1172 3008 pristinam
1201 2929 1316 2990 vivendi
1339 2949 1408 2990 con·

81 3033 325 3101 assuetudinem,
349 3033 372 3092 si
395 3033 513 3109 quidem
536 3017 595 3092 non
619 3033 739 3091 omniuo
761 3031 924 3092 inordinata
941 3050 974 3092 ea
990 3031 1093 3099 luerit,
1117 3032 1263 3092 admittat:
1286 3031 1409 3110 perinde

118 3135 199 3196 enim
223 3132 434 3194 consulendum
458 3151 522 3196 esse
545 3136 571 3194 ei
595 3133 644 3211 qui
666 3135 708 3194 sio
730 3133 881 3192 restitutus
904 3141 961 3202 est,
984 3139 1071 3211 atque
1088 3133 1132 3194 bis
1147 3135 1196 3212 qui
1211 3131 1317 3216 morbo
1332 3152 1407 3194 nun·

118 3253 209 3313 quam
232 3236 303 3295 tenti
325 3233 454 3297 luerunt.
499 3234 698 3307 Quamobrem
721 3253 780 3293 nou
803 3236 839 3294 ilo
864 3235 1024 3296 currendum
1049 3253 1112 3294 esse
1135 3235 1315 3295 arbitrentur
1337 3235 1476 3311 quidem.

118 3470 173 3508 met
190 3456 229 3507 nit
247 3455 357 3520 arbetio),
377 3454 417 3519 bib
436 3471 459 3508 er
478 3457 587 3519 torulum
607 3455 679 3507 miore
697 3455 725 3506 iu
744 3455 793 3518 [riu
812 3453 944 3518 qeuoulrrit
965 3452 998 3506 tui
1016 3445 1043 3516 31⁹1
1062 3451 1128 3518 eden.
1149 3450 1182 3507 ori
1194 3454 1260 3518 lorch
1274 3453 1331 3506 triu
1344 3453 1463 3510 usluto.

118 3542 157 3604 tot
175 3533 325 3606 rr.rri'uoii,
344 3555 368 3591 rr
387 3541 417 3601 [ti
434 3537 481 3592 ocri
496 3541 543 3593 mit
562 3537 640 3602 uolet
658 3541 694 3592 oil
714 3545 761 3592 ouo
780 3543 826 3591 root
844 3538 976 3603 mulind,
996 3545 1062 3592 anuo
1080 3538 1114 3604 [ot
1131 3546 1172 3590 ert
1191 3539 1252 3590 utin
1265 3541 1346 3590 loom
1359 3545 1407 3590 uuo

79 3625 211 3691 solubtril
230 3624 293 3686 lein,
316 3633 361 3677 out
384 3626 419 3692 [ol
438 3639 462 3676 rt
477 3617 551 3689 'quum
569 3623 647 3689 melio
666 3625 773 3688 ttiudai,
797 3639 822 3675 tr
839 3623 875 3686 [ot
893 3623 966 3686 [etim
985 3621 1062 3686 obed,
1085 3633 1125 3685 not
1144 3637 1168 3674 rt
1186 3623 1241 3676 obst
1259 3619 1305 3686 ula,
1330 3622 1364 3686 [ot
1383 3628 1463 3676 etta
1527 3633 1537 3650 ³

118 3711 164 3772 tid
183 3721 224 3760 ore
244 3709 309 3761 mim
329 3715 376 3762 uuo
396 3709 458 3762 lietu
477 3714 523 3762 mot
542 3711 666 3772 bonorto,
690 3723 715 3762 rr
737 3724 761 3761 ee
783 3709 841 3773 puri
865 3710 915 3759 mot
939 3708 973 3759 im
997 3718 1037 3773 ιαμ
1060 3707 1095 3760 ori
1120 3708 1197 3770 utriq
1212 3699 1244 3770 pfl
1261 3707 1340 3773 uesper
1358 3713 1461 3764 oroi-s

119 3787 164 3857 tin
180 3799 225 3846 ooo
243 3808 267 3844 rr
283 3801 324 3846 ort
341 3794 450 3858 beqirbm
468 3795 566 3857 obbaob.
602 3793 641 3847 tlt
658 3792 695 3855 lot
713 3793 754 3859 [iq
773 3805 814 3845 ooo
831 3791 916 3856 lilium
935 3791 1025 3856 lidron,
1051 3803 1098 3844 uuo
1123 3792 1159 3855 [ot
1182 3793 1256 3856 ioum
1273 3791 1351 3856 lilium
1369 3793 1404 3853 tl·

118 3879 178 3944 teu,
195 3884 249 3930 root
267 3876 335 3942 [uult
354 3879 429 3942 iuuqr
446 3867 515 3943 itaqu
535 3873 807 3944 consterneretur,
831 3883 879 3930 om
900 3885 944 3929 om
968 3876 1002 3939 [ot
1026 3892 1050 3928 rr
1070 3877 1117 3930 orei
1141 3886 1226 3930 monet
1245 3879 1292 3930 mit
1310 3874 1405 3940 prolem
1416 3887 1463 3936 §.o

116 3962 181 4027 ftril'e
199 3965 297 4027 butten,
320 3977 368 4015 uer
389 3977 438 4016 uon
454 3963 528 4026 bitum
548 3967 611 4028 potu
630 3963 663 4032 iit·
679 3963 765 4028 prium
783 3969 889 4026 moroso,
913 3967 961 4014 ono
984 3962 1028 4012 mit
1048 3967 1089 4012 mr
1106 3961 1202 4026 citroq
1220 3958 1312 4016 uriom
1329 3960 1476 4024 lustinum.

81 4059 108 4097 :rs
120 4049 150 4100 iu
168 4047 230 4111 silet
248 4046 348 4111 iritum
365 4055 390 4111 a)
408 4049 464 4100 oller
480 4045 585 4116 millioli
604 4047 635 4114 ili
653 4045 694 4112 biti
710 4048 748 4100 uir
766 4047 903 4111 trundum
920 4047 998 4099 uomit
1018 4046 1139 4098 ortttiluu
1158 4047 1205 4111 iit,
1223 4047 1273 4110 otlo
1292 4046 1327 4110 [ot
1345 4046 1407 4098 irorr

118 4135 169 4196 odit
188 4131 245 4194 lobi
263 4133 318 4194 nod)
336 4131 493 4197 rmofouqmt
511 4133 645 4197 relucteris
666 4139 692 4195 op
715 4147 739 4185 rt
757 4131 805 4184 uiit
822 4129 862 4196 elle
877 4140 903 4194 m
921 4121 949 4192 ,ὓ
965 4138 1010 4183 tm
1028 4130 1123 4183 blotrm
1140 4131 1217 4193 siene,
1235 4129 1312 4184 aordb
1330 4131 1364 4193 [οἱ
1383 4138 1474 4188 etuti.

119 4219 180 4272 mitt
198 4213 286 4280 prolui
306 4216 386 4280 [oram
405 4217 451 4269 mil
469 4215 526 4280 rtltu
545 4213 579 4270 ori
596 4218 688 4270 trioni
706 4217 749 4282 lid>
767 4217 895 4279 isarnum
907 4217 994 4280 ‘uolam
1005 4213 1099 4268 oodric
1111 4213 1203 4269 uiam
1215 4220 1279 4280 botri
1291 4216 1355 4281 [rico
1369 4231 1408 4279 qr-

119 4303 181 4366 tuno
201 4303 286 4362 motti.
305 4303 463 4364 rubuerunt)
475 4301 517 4365 [Μ]
530 4302 626 4365 arsitio)
644 4306 735 4382 reputt?
754 4299 793 4366 tii,
809 4302 848 4353 oie
865 4301 932 4367 [riuti
951 4300 978 4352 tn
990 4309 1086 4366 qoutpr
1099 4298 1297 4365 mririqmaoit
1309 4301 1408 4365 estout-

119 4387 169 4450 μὴ
190 4385 229 4436 rio
248 4382 337 4448 prodeo
354 4383 462 4447 bellunm
475 4385 548 4448 pobm
562 4391 632 4450 mero,
645 4400 682 4438 mo
693 4401 719 4438 rr
732 4386 774 4450 [ld
787 4385 832 4440 mit
846 4383 902 4446 tileo
916 4390 963 4436 ono
975 4384 1085 4438 trinum
1097 4389 1144 4437 mot
1157 4385 1258 4438 lemorel
1271 4382 1304 4439 ori
1316 4383 1408 4448 maliq-

81 4480 111 4521 m
121 4471 213 4532 blitum
231 4471 323 4532 polire·
333 4465 380 4522 oui
397 4482 456 4520 uon
475 4468 509 4532 [ot
529 4470 563 4536 im
582 4471 650 4534 atrio)
664 4471 701 4523 rbi
715 4480 793 4532 rotro,
813 4469 856 4522 uir
867 4474 926 4522 oeni
940 4469 1058 4522 itordm
1069 4469 1108 4521 oio
1119 4470 1157 4522 uit
1168 4471 1206 4522 oie
1218 4469 1353 4534 ltoutsolm
1366 4484 1407 4534 qr·

118 4554 176 4618 nolit
195 4550 236 4617 ii,
253 4553 356 4605 sotumi
376 4566 425 4605 met
441 4545 471 4618 ,ὖ
488 4554 570 4618 ,iorum
587 4558 628 4618 pot
647 4556 692 4606 uir
710 4556 744 4608 oil
763 4569 788 4606 rr
806 4552 841 4618 ela,
862 4546 908 4606 bru
921 4567 953 4616 rut
972 4569 996 4606 rr
1015 4551 1050 4618 ab.
1065 4549 1109 4608 ord
1128 4567 1179 4608 ooo
1197 4557 1271 4608 ouo'u
1290 4553 1473 4608 brendorum·

124 4677 221 4684 ...μ--

187 4757 315 4811 'vescet
331 4759 356 4806 2.
411 4755 429 4790 ¹¹
448 4759 551 4822 leperr'm
569 4757 692 4822 quredum
711 4773 771 4822 quae
789 4773 851 4808 nori.
905 4756 924 4788 m
943 4757 1074 4807 dicluba's
1092 4761 1117 4806 2.
