3410 5524
348 410 394 478 78
476 439 597 474 flt'rntar
617 439 645 474 ill
665 439 757 474 DVCE!
777 439 1054 474 wrnrtrrtrnnunrtsttlt
1073 439 1175 474 omnnio
1194 439 1252 476 lul.
1275 439 1305 474 Ι.
1318 438 1421 476 RVG-l·
1436 433 1494 475 1517.

254 597 256 604 “
346 609 519 674 processum
542 592 598 652 est!
620 587 712 672 qarare
735 593 812 654 eninr
834 610 895 654 non
917 599 1071 672 antequam
1094 592 1159 654 hmo
1180 591 1334 673 loquerer,
1357 594 1410 655 iota
1424 611 1514 674 qaum
1529 599 1621 654 extor-

277 708 428 774 t.no.queo
443 692 500 756 lata
522 694 667 756 saumatis
689 694 751 756 esti
772 711 841 758 nam
863 695 887 754 si
909 693 954 756 vel
976 693 1087 756 nullum
1110 693 1187 757 aliud
1204 695 1316 758 lacinus
1330 695 1507 765 admisisses,
1530 713 1622 756 nonne

342 795 399 858 boc
421 795 576 858 ferendum
598 812 658 856 non
681 803 758 866 erat,
781 796 859 876 qaod
882 801 913 856 tu
935 797 1048 875 primus
1069 793 1206 875 repertus
1226 816 1259 859 cs
1281 800 1331 877 qui
1353 789 1540 862 Germaniam
1556 799 1622 874 Ger·

342 898 436 960 manis
458 897 618 960 venderesi
640 915 715 978 quos
736 899 814 959 enim
837 899 913 958 cives
934 895 1001 958 tuos
1023 900 1052 963 in
1075 895 1191 962 exilium
1213 899 1266 962 abs
1288 908 1317 962 te
1339 902 1447 962 eiectos
1469 906 1555 982 pacta
1575 917 1621 977 pe·

344 1001 429 1062 cunia
450 1017 510 1060 non
532 1017 637 1079 passus
659 1017 691 1060 es
716 1001 843 1062 revertit
870 1000 987 1080 quarmo
1014 1002 1104 1078 igitur
1131 1003 1224 1078 magis
1252 1002 1430 1083 pudepdum'
1450 1003 1546 1062 nostri
1573 1001 1638 1062 inita

342 1119 431 1181 quam
452 1100 509 1164 boe
530 1108 664 1180 tempore
687 1120 745 1181 quo
767 1108 799 1162 tn
827 1108 908 1162 tanto
937 1102 1098 1173 dedecore,
1126 1109 1205 1164 taum
1236 1104 1354 1166 inlamia
1383 1121 1418 1164 ae
1446 1103 1621 1182 turpitudine

253 1271 254 1276 γ
342 1201 506 1284 superbus,
530 1203 640 1272 audax,
663 1205 824 1282 impotens,
848 1204 1036 1281 penlrdiosus,
1060 1203 1202 1276 erudelis,
1224 1204 1351 1266 insolens
1373 1213 1403 1267 et
1424 1213 1556 1266 extrem
1577 1223 1622 1265 ne

342 1306 435 1392 larius
456 1303 721 1386 splendidissimam
743 1307 832 1376 armis
854 1323 889 1366 ac
910 1307 981 1366 viris
1002 1307 1128 1385 patriam
1149 1307 1186 1368 ad
1208 1315 1293 1386 tuurn
1313 1306 1427 1369 libitum
1456 1305 1568 1368 claudis
1592 1325 1621 1367 ac

277 1409 466 1488 §.comperiat
487 1407 644 1469 Meministi
665 1425 736 1488 ergo
758 1407 828 1486 quid
849 1407 898 1470 ille
920 1408 973 1476 tibi
995 1407 1092 1488 nuper'
1113 1407 1180 1471 exul
1200 1409 1388 1490 responderit
1410 1409 1476 1488 (nisi
1499 1409 1575 1488 quod
1595 1411 1620 1468 in

342 1512 489 1590 frequenti
516 1509 668 1571 bominum
696 1525 833 1572 sermone
861 1517 920 1581 est,
950 1509 1054 1572 laisum
1077 1511 1273 1592 convincisla
1300 1517 1360 1592 qim
1385 1529 1442 1590 pro
1470 1510 1568 1572 reditu
1593 1512 1620 1568 in
1630 1523 1649 1562 n

342 1607 467 1694 patriam
484 1612 561 1685 xiix
576 1629 683 1674 aureos
697 1613 821 1691 petiisti?
842 1629 941 1674 nonne
955 1611 1012 1674 hoc
1035 1613 1109 1674 ‘Non
1131 1593 1163 1675 se
1185 1621 1352 1694 empturum
1372 1631 1409 1674 ea
1431 1629 1498 1691 quae
1519 1619 1548 1673 te
1568 1629 1622 1672 non

345 1716 477 1795 principe
505 1714 699 1794 possedisset,
728 1714 834 1779 deinde
860 1731 920 1774 non
942 1712 1059 1794 placere
1081 1715 1136 1776 sibi
1156 1717 1270 1784 rivere,
1300 1713 1351 1774 ubi
1373 1722 1404 1775 ιιι
1427 1715 1516 1775 tantis
1530 1711 1621 1774 'scele-

276 1815 449 1887 tronrihus,
473 1824 591 1897 tamque
613 1817 737 1896 impuris
759 1815 938 1878 iecinoribus
960 1815 1089 1897 pollutus
1109 1814 1296 1880 domineris’i
1324 1815 1438 1885 Videte,
1469 1833 1539 1884 oro,
1569 1833 1621 1895 quo

342 1917 408 1980 loco
430 1919 584 2010 ponendus
606 1919 643 1982 sit
664 1919 713 1980 bic
735 1925 834 1979 noster
856 1924 1031 1999 personatus
1045 1917 1223 1990 Alexander,
1245 1920 1408 1980 amicornm
1424 1919 1621 1996 interemptor,

343 2037 440 2100 aquo
463 2017 542 2082 llllll
563 2022 660 2082 aureis
680 2019 786 2083 redimi
808 2019 926 2084 exilium
953 2020 1080 2086 hominis
1105 2029 1217 2100 potest:
1247 2039 1282 2083 ex
1308 2021 1366 2082 hoc
1393 2037 1454 2082 uno
1482 2019 1651 2087 membran

343 2123 511 2185 uniuersum
531 2121 679 2186 scelerum
701 2130 820 2184 tuorum
841 2139 950 2208 corpus
972 2140 1152 2202 cognoscere
1174 2123 1257 2185 licet:
1286 2121 1337 2184 sed
1359 2122 1425 2192 ¹boc
1446 2124 1559 2182 utinam
1580 2139 1623 2181 so·

340 2223 403 2286 lum
425 2225 546 2288 fecisses
566 2223 755 2305 lacerosque,
783 2243 840 2286 nec
866 2227 897 2286 in
919 2243 975 2286 nos
996 2226 1097 2287 saevire
1120 2225 1239 2305 dignum
1263 2225 1407 2286 duxisses!
1435 2224 1492 2289 boo
1520 2240 1577 2300 ego
1601 2223 1624 2284 si
1696 2302 1699 2310 ,

342 2341 432 2406 prece
453 2332 503 2388 aut
524 2327 619 2406 pretio
638 2325 694 2388 abs
714 2333 744 2388 te
765 2327 918 2406 impetrari
940 2326 1102 2406 voluisses,
1120 2329 1198 2408 quod
1220 2345 1275 2408 pro
1296 2345 1364 2412 meo
1386 2327 1482 2407 eapite
1503 2343 1563 2386 non
1586 2325 1623 2386 la»

343 2445 457 2498 cerem,
473 2430 511 2490 ¹in
532 2428 609 2492 illins
630 2428 724 2492 salute
747 2429 944 2493 conservanda
967 2427 1091 2509 supplex
1114 2430 1164 2491 tibi
1188 2431 1360 2499 extitissem,
1383 2447 1419 2488 ac
1440 2429 1465 2490 si
1488 2427 1552 2488 lieri
1573 2443 1624 2506 per

329 2538 371 2592 ·te
392 2530 537 2602 boumset,
567 2547 734 2592 exorassem
756 2547 814 2610 quo
836 2548 874 2592 ne
896 2530 1127 2610 pulcherrimum
1154 2529 1240 2594 nobis
1260 2531 1456 2594 lluttenorum
1483 2530 1651 2592 auterresn

273 2645 342 2696 §Mur
350 2633 404 2694 etsi
426 2634 503 2694 enim
525 2634 637 2711 gratius
659 2632 716 2693 boc
730 2638 865 2711 tempore
879 2631 950 2694 nibil
965 2631 1051 2694 nobis
1066 2633 1312 2714 acciderepotest
1325 2651 1413 2713 quarn
1428 2639 1462 2693 ιιι
1476 2639 1523 2702 tu,
1548 2629 1623 2710 qood

340 2734 465 2798 meritus
480 2753 521 2807 es,
544 2732 733 2796 acerbissime
748 2735 894 2828 puniaris,
917 2735 974 2796 hoc
995 2742 1094 2798 manen
1115 2735 1267 2798 mallemus
1289 2743 1338 2796 tua
1360 2733 1442 2796 illum
1457 2733 1623 2796 misericor·

343 2836 390 2898 dia
411 2835 508 2898 rivere
531 2853 619 2915 quam
640 2841 742 2896 nostro
763 2842 793 2897 te
815 2835 917 2898 solatio
939 2839 1024 2898 mori
1067 2837 1133 2900 lluc
1153 2855 1209 2898 nos
1230 2838 1355 2900 miserim
1376 2837 1537 2905 coniecisti,
1560 2853 1622 2914 per·

266 2965 272 2980 ·
343 2937 420 3008 dite,
441 2945 475 2998 ut
495 2954 532 2999 ne
554 2936 698 3018 supplicio
720 2938 837 3018 quidem
857 2945 911 2998 tuo
925 2939 1067 3022 restingui
1081 2946 1182 3001 noster
1197 2939 1292 3000 luctus
1307 2944 1403 3018 queat.
1447 2939 1486 2999 ita
1508 2936 1621 3003 acerba,

343 3041 385 3102 ita
405 3039 522 3118 indigua
544 3046 612 3102 sunt
634 3041 746 3102 omnia:
768 3041 849 3118 prius
871 3039 919 3101 ille
941 3056 1029 3118 quam
1052 3047 1080 3102 te
1102 3040 1157 3102 sibi
1172 3041 1443 3109 inimicumsoiret,
1456 3047 1551 3100 ‘tuum
1566 3036 1650 3116 gia-a

345 3143 425 3204 dium
455 3141 538 3212 vidit,
567 3141 705 3221 idemque
733 3141 814 3222 prius
842 3143 956 3220 accepit
983 3140 1087 3205 vulnus
1118 3141 1205 3223 ιιιιιιιι
1238 3141 1320 3206 illum
1353 3142 1466 3204 rideret
1497 3141 1622 3221 gladon

231 3309 246 3326 ,
274 3256 342 3307 §.rsa
350 3244 457 3306 inermi
469 3241 682 3314 sibi-incanto
703 3263 738 3306 ac
759 3244 834 3306 nibil
856 3243 914 3306 tale
935 3246 1078 3306 metuenti
1099 3245 1286 3325 impressum.
1332 3243 1356 3306 0
1379 3243 1459 3305 nulla
1482 3241 1623 3304 sermonis

342 3346 497 3426 asperitato
519 3345 639 3425 dignum
661 3349 692 3408 iu
714 3346 834 3408 modum
857 3344 1029 3426 explicabile
1057 3353 1141 3410 tuum
1168 3345 1279 3412 scelus!
1308 3346 1411 3408 Fidem
1439 3344 1622 3425 implorabat

342 3467 408 3530 qum
429 3449 458 3510 in
480 3455 510 3510 te
531 3446 612 3510 nulla
634 3455 713 3518 erat,
736 3447 816 3510 nulla
837 3465 967 3526 unquam
991 3448 1099 3518 sumat,
1124 3467 1212 3527 quam
1233 3448 1282 3510 ille
1303 3455 1406 3510 tamen
1424 3449 1534 3526 ingenii
1557 3448 1622 3508 sin·

341 3551 469 3632 plicitate
492 3551 557 3614 esse
577 3549 714 3631 putabat:
744 3550 850 3634 deinde
877 3567 960 3614 suam
989 3548 1134 3627 allegabat
1154 3551 1370 3619 innocentiam,
1398 3565 1522 3610 suorum
1543 3549 1574 3608 in
1596 3535 1651 3607 teo

342 3654 529 3724 meritorum,
552 3655 598 3715 sui
619 3652 752 3733 obsequii
773 3651 966 3722 admonebat,
987 3670 1042 3731 per
1057 3651 1252 3714 Christianam
1275 3653 1427 3731 pietatem,
1450 3669 1506 3731 per
1521 3649 1624 3712 Christi

343 3757 577 3822 misericordiam
603 3755 719 3818 orabat:
746 3755 855 3835 quibus
885 3753 1022 3819 omnibns
1049 3754 1114 3815 lieri
1141 3772 1201 3816 non
1228 3755 1340 3833 potuit,
1368 3762 1401 3814 ιιι
1428 3760 1461 3814 tn
1484 3752 1573 3814 ullam
1594 3753 1622 3809 in

274 3853 461 3940 coc-partem
484 3857 672 3922 humanitatis
692 3876 877 3920 revocarere.
921 3857 1017 3920 Homo
1038 3857 1145 3917 saeritia
1168 3874 1202 3917 ao
1224 3856 1403 3930 immunitato
1425 3855 1622 3921 invictissime,

341 3980 402 4044 quo
421 3969 453 4024 te
472 3959 537 4024 loco
559 3961 683 4040 ponam?
703 3977 764 4040 quo
785 3961 855 4022 satis
877 3959 965 4039 digno
987 3975 1124 4020 sermone
1144 3959 1174 4018 in
1196 3957 1297 4020 literas
1318 3957 1465 4030 reierami
1485 3963 1533 4018 tua
1557 3972 1623 4014 cru·

342 4063 458 4136 delitate
481 4070 617 4144 superata
640 4064 735 4123 omnis
758 4068 801 4123 est
821 4061 991 4124 barbaries:
1011 4062 1074 4140 ipse
1089 4059 1257 4138 exemplum
1272 4061 1398 4140 posteris
1412 4059 1528 4120 edidisti
1543 4055 1650 4135 quodsi

339 4165 450 4226 imitari
471 4164 546 4226 lorte
568 4164 686 4244 aliquis,
710 4181 852 4243 superare
873 4182 959 4226 nemo
982 4163 1088 4242 possit,
1110 4179 1150 4224 ne
1170 4179 1288 4240 aequare
1304 4161 1438 4242 quidem:
1460 4159 1530 4239 quid
1545 4159 1622 4222 enim

340 4267 389 4328 isti
405 4264 468 4328 sibi
488 4265 591 4326 volunt
620 4267 705 4326 toties
723 4266 850 4343 *repetiti
877 4266 966 4334 ictus,
995 4265 1050 4326 ista
1079 4263 1296 4342 sanguinolenti
1325 4264 1463 4343 corporis
1490 4262 1622 4339 raptatis,

339 4369 395 4430 ista
415 4369 588 4430 innocenter
610 4368 699 4430 occisi
720 4365 773 4432 abs
795 4375 824 4428 te
845 4365 1037 4447 pulcherrimi
1058 4367 1170 4428 iuvenis
1192 4367 1361 4446 suspensio,
1384 4366 1446 4427 ista
1468 4361 1504 4424 ad
1524 4361 1622 4444 sepul·

407 4587 419 4622 ¹
437 4594 466 4640 et
482 4594 512 4639 11.
531 4601 565 4638 ac
583 4591 606 4639 1.
664 4585 686 4620 ¹⁰
702 4587 892 4639 Memorabilis
910 4587 960 4639 sed
977 4587 1002 4637 si
1019 4585 1091 4638 bene
1109 4585 1221 4636 memini
1245 4585 1295 4636 abs
1312 4601 1402 4636 rerum
1419 4582 1628 4644 vincinarum,

340 4673 520 4742 scriptoribus
539 4687 593 4724 noa
611 4677 761 4728 memorata
777 4674 910 4727 nonullo.
967 4669 988 4705 ¹⁸
1006 4667 1085 4742 tend,
1103 4675 1127 4722 l.
1191 4669 1211 4704 ¹⁴
1229 4671 1303 4732 Ecce
1321 4670 1420 4726 iterum
1439 4670 1519 4722 etiem
1537 4668 1619 4719 Alex·

340 4761 427 4813 nuder
444 4773 505 4810 cum
524 4757 607 4810 Clito.
625 4757 668 4809 Cl.
682 4765 751 4810 orat.
764 4759 787 4810 1.
801 4759 824 4822 ξ.
837 4757 877 4808 ot.
929 4755 952 4794 ²⁰
968 4747 1168 4823 puoberrimuu'r
1188 4759 1211 4806 1.
