<?xml version="1.0" encoding="UTF-8"?>
<!DOCTYPE html PUBLIC "-//W3C//DTD XHTML 1.0 Transitional//EN"
    "http://www.w3.org/TR/xhtml1/DTD/xhtml1-transitional.dtd">
<html xmlns="http://www.w3.org/1999/xhtml" xml:lang="en" lang="en">
 <head>
  <title>
</title>
<meta http-equiv="Content-Type" content="text/html;charset=utf-8" />
  <meta name='ocr-system' content='tesseract 3.04.00' />
  <meta name='ocr-capabilities' content='ocr_page ocr_carea ocr_par ocr_line ocrx_word'/>
</head>
<body>
  <div class='ocr_page' id='page_1' title='image "./ulrichihuttenie12huttgoog_0215.png"; bbox 0 0 3382 5516; ppageno 0'>
   <div class='ocr_carea' id='block_1_1' title="bbox 306 438 1432 529">
    <p class='ocr_par' dir='ltr' id='par_1_1' title="bbox 306 438 1432 529">
     <span class='ocr_line' id='line_1_1' title="bbox 306 438 1432 529; baseline 0 -28"><span class='ocrx_word' id='word_1_1' title='bbox 306 496 313 512; x_wconf 88' lang='grc'><strong>,</strong></span> <span class='ocrx_word' id='word_1_2' title='bbox 347 438 419 509; x_wconf 80' lang='grc'><strong>198</strong></span> <span class='ocrx_word' id='word_1_3' title='bbox 538 467 722 504; x_wconf 79' lang='lat' dir='ltr'><strong>urxrrrrurasr</strong></span> <span class='ocrx_word' id='word_1_4' title='bbox 735 466 858 502; x_wconf 72' lang='lat' dir='ltr'><strong>ussurus</strong></span> <span class='ocrx_word' id='word_1_5' title='bbox 871 466 907 502; x_wconf 82' lang='lat' dir='ltr'><strong>an</strong></span> <span class='ocrx_word' id='word_1_6' title='bbox 919 451 1073 502; x_wconf 81' lang='lat' dir='ltr'><strong>rsrscrrvri</strong></span> <span class='ocrx_word' id='word_1_7' title='bbox 1088 461 1251 512; x_wconf 69' lang='lat' dir='ltr'><strong>sessurum</strong></span> <span class='ocrx_word' id='word_1_8' title='bbox 1265 465 1432 529; x_wconf 73' lang='lat' dir='ltr'><strong>nssroqsvrr.</strong></span> 
     </span>
    </p>
   </div>
   <div class='ocr_carea' id='block_1_2' title="bbox 344 607 1684 780">
    <p class='ocr_par' dir='ltr' id='par_1_2' title="bbox 344 607 1684 780">
     <span class='ocr_line' id='line_1_2' title="bbox 344 607 1684 690; baseline -0.001 -16"><span class='ocrx_word' id='word_1_9' title='bbox 344 621 505 690; x_wconf 82' lang='lat' dir='ltr'><strong>prreteudit,</strong></span> <span class='ocrx_word' id='word_1_10' title='bbox 525 623 554 672; x_wconf 87' lang='lat' dir='ltr'><strong>sl</strong></span> <span class='ocrx_word' id='word_1_11' title='bbox 570 621 737 672; x_wconf 81' lang='lat' dir='ltr'><strong>necessariis</strong></span> <span class='ocrx_word' id='word_1_12' title='bbox 754 621 811 672; x_wconf 90' lang='lat' dir='ltr'><strong>suis</strong></span> <span class='ocrx_word' id='word_1_13' title='bbox 828 620 936 687; x_wconf 77' lang='lat' dir='ltr'><strong>palutio</strong></span> <span class='ocrx_word' id='word_1_14' title='bbox 953 607 1075 682; x_wconf 86' lang='lat' dir='ltr'><strong>molitur,</strong></span> <span class='ocrx_word' id='word_1_15' title='bbox 1098 619 1199 672; x_wconf 77' lang='lat' dir='ltr'><strong>Christi</strong></span> <span class='ocrx_word' id='word_1_16' title='bbox 1223 619 1343 672; x_wconf 84' lang='lat' dir='ltr'><strong>fidelium</strong></span> <span class='ocrx_word' id='word_1_17' title='bbox 1360 620 1517 674; x_wconf 80' lang='lat' dir='ltr'><strong>libertatem</strong></span> <span class='ocrx_word' id='word_1_18' title='bbox 1533 627 1613 672; x_wconf 65' lang='lat' dir='ltr'><strong>ense</strong></span> <span class='ocrx_word' id='word_1_19' title='bbox 1683 607 1684 610; x_wconf 22' lang='lat'>¹</span> 
     </span>
     <span class='ocr_line' id='line_1_3' title="bbox 344 704 1613 780; baseline 0 -22"><span class='ocrx_word' id='word_1_20' title='bbox 344 711 402 769; x_wconf 86' lang='lat' dir='ltr'><strong>tat,</strong></span> <span class='ocrx_word' id='word_1_21' title='bbox 421 706 467 772; x_wconf 87' lang='lat' dir='ltr'><strong>qui</strong></span> <span class='ocrx_word' id='word_1_22' title='bbox 485 706 542 757; x_wconf 88' lang='lat' dir='ltr'><strong>suls</strong></span> <span class='ocrx_word' id='word_1_23' title='bbox 560 720 647 771; x_wconf 76' lang='lat' dir='ltr'><strong>regua</strong></span> <span class='ocrx_word' id='word_1_24' title='bbox 671 705 762 757; x_wconf 85' lang='lat' dir='ltr'><strong>doust.</strong></span> <span class='ocrx_word' id='word_1_25' title='bbox 803 705 867 756; x_wconf 82' lang='lat' dir='ltr'><strong>Alis</strong></span> <span class='ocrx_word' id='word_1_26' title='bbox 890 704 968 770; x_wconf 76' lang='lat' dir='ltr'><strong>plura</strong></span> <span class='ocrx_word' id='word_1_27' title='bbox 991 705 1188 756; x_wconf 71' lang='lat' dir='ltr'><strong>contumeliose</strong></span> <span class='ocrx_word' id='word_1_28' title='bbox 1205 705 1376 756; x_wconf 86' lang='lat' dir='ltr'><strong>blattersbat</strong></span> <span class='ocrx_word' id='word_1_29' title='bbox 1392 707 1542 780; x_wconf 72' lang='lat' dir='ltr'><strong>liuttouusr</strong></span> <span class='ocrx_word' id='word_1_30' title='bbox 1561 712 1613 758; x_wconf 75' lang='lat' dir='ltr'><strong>teu·</strong></span> 
     </span>
    </p>
   </div>
   <div class='ocr_carea' id='block_1_3' title="bbox 262 789 1614 866">
    <p class='ocr_par' dir='ltr' id='par_1_3' title="bbox 262 789 1614 866">
     <span class='ocr_line' id='line_1_4' title="bbox 262 789 1614 866; baseline 0.002 -26"><span class='ocrx_word' id='word_1_31' title='bbox 262 853 270 866; x_wconf 31' lang='grc'><strong>,</strong></span> <span class='ocrx_word' id='word_1_32' title='bbox 343 795 455 855; x_wconf 90' lang='lat' dir='ltr'><strong>tumque</strong></span> <span class='ocrx_word' id='word_1_33' title='bbox 474 790 564 855; x_wconf 86' lang='lat' dir='ltr'><strong>potuit</strong></span> <span class='ocrx_word' id='word_1_34' title='bbox 580 789 710 852; x_wconf 88' lang='lat' dir='ltr'><strong>diceudo,</strong></span> <span class='ocrx_word' id='word_1_35' title='bbox 728 795 759 842; x_wconf 90' lang='lat' dir='ltr'><strong>ut</strong></span> <span class='ocrx_word' id='word_1_36' title='bbox 776 789 916 840; x_wconf 83' lang='lat' dir='ltr'><strong>Friderico</strong></span> <span class='ocrx_word' id='word_1_37' title='bbox 934 789 1036 840; x_wconf 78' lang='lat' dir='ltr'><strong>Sereni</strong></span> <span class='ocrx_word' id='word_1_38' title='bbox 1054 805 1107 841; x_wconf 92' lang='lat' dir='ltr'><strong>non</strong></span> <span class='ocrx_word' id='word_1_39' title='bbox 1125 789 1241 840; x_wconf 86' lang='lat' dir='ltr'><strong>dilficile</strong></span> <span class='ocrx_word' id='word_1_40' title='bbox 1259 790 1344 840; x_wconf 86' lang='lat' dir='ltr'><strong>luerit</strong></span> <span class='ocrx_word' id='word_1_41' title='bbox 1360 790 1503 856; x_wconf 86' lang='lat' dir='ltr'><strong>Principes</strong></span> <span class='ocrx_word' id='word_1_42' title='bbox 1519 791 1614 842; x_wconf 69' lang='lat' dir='ltr'><strong>uteru</strong></span> 
     </span>
    </p>
   </div>
   <div class='ocr_carea' id='block_1_4' title="bbox 344 873 1630 1196">
    <p class='ocr_par' dir='ltr' id='par_1_4' title="bbox 344 873 1630 1196">
     <span class='ocr_line' id='line_1_5' title="bbox 345 873 1614 955; baseline 0 -30"><span class='ocrx_word' id='word_1_43' title='bbox 345 889 389 925; x_wconf 90' lang='lat' dir='ltr'><strong>res</strong></span> <span class='ocrx_word' id='word_1_44' title='bbox 413 889 446 925; x_wconf 93' lang='lat' dir='ltr'><strong>eo</strong></span> <span class='ocrx_word' id='word_1_45' title='bbox 468 873 619 937; x_wconf 86' lang='lat' dir='ltr'><strong>adducere,</strong></span> <span class='ocrx_word' id='word_1_46' title='bbox 642 881 674 928; x_wconf 84' lang='lat' dir='ltr'><strong>nt</strong></span> <span class='ocrx_word' id='word_1_47' title='bbox 695 875 824 926; x_wconf 87' lang='lat' dir='ltr'><strong>schedam</strong></span> <span class='ocrx_word' id='word_1_48' title='bbox 848 875 1037 941; x_wconf 77' lang='lat' dir='ltr'>conceperint,</span> <span class='ocrx_word' id='word_1_49' title='bbox 1065 875 1094 926; x_wconf 89' lang='lat' dir='ltr'><strong>iu</strong></span> <span class='ocrx_word' id='word_1_50' title='bbox 1122 889 1176 940; x_wconf 88' lang='lat' dir='ltr'><strong>qna</strong></span> <span class='ocrx_word' id='word_1_51' title='bbox 1199 875 1380 941; x_wconf 68' lang='lat' dir='ltr'><strong>expeditionis</strong></span> <span class='ocrx_word' id='word_1_52' title='bbox 1405 879 1504 955; x_wconf 74' lang='lat' dir='ltr'><strong>poutra</strong></span> <span class='ocrx_word' id='word_1_53' title='bbox 1523 877 1614 926; x_wconf 78' lang='lat' dir='ltr'><strong>Turres</strong></span> 
     </span>
     <span class='ocr_line' id='line_1_6' title="bbox 344 940 1630 1026; baseline -0.001 -17"><span class='ocrx_word' id='word_1_54' title='bbox 344 960 485 1026; x_wconf 76' lang='lat' dir='ltr'><strong>negotium</strong></span> <span class='ocrx_word' id='word_1_55' title='bbox 503 959 538 1010; x_wconf 86' lang='lat' dir='ltr'><strong>ad</strong></span> <span class='ocrx_word' id='word_1_56' title='bbox 556 959 614 1010; x_wconf 84' lang='lat' dir='ltr'><strong>elis</strong></span> <span class='ocrx_word' id='word_1_57' title='bbox 631 957 748 1010; x_wconf 83' lang='lat' dir='ltr'><strong>Comitis</strong></span> <span class='ocrx_word' id='word_1_58' title='bbox 765 951 944 1010; x_wconf 71' lang='lat' dir='ltr'><strong>differendum</strong></span> <span class='ocrx_word' id='word_1_59' title='bbox 962 974 1023 1010; x_wconf 86' lang='lat' dir='ltr'><strong>esse</strong></span> <span class='ocrx_word' id='word_1_60' title='bbox 1041 958 1237 1020; x_wconf 77' lang='lat' dir='ltr'><strong>existimerint,</strong></span> <span class='ocrx_word' id='word_1_61' title='bbox 1260 940 1375 1024; x_wconf 68' lang='lat' dir='ltr'><strong>eaque</strong></span> <span class='ocrx_word' id='word_1_62' title='bbox 1392 958 1454 1010; x_wconf 83' lang='lat' dir='ltr'><strong>loc&#39;o</strong></span> <span class='ocrx_word' id='word_1_63' title='bbox 1471 962 1630 1026; x_wconf 77' lang='lat' dir='ltr'><strong>responsio-t</strong></span> 
     </span>
     <span class='ocr_line' id='line_1_7' title="bbox 344 1043 1616 1110; baseline 0 -16"><span class='ocrx_word' id='word_1_64' title='bbox 344 1045 387 1094; x_wconf 86' lang='lat' dir='ltr'><strong>nis</strong></span> <span class='ocrx_word' id='word_1_65' title='bbox 404 1043 595 1094; x_wconf 78' lang='lat' dir='ltr'><strong>Merimiliano</strong></span> <span class='ocrx_word' id='word_1_66' title='bbox 614 1049 643 1094; x_wconf 89' lang='lat' dir='ltr'><strong>et</strong></span> <span class='ocrx_word' id='word_1_67' title='bbox 659 1045 775 1110; x_wconf 80' lang='lat' dir='ltr'><strong>Legatie</strong></span> <span class='ocrx_word' id='word_1_68' title='bbox 797 1043 963 1110; x_wconf 81' lang='lat' dir='ltr'><strong>Apostolicis</strong></span> <span class='ocrx_word' id='word_1_69' title='bbox 985 1044 1160 1095; x_wconf 78' lang='lat' dir='ltr'><strong>obtruseriut</strong></span> <span class='ocrx_word' id='word_1_70' title='bbox 1196 1045 1239 1094; x_wconf 78' lang='lat' dir='ltr'><strong>Ea</strong></span> <span class='ocrx_word' id='word_1_71' title='bbox 1259 1043 1383 1110; x_wconf 78' lang='lat' dir='ltr'><strong>perlecto</strong></span> <span class='ocrx_word' id='word_1_72' title='bbox 1405 1049 1434 1094; x_wconf 89' lang='lat' dir='ltr'><strong>et</strong></span> <span class='ocrx_word' id='word_1_73' title='bbox 1454 1049 1558 1096; x_wconf 83' lang='lat' dir='ltr'><strong>mature</strong></span> <span class='ocrx_word' id='word_1_74' title='bbox 1579 1062 1616 1094; x_wconf 82' lang='lat' dir='ltr'><strong>sr-</strong></span> 
     </span>
     <span class='ocr_line' id='line_1_8' title="bbox 347 1121 1615 1196; baseline 0 -16"><span class='ocrx_word' id='word_1_75' title='bbox 347 1129 470 1180; x_wconf 80' lang='lat' dir='ltr'><strong>emiuuts</strong></span> <span class='ocrx_word' id='word_1_76' title='bbox 488 1127 583 1179; x_wconf 71' lang='lat' dir='ltr'><strong>Cesar</strong></span> <span class='ocrx_word' id='word_1_77' title='bbox 599 1129 738 1180; x_wconf 86' lang='lat' dir='ltr'><strong>sententia</strong></span> <span class='ocrx_word' id='word_1_78' title='bbox 755 1129 922 1194; x_wconf 81' lang='lat' dir='ltr'><strong>Legatorum</strong></span> <span class='ocrx_word' id='word_1_79' title='bbox 940 1133 971 1179; x_wconf 87' lang='lat' dir='ltr'><strong>et</strong></span> <span class='ocrx_word' id='word_1_80' title='bbox 986 1127 1130 1180; x_wconf 87' lang='lat' dir='ltr'><strong>Orstorum</strong></span> <span class='ocrx_word' id='word_1_81' title='bbox 1148 1129 1176 1178; x_wconf 92' lang='lat' dir='ltr'><strong>iu</strong></span> <span class='ocrx_word' id='word_1_82' title='bbox 1193 1121 1300 1180; x_wconf 75' lang='lat' dir='ltr'><strong>medum</strong></span> <span class='ocrx_word' id='word_1_83' title='bbox 1311 1133 1471 1194; x_wconf 79' lang='lat' dir='ltr'><strong>sequentem</strong></span> <span class='ocrx_word' id='word_1_84' title='bbox 1483 1129 1615 1196; x_wconf 87' lang='lat' dir='ltr'><strong>respoudit</strong></span> 
     </span>
    </p>
   </div>
   <div class='ocr_carea' id='block_1_5' title="bbox 796 1283 1169 1342">
    <p class='ocr_par' dir='ltr' id='par_1_5' title="bbox 796 1283 1169 1342">
     <span class='ocr_line' id='line_1_9' title="bbox 796 1283 1169 1342; baseline -0.003 -1"><span class='ocrx_word' id='word_1_85' title='bbox 796 1283 945 1341; x_wconf 77' lang='lat' dir='ltr'><strong>cmsluls</strong></span> <span class='ocrx_word' id='word_1_86' title='bbox 967 1283 1169 1342; x_wconf 80' lang='lat' dir='ltr'><strong>RESPONSVM.</strong></span> 
     </span>
    </p>
   </div>
   <div class='ocr_carea' id='block_1_6' title="bbox 283 1401 1640 1652">
    <p class='ocr_par' dir='ltr' id='par_1_6' title="bbox 283 1401 1640 1652">
     <span class='ocr_line' id='line_1_10' title="bbox 430 1401 1616 1482; baseline 0.002 -23"><span class='ocrx_word' id='word_1_87' title='bbox 430 1402 604 1460; x_wconf 85' lang='lat' dir='ltr'><strong>Sanctissime</strong></span> <span class='ocrx_word' id='word_1_88' title='bbox 626 1401 746 1460; x_wconf 77' lang='lat' dir='ltr'><strong>Cesarea</strong></span> <span class='ocrx_word' id='word_1_89' title='bbox 767 1401 907 1466; x_wconf 84' lang='lat' dir='ltr'><strong>ilaieatrs.</strong></span> <span class='ocrx_word' id='word_1_90' title='bbox 936 1411 1044 1479; x_wconf 87' lang='lat' dir='ltr'><strong>recepta</strong></span> <span class='ocrx_word' id='word_1_91' title='bbox 1072 1419 1159 1478; x_wconf 82' lang='lat' dir='ltr'><strong>nuper</strong></span> <span class='ocrx_word' id='word_1_92' title='bbox 1189 1403 1297 1463; x_wconf 79' lang='lat' dir='ltr'><strong>scedula</strong></span> <span class='ocrx_word' id='word_1_93' title='bbox 1319 1403 1509 1482; x_wconf 80' lang='lat' dir='ltr'><strong>responsionis</strong></span> <span class='ocrx_word' id='word_1_94' title='bbox 1529 1405 1616 1462; x_wconf 82' lang='lat' dir='ltr'><strong>Princi-</strong></span> 
     </span>
     <span class='ocr_line' id='line_1_11' title="bbox 283 1487 1640 1564; baseline 0 -20"><span class='ocrx_word' id='word_1_95' title='bbox 283 1505 286 1513; x_wconf 90' lang='lat'>·</span> <span class='ocrx_word' id='word_1_96' title='bbox 345 1505 411 1564; x_wconf 89' lang='lat' dir='ltr'><strong>pum</strong></span> <span class='ocrx_word' id='word_1_97' title='bbox 434 1487 611 1544; x_wconf 81' lang='lat' dir='ltr'><strong>aestatuum</strong></span> <span class='ocrx_word' id='word_1_98' title='bbox 633 1488 701 1544; x_wconf 85' lang='lat' dir='ltr'><strong>sacri</strong></span> <span class='ocrx_word' id='word_1_99' title='bbox 723 1487 835 1546; x_wconf 86' lang='lat' dir='ltr'><strong>Romani</strong></span> <span class='ocrx_word' id='word_1_100' title='bbox 856 1487 977 1563; x_wconf 86' lang='lat' dir='ltr'><strong>imperii,</strong></span> <span class='ocrx_word' id='word_1_101' title='bbox 1009 1489 1035 1544; x_wconf 91' lang='lat' dir='ltr'><strong>in</strong></span> <span class='ocrx_word' id='word_1_102' title='bbox 1059 1487 1111 1546; x_wconf 92' lang='lat' dir='ltr'><strong>boc</strong></span> <span class='ocrx_word' id='word_1_103' title='bbox 1131 1489 1297 1564; x_wconf 76' lang='lat' dir='ltr'><strong>Augusteusi</strong></span> <span class='ocrx_word' id='word_1_104' title='bbox 1320 1492 1460 1548; x_wconf 83' lang='lat' dir='ltr'><strong>Conveutu</strong></span> <span class='ocrx_word' id='word_1_105' title='bbox 1481 1500 1640 1564; x_wconf 76' lang='lat' dir='ltr'><strong>congrega-u</strong></span> 
     </span>
     <span class='ocr_line' id='line_1_12' title="bbox 348 1569 1616 1652; baseline 0.002 -24"><span class='ocrx_word' id='word_1_106' title='bbox 348 1581 452 1635; x_wconf 86' lang='lat' dir='ltr'><strong>torum.</strong></span> <span class='ocrx_word' id='word_1_107' title='bbox 476 1589 559 1647; x_wconf 87' lang='lat' dir='ltr'><strong>super</strong></span> <span class='ocrx_word' id='word_1_108' title='bbox 580 1571 699 1646; x_wconf 79' lang='lat' dir='ltr'><strong>genersli</strong></span> <span class='ocrx_word' id='word_1_109' title='bbox 722 1573 892 1648; x_wconf 78' lang='lat' dir='ltr'>expeditione</span> <span class='ocrx_word' id='word_1_110' title='bbox 914 1569 1010 1630; x_wconf 79' lang='lat' dir='ltr'><strong>contra</strong></span> <span class='ocrx_word' id='word_1_111' title='bbox 1031 1573 1133 1630; x_wconf 81' lang='lat' dir='ltr'><strong>l&#39;urcas</strong></span> <span class='ocrx_word' id='word_1_112' title='bbox 1155 1576 1341 1652; x_wconf 65' lang='lat' dir='ltr'><strong>susc&#39;picuds,</strong></span> <span class='ocrx_word' id='word_1_113' title='bbox 1363 1576 1456 1632; x_wconf 86' lang='lat' dir='ltr'><strong>videus</strong></span> <span class='ocrx_word' id='word_1_114' title='bbox 1471 1594 1503 1632; x_wconf 84' lang='lat' dir='ltr'><strong>ac</strong></span> <span class='ocrx_word' id='word_1_115' title='bbox 1517 1592 1616 1649; x_wconf 83' lang='lat' dir='ltr'><strong>perper·</strong></span> 
     </span>
    </p>
   </div>
   <div class='ocr_carea' id='block_1_7' title="bbox 235 1655 1615 1732">
    <p class='ocr_par' dir='ltr' id='par_1_7' title="bbox 235 1655 1615 1732">
     <span class='ocr_line' id='line_1_13' title="bbox 235 1655 1615 1732; baseline 0.001 -20"><span class='ocrx_word' id='word_1_116' title='bbox 235 1681 238 1688; x_wconf 96' lang='lat'>·</span> <span class='ocrx_word' id='word_1_117' title='bbox 346 1657 413 1713; x_wconf 86' lang='lat' dir='ltr'><strong>dens</strong></span> <span class='ocrx_word' id='word_1_118' title='bbox 435 1655 508 1713; x_wconf 84' lang='lat' dir='ltr'><strong>illem</strong></span> <span class='ocrx_word' id='word_1_119' title='bbox 530 1673 544 1713; x_wconf 87' lang='lat' dir='ltr'><strong>a</strong></span> <span class='ocrx_word' id='word_1_120' title='bbox 566 1657 709 1732; x_wconf 84' lang='lat' dir='ltr'><strong>proposito</strong></span> <span class='ocrx_word' id='word_1_121' title='bbox 732 1666 759 1714; x_wconf 89' lang='lat' dir='ltr'><strong>et</strong></span> <span class='ocrx_word' id='word_1_122' title='bbox 787 1658 920 1714; x_wconf 88' lang='lat' dir='ltr'><strong>desiderio</strong></span> <span class='ocrx_word' id='word_1_123' title='bbox 947 1657 1111 1716; x_wconf 75' lang='lat' dir='ltr'><strong>sanctissimi</strong></span> <span class='ocrx_word' id='word_1_124' title='bbox 1139 1655 1254 1716; x_wconf 77' lang='lat' dir='ltr'><strong>domini</strong></span> <span class='ocrx_word' id='word_1_125' title='bbox 1271 1661 1357 1717; x_wconf 86' lang='lat' dir='ltr'><strong>nostri</strong></span> <span class='ocrx_word' id='word_1_126' title='bbox 1380 1677 1411 1717; x_wconf 86' lang='lat' dir='ltr'><strong>ac</strong></span> <span class='ocrx_word' id='word_1_127' title='bbox 1426 1659 1549 1717; x_wconf 74' lang='lat' dir='ltr'><strong>unanimi</strong></span> <span class='ocrx_word' id='word_1_128' title='bbox 1570 1660 1615 1715; x_wconf 86' lang='lat' dir='ltr'><strong>lere</strong></span> 
     </span>
    </p>
   </div>
   <div class='ocr_carea' id='block_1_8' title="bbox 336 1740 1642 2415">
    <p class='ocr_par' dir='ltr' id='par_1_8' title="bbox 336 1740 1642 2415">
     <span class='ocr_line' id='line_1_14' title="bbox 348 1740 1615 1822; baseline 0 -24"><span class='ocrx_word' id='word_1_129' title='bbox 348 1741 476 1798; x_wconf 89' lang='lat' dir='ltr'><strong>omnium.</strong></span> <span class='ocrx_word' id='word_1_130' title='bbox 490 1741 646 1820; x_wconf 42' lang='lat' dir='ltr'><strong>Regumgac</strong></span> <span class='ocrx_word' id='word_1_131' title='bbox 667 1740 835 1816; x_wconf 89' lang='lat' dir='ltr'><strong>reliquorum</strong></span> <span class='ocrx_word' id='word_1_132' title='bbox 856 1741 1071 1822; x_wconf 82' lang='lat' dir='ltr'><strong>Christianorum</strong></span> <span class='ocrx_word' id='word_1_133' title='bbox 1092 1744 1284 1802; x_wconf 86' lang='lat' dir='ltr'><strong>Potentatuum</strong></span> <span class='ocrx_word' id='word_1_134' title='bbox 1306 1763 1417 1802; x_wconf 88' lang='lat' dir='ltr'><strong>assensu</strong></span> <span class='ocrx_word' id='word_1_135' title='bbox 1444 1754 1472 1801; x_wconf 85' lang='lat' dir='ltr'><strong>et</strong></span> <span class='ocrx_word' id='word_1_136' title='bbox 1493 1743 1615 1800; x_wconf 79' lang='lat' dir='ltr'><strong>voluntate</strong></span> 
     </span>
     <span class='ocr_line' id='line_1_15' title="bbox 336 1824 1616 1906; baseline 0.002 -27"><span class='ocrx_word' id='word_1_137' title='bbox 336 1825 423 1882; x_wconf 64' lang='lat' dir='ltr'><strong>⁴uelde</strong></span> <span class='ocrx_word' id='word_1_138' title='bbox 444 1825 580 1883; x_wconf 80' lang='lat' dir='ltr'><strong>dissonam</strong></span> <span class='ocrx_word' id='word_1_139' title='bbox 602 1843 633 1882; x_wconf 86' lang='lat' dir='ltr'><strong>ec</strong></span> <span class='ocrx_word' id='word_1_140' title='bbox 654 1825 768 1882; x_wconf 80' lang='lat' dir='ltr'><strong>alicuem</strong></span> <span class='ocrx_word' id='word_1_141' title='bbox 790 1835 864 1890; x_wconf 84' lang='lat' dir='ltr'><strong>esse.</strong></span> <span class='ocrx_word' id='word_1_142' title='bbox 887 1824 941 1885; x_wconf 81' lang='lat' dir='ltr'><strong>non</strong></span> <span class='ocrx_word' id='word_1_143' title='bbox 963 1836 1006 1884; x_wconf 85' lang='lat' dir='ltr'><strong>eat</strong></span> <span class='ocrx_word' id='word_1_144' title='bbox 1028 1828 1079 1884; x_wconf 88' lang='lat' dir='ltr'><strong>sibi</strong></span> <span class='ocrx_word' id='word_1_145' title='bbox 1100 1829 1187 1885; x_wconf 84' lang='lat' dir='ltr'><strong>visum</strong></span> <span class='ocrx_word' id='word_1_146' title='bbox 1210 1829 1310 1886; x_wconf 89' lang='lat' dir='ltr'><strong>eisdem</strong></span> <span class='ocrx_word' id='word_1_147' title='bbox 1331 1829 1502 1906; x_wconf 84' lang='lat' dir='ltr'><strong>Principibus</strong></span> <span class='ocrx_word' id='word_1_148' title='bbox 1520 1847 1551 1886; x_wconf 85' lang='grc' dir='ltr'><strong>ιι</strong></span> <span class='ocrx_word' id='word_1_149' title='bbox 1568 1829 1616 1884; x_wconf 84' lang='lat' dir='ltr'><strong>Str·</strong></span> 
     </span>
     <span class='ocr_line' id='line_1_16' title="bbox 348 1899 1639 2001; baseline 0.002 -36"><span class='ocrx_word' id='word_1_150' title='bbox 348 1910 420 1966; x_wconf 89' lang='lat' dir='ltr'><strong>tibus</strong></span> <span class='ocrx_word' id='word_1_151' title='bbox 442 1911 622 1985; x_wconf 84' lang='lat' dir='ltr'><strong>respondere.</strong></span> <span class='ocrx_word' id='word_1_152' title='bbox 645 1911 697 1966; x_wconf 90' lang='lat' dir='ltr'><strong>nisi</strong></span> <span class='ocrx_word' id='word_1_153' title='bbox 719 1913 794 1986; x_wconf 88' lang='lat' dir='ltr'><strong>prius</strong></span> <span class='ocrx_word' id='word_1_154' title='bbox 816 1929 900 1987; x_wconf 89' lang='lat' dir='ltr'><strong>super</strong></span> <span class='ocrx_word' id='word_1_155' title='bbox 921 1912 1053 1969; x_wconf 90' lang='lat' dir='ltr'><strong>eiusmodi</strong></span> <span class='ocrx_word' id='word_1_156' title='bbox 1075 1914 1263 1988; x_wconf 81' lang='lat' dir='ltr'><strong>responsionis</strong></span> <span class='ocrx_word' id='word_1_157' title='bbox 1290 1923 1385 2001; x_wconf 73' lang='lat' dir='ltr'><strong>tquore</strong></span> <span class='ocrx_word' id='word_1_158' title='bbox 1407 1921 1443 1972; x_wconf 79' lang='lat' dir='ltr'><strong>et</strong></span> <span class='ocrx_word' id='word_1_159' title='bbox 1463 1899 1639 1971; x_wconf 69' lang='lat' dir='ltr'><strong>morinensis</strong></span> 
     </span>
     <span class='ocr_line' id='line_1_17' title="bbox 347 1995 1617 2073; baseline 0 -21"><span class='ocrx_word' id='word_1_160' title='bbox 347 2011 407 2052; x_wconf 88' lang='lat' dir='ltr'><strong>cum</strong></span> <span class='ocrx_word' id='word_1_161' title='bbox 430 1995 668 2052; x_wconf 82' lang='lat' dir='ltr'><strong>Revercudissimis</strong></span> <span class='ocrx_word' id='word_1_162' title='bbox 690 1995 798 2063; x_wconf 70' lang='lat' dir='ltr'><strong>Sanctus</strong></span> <span class='ocrx_word' id='word_1_163' title='bbox 815 1996 982 2072; x_wconf 60' lang='lat' dir='ltr'><strong>spostolicae</strong></span> <span class='ocrx_word' id='word_1_164' title='bbox 1004 1998 1077 2054; x_wconf 87' lang='lat' dir='ltr'><strong>sedis</strong></span> <span class='ocrx_word' id='word_1_165' title='bbox 1098 1998 1206 2073; x_wconf 75' lang='lat' dir='ltr'><strong>legetis</strong></span> <span class='ocrx_word' id='word_1_166' title='bbox 1228 2017 1260 2056; x_wconf 85' lang='lat' dir='ltr'><strong>uc</strong></span> <span class='ocrx_word' id='word_1_167' title='bbox 1281 1999 1441 2056; x_wconf 74' lang='lat' dir='ltr'><strong>Oratoribus</strong></span> <span class='ocrx_word' id='word_1_168' title='bbox 1463 1997 1577 2056; x_wconf 79' lang='lat' dir='ltr'><strong>Francis</strong></span> <span class='ocrx_word' id='word_1_169' title='bbox 1595 2005 1617 2053; x_wconf 87' lang='lat' dir='ltr'><strong>et</strong></span> 
     </span>
     <span class='ocr_line' id='line_1_18' title="bbox 345 2077 1617 2160; baseline 0 -23"><span class='ocrx_word' id='word_1_170' title='bbox 345 2077 467 2138; x_wconf 77' lang='lat' dir='ltr'><strong>Polouiae</strong></span> <span class='ocrx_word' id='word_1_171' title='bbox 489 2081 536 2154; x_wconf 89' lang='lat' dir='ltr'><strong>qui</strong></span> <span class='ocrx_word' id='word_1_172' title='bbox 559 2081 629 2156; x_wconf 80' lang='lat' dir='ltr'><strong>apud</strong></span> <span class='ocrx_word' id='word_1_173' title='bbox 651 2097 709 2138; x_wconf 89' lang='lat' dir='ltr'><strong>eam</strong></span> <span class='ocrx_word' id='word_1_174' title='bbox 732 2089 831 2156; x_wconf 81' lang='lat' dir='ltr'><strong>egunt,</strong></span> <span class='ocrx_word' id='word_1_175' title='bbox 860 2082 987 2156; x_wconf 84' lang='lat' dir='ltr'><strong>quonism</strong></span> <span class='ocrx_word' id='word_1_176' title='bbox 1016 2084 1231 2140; x_wconf 78' lang='lat' dir='ltr'><strong>commodiores</strong></span> <span class='ocrx_word' id='word_1_177' title='bbox 1260 2083 1405 2160; x_wconf 76' lang='lat' dir='ltr'><strong>agebatur.</strong></span> <span class='ocrx_word' id='word_1_178' title='bbox 1434 2081 1575 2158; x_wconf 75' lang='lat' dir='ltr'><strong>diiigenter</strong></span> <span class='ocrx_word' id='word_1_179' title='bbox 1592 2099 1617 2138; x_wconf 84' lang='lat' dir='ltr'><strong>ac</strong></span> 
     </span>
     <span class='ocr_line' id='line_1_19' title="bbox 346 2161 1617 2243; baseline 0 -22"><span class='ocrx_word' id='word_1_180' title='bbox 346 2174 451 2222; x_wconf 84' lang='lat' dir='ltr'><strong>mature</strong></span> <span class='ocrx_word' id='word_1_181' title='bbox 473 2165 646 2240; x_wconf 86' lang='lat' dir='ltr'><strong>disceptaret.</strong></span> <span class='ocrx_word' id='word_1_182' title='bbox 690 2164 812 2222; x_wconf 80' lang='lat' dir='ltr'><strong>Exhibite</strong></span> <span class='ocrx_word' id='word_1_183' title='bbox 835 2167 920 2240; x_wconf 79' lang='lat' dir='ltr'><strong>igitur</strong></span> <span class='ocrx_word' id='word_1_184' title='bbox 946 2168 1038 2224; x_wconf 84' lang='lat' dir='ltr'><strong>eudem</strong></span> <span class='ocrx_word' id='word_1_185' title='bbox 1067 2167 1209 2232; x_wconf 86' lang='lat' dir='ltr'><strong>schedula.</strong></span> <span class='ocrx_word' id='word_1_186' title='bbox 1238 2169 1364 2243; x_wconf 88' lang='lat' dir='ltr'><strong>omnique</strong></span> <span class='ocrx_word' id='word_1_187' title='bbox 1393 2161 1488 2225; x_wconf 88' lang='lat' dir='ltr'><strong>studio&#39;</strong></span> <span class='ocrx_word' id='word_1_188' title='bbox 1513 2185 1543 2226; x_wconf 86' lang='lat' dir='ltr'><strong>ac</strong></span> <span class='ocrx_word' id='word_1_189' title='bbox 1567 2165 1617 2224; x_wconf 88' lang='lat' dir='ltr'><strong>ddi·</strong></span> 
     </span>
     <span class='ocr_line' id='line_1_20' title="bbox 346 2235 1617 2345; baseline 0.001 -39"><span class='ocrx_word' id='word_1_190' title='bbox 346 2250 437 2324; x_wconf 76' lang='lat' dir='ltr'><strong>gentis</strong></span> <span class='ocrx_word' id='word_1_191' title='bbox 460 2235 514 2306; x_wconf 78' lang='lat' dir='ltr'><strong>taur</strong></span> <span class='ocrx_word' id='word_1_192' title='bbox 536 2250 627 2312; x_wconf 78' lang='lat' dir='ltr'><strong>arduus</strong></span> <span class='ocrx_word' id='word_1_193' title='bbox 649 2257 677 2307; x_wconf 88' lang='lat' dir='ltr'><strong>ct</strong></span> <span class='ocrx_word' id='word_1_194' title='bbox 699 2252 859 2309; x_wconf 75' lang='lat' dir='ltr'><strong>necessarias</strong></span> <span class='ocrx_word' id='word_1_195' title='bbox 881 2253 1079 2327; x_wconf 88' lang='lat' dir='ltr'><strong>propositionis</strong></span> <span class='ocrx_word' id='word_1_196' title='bbox 1101 2270 1234 2328; x_wconf 88' lang='lat' dir='ltr'><strong>responso</strong></span> <span class='ocrx_word' id='word_1_197' title='bbox 1248 2254 1362 2345; x_wconf 59' lang='lat' dir='ltr'><strong>&#39;pqvicem</strong></span> <span class='ocrx_word' id='word_1_198' title='bbox 1377 2255 1541 2316; x_wconf 85' lang='lat' dir='ltr'><strong>examinato,</strong></span> <span class='ocrx_word' id='word_1_199' title='bbox 1562 2269 1617 2309; x_wconf 74' lang='lat' dir='ltr'><strong>une</strong></span> 
     </span>
     <span class='ocr_line' id='line_1_21' title="bbox 346 2334 1642 2415; baseline 0.001 -25"><span class='ocrx_word' id='word_1_200' title='bbox 346 2335 411 2392; x_wconf 90' lang='lat' dir='ltr'><strong>nimi</strong></span> <span class='ocrx_word' id='word_1_201' title='bbox 440 2334 546 2393; x_wconf 89' lang='lat' dir='ltr'><strong>tandem</strong></span> <span class='ocrx_word' id='word_1_202' title='bbox 575 2343 649 2402; x_wconf 64' lang='lat' dir='ltr'><strong>voto,</strong></span> <span class='ocrx_word' id='word_1_203' title='bbox 667 2344 695 2391; x_wconf 90' lang='lat' dir='ltr'><strong>et</strong></span> <span class='ocrx_word' id='word_1_204' title='bbox 716 2353 829 2393; x_wconf 86' lang='lat' dir='ltr'><strong>assensu</strong></span> <span class='ocrx_word' id='word_1_205' title='bbox 850 2337 960 2393; x_wconf 87' lang='lat' dir='ltr'><strong>nornine</strong></span> <span class='ocrx_word' id='word_1_206' title='bbox 981 2337 1067 2394; x_wconf 90' lang='lat' dir='ltr'><strong>totius</strong></span> <span class='ocrx_word' id='word_1_207' title='bbox 1090 2337 1248 2395; x_wconf 79' lang='lat' dir='ltr'><strong>Christiane</strong></span> <span class='ocrx_word' id='word_1_208' title='bbox 1275 2335 1448 2415; x_wconf 71' lang='lat' dir='ltr'><strong>reipublice,</strong></span> <span class='ocrx_word' id='word_1_209' title='bbox 1477 2355 1560 2413; x_wconf 81' lang='lat' dir='ltr'><strong>quam</strong></span> <span class='ocrx_word' id='word_1_210' title='bbox 1575 2336 1642 2413; x_wconf 78' lang='lat' dir='ltr'><strong>ipsiu</strong></span> 
     </span>
    </p>
   </div>
   <div class='ocr_carea' id='block_1_9' title="bbox 910 2485 1061 2498">
    <p class='ocr_par' dir='ltr' id='par_1_9' title="bbox 910 2485 1061 2498">
     <span class='ocr_line' id='line_1_22' title="bbox 910 2485 1061 2498; baseline -0.013 0"><span class='ocrx_word' id='word_1_211' title='bbox 910 2485 1061 2498; x_wconf 71' lang='grc' dir='ltr'><strong>-ια--ι</strong></span> 
     </span>
    </p>
   </div>
   <div class='ocr_carea' id='block_1_10' title="bbox 414 2533 1563 2687">
    <p class='ocr_par' dir='ltr' id='par_1_10' title="bbox 414 2533 1563 2687">
     <span class='ocr_line' id='line_1_23' title="bbox 414 2533 1563 2612; baseline 0.003 -29"><span class='ocrx_word' id='word_1_212' title='bbox 414 2535 479 2583; x_wconf 85' lang='lat'><strong>1.=</strong></span> <span class='ocrx_word' id='word_1_213' title='bbox 489 2533 571 2586; x_wconf 81' lang='lat' dir='ltr'><strong>Bror.</strong></span> <span class='ocrx_word' id='word_1_214' title='bbox 585 2535 634 2586; x_wconf 88' lang='lat' dir='ltr'><strong>cit.</strong></span> <span class='ocrx_word' id='word_1_215' title='bbox 646 2534 791 2612; x_wconf 71' lang='lat' dir='ltr'><strong>tomxix.</strong></span> <span class='ocrx_word' id='word_1_216' title='bbox 804 2533 895 2601; x_wconf 65' lang='lat' dir='ltr'><strong>pete.</strong></span> <span class='ocrx_word' id='word_1_217' title='bbox 904 2551 944 2601; x_wconf 91' lang='lat' dir='ltr'><strong>aq.</strong></span> <span class='ocrx_word' id='word_1_218' title='bbox 1013 2539 1081 2588; x_wconf 85' lang='lat'><strong>2.=</strong></span> <span class='ocrx_word' id='word_1_219' title='bbox 1092 2536 1214 2589; x_wconf 79' lang='lat' dir='ltr'><strong>Goldsst.</strong></span> <span class='ocrx_word' id='word_1_220' title='bbox 1229 2535 1275 2588; x_wconf 85' lang='lat' dir='ltr'><strong>cit.</strong></span> <span class='ocrx_word' id='word_1_221' title='bbox 1288 2541 1354 2588; x_wconf 84' lang='lat' dir='ltr'><strong>tom.</strong></span> <span class='ocrx_word' id='word_1_222' title='bbox 1366 2536 1404 2587; x_wconf 79' lang='lat'><strong>11.</strong></span> <span class='ocrx_word' id='word_1_223' title='bbox 1416 2554 1444 2604; x_wconf 89' lang='lat' dir='ltr'><strong>p.</strong></span> <span class='ocrx_word' id='word_1_224' title='bbox 1458 2535 1563 2603; x_wconf 72' lang='lat' dir='ltr'><strong>tessq.</strong></span> 
     </span>
     <span class='ocr_line' id='line_1_24' title="bbox 700 2619 1278 2687; baseline 0.005 -18"><span class='ocrx_word' id='word_1_225' title='bbox 700 2621 727 2671; x_wconf 81' lang='grc'><strong>3.</strong></span> <span class='ocrx_word' id='word_1_226' title='bbox 736 2638 771 2664; x_wconf 83' lang='lat'><em>=</em></span> <span class='ocrx_word' id='word_1_227' title='bbox 780 2619 915 2686; x_wconf 78' lang='lat' dir='ltr'><strong>Rsyneld.</strong></span> <span class='ocrx_word' id='word_1_228' title='bbox 929 2621 975 2673; x_wconf 87' lang='lat' dir='ltr'><strong>cit.</strong></span> <span class='ocrx_word' id='word_1_229' title='bbox 988 2625 1053 2672; x_wconf 87' lang='lat' dir='ltr'><strong>tom.</strong></span> <span class='ocrx_word' id='word_1_230' title='bbox 1066 2621 1127 2671; x_wconf 82' lang='grc' dir='ltr'><strong>ΧΗ.</strong></span> <span class='ocrx_word' id='word_1_231' title='bbox 1141 2620 1278 2687; x_wconf 79' lang='lat' dir='ltr'><strong>p.204.aq.</strong></span> 
     </span>
    </p>
   </div>
   <div class='ocr_carea' id='block_1_11' title="bbox 1278 2711 1282 2720">
    <p class='ocr_par' dir='ltr' id='par_1_11' title="bbox 1278 2711 1282 2720">
     <span class='ocr_line' id='line_1_25' title="bbox 1278 2711 1282 2720; baseline 0 0"><span class='ocrx_word' id='word_1_232' title='bbox 1278 2711 1282 2720; x_wconf 70' lang='grc' dir='ltr'>ι</span> 
     </span>
    </p>
   </div>
   <div class='ocr_carea' id='block_1_12' title="bbox 297 2753 1686 3248">
    <p class='ocr_par' dir='ltr' id='par_1_12' title="bbox 297 2753 1686 3248">
     <span class='ocr_line' id='line_1_26' title="bbox 305 2753 1618 2823; baseline -0.002 -17"><span class='ocrx_word' id='word_1_233' title='bbox 305 2799 307 2806; x_wconf 80' lang='grc'>,</span> <span class='ocrx_word' id='word_1_234' title='bbox 413 2753 479 2806; x_wconf 62' lang='grc' dir='ltr'><strong>ὀἱ</strong></span> <span class='ocrx_word' id='word_1_235' title='bbox 491 2753 646 2806; x_wconf 77' lang='lat' dir='ltr'><strong>Bartholin.</strong></span> <span class='ocrx_word' id='word_1_236' title='bbox 658 2755 745 2808; x_wconf 88' lang='lat' dir='ltr'><strong>deser.</strong></span> <span class='ocrx_word' id='word_1_237' title='bbox 760 2771 837 2808; x_wconf 86' lang='lat' dir='ltr'><strong>conv.</strong></span> <span class='ocrx_word' id='word_1_238' title='bbox 850 2755 918 2823; x_wconf 76' lang='lat' dir='ltr'><strong>Aug.</strong></span> <span class='ocrx_word' id='word_1_239' title='bbox 932 2755 1084 2823; x_wconf 45' lang='lat' dir='ltr'><strong>§eddsqq</strong></span> <span class='ocrx_word' id='word_1_240' title='bbox 1135 2755 1254 2809; x_wconf 73' lang='lat' dir='ltr'><strong>&#39;Minus</strong></span> <span class='ocrx_word' id='word_1_241' title='bbox 1272 2761 1362 2820; x_wconf 82' lang='lat' dir='ltr'><strong>recte,</strong></span> <span class='ocrx_word' id='word_1_242' title='bbox 1386 2757 1411 2807; x_wconf 89' lang='lat' dir='ltr'><strong>si</strong></span> <span class='ocrx_word' id='word_1_243' title='bbox 1436 2772 1496 2822; x_wconf 76' lang='lat' dir='ltr'><strong>quar</strong></span> <span class='ocrx_word' id='word_1_244' title='bbox 1513 2755 1618 2807; x_wconf 81' lang='lat' dir='ltr'><strong>Baorius</strong></span> 
     </span>
     <span class='ocr_line' id='line_1_27' title="bbox 345 2829 1618 2908; baseline 0 -20"><span class='ocrx_word' id='word_1_245' title='bbox 345 2839 468 2889; x_wconf 78' lang='lat' dir='ltr'><strong>Hutteuo</strong></span> <span class='ocrx_word' id='word_1_246' title='bbox 479 2840 677 2905; x_wconf 82' lang='lat' dir='ltr'><strong>Fridericoque</strong></span> <span class='ocrx_word' id='word_1_247' title='bbox 691 2839 792 2892; x_wconf 77' lang='lat' dir='ltr'><strong>eueni</strong></span> <span class='ocrx_word' id='word_1_248' title='bbox 810 2839 915 2892; x_wconf 85' lang='lat' dir='ltr'><strong>crimini</strong></span> <span class='ocrx_word' id='word_1_249' title='bbox 934 2829 1009 2892; x_wconf 76' lang='lat' dir='ltr'><strong>dedit</strong></span> <span class='ocrx_word' id='word_1_250' title='bbox 1028 2842 1164 2908; x_wconf 83' lang='lat' dir='ltr'><strong>excipies,</strong></span> <span class='ocrx_word' id='word_1_251' title='bbox 1183 2840 1384 2908; x_wconf 77' lang='lat' dir='ltr'><strong>praecedentem</strong></span> <span class='ocrx_word' id='word_1_252' title='bbox 1398 2841 1618 2892; x_wconf 75' lang='lat' dir='ltr'><strong>consultationem</strong></span> 
     </span>
     <span class='ocr_line' id='line_1_28' title="bbox 347 2918 1619 3000; baseline 0.002 -29"><span class='ocrx_word' id='word_1_253' title='bbox 347 2935 408 2972; x_wconf 89' lang='lat' dir='ltr'><strong>cum</strong></span> <span class='ocrx_word' id='word_1_254' title='bbox 427 2922 546 2973; x_wconf 86' lang='lat' dir='ltr'><strong>Caesaris</strong></span> <span class='ocrx_word' id='word_1_255' title='bbox 565 2935 693 2990; x_wconf 87' lang='lat' dir='ltr'><strong>responso</strong></span> <span class='ocrx_word' id='word_1_256' title='bbox 711 2926 786 2976; x_wconf 84' lang='lat' dir='ltr'><strong>iufra</strong></span> <span class='ocrx_word' id='word_1_257' title='bbox 803 2927 922 2992; x_wconf 86' lang='lat' dir='ltr'><strong>repetito</strong></span> <span class='ocrx_word' id='word_1_258' title='bbox 940 2928 982 2978; x_wconf 88' lang='lat' dir='ltr'><strong>sie</strong></span> <span class='ocrx_word' id='word_1_259' title='bbox 995 2927 1135 2978; x_wconf 85' lang='lat' dir='ltr'><strong>coniunxit</strong></span> <span class='ocrx_word' id='word_1_260' title='bbox 1147 2918 1319 2992; x_wconf 81' lang='lat' dir='ltr'><strong>Reyncldusr</strong></span> <span class='ocrx_word' id='word_1_261' title='bbox 1338 2925 1619 3000; x_wconf 63' lang='lat' dir='ltr'><strong>„Discrepsbsutbec</strong></span> 
     </span>
     <span class='ocr_line' id='line_1_29' title="bbox 307 2998 1619 3078; baseline 0.001 -22"><span class='ocrx_word' id='word_1_262' title='bbox 307 3039 311 3048; x_wconf 84' lang='lat'><strong>·</strong></span> <span class='ocrx_word' id='word_1_263' title='bbox 346 3005 502 3058; x_wconf 78' lang='lat' dir='ltr'><strong>Germanias</strong></span> <span class='ocrx_word' id='word_1_264' title='bbox 520 3009 673 3074; x_wconf 84' lang='lat' dir='ltr'><strong>principum</strong></span> <span class='ocrx_word' id='word_1_265' title='bbox 692 3010 810 3060; x_wconf 81' lang='lat' dir='ltr'><strong>consitio</strong></span> <span class='ocrx_word' id='word_1_266' title='bbox 827 3026 881 3061; x_wconf 91' lang='lat' dir='ltr'><strong>nou</strong></span> <span class='ocrx_word' id='word_1_267' title='bbox 898 3025 995 3077; x_wconf 86' lang='lat' dir='ltr'><strong>perum</strong></span> <span class='ocrx_word' id='word_1_268' title='bbox 1012 3026 1030 3063; x_wconf 86' lang='lat' dir='ltr'><strong>a</strong></span> <span class='ocrx_word' id='word_1_269' title='bbox 1047 3011 1208 3078; x_wconf 76' lang='lat' dir='ltr'><strong>pontificiis3</strong></span> <span class='ocrx_word' id='word_1_270' title='bbox 1228 3025 1341 3076; x_wconf 87' lang='lat' dir='ltr'><strong>cumque</strong></span> <span class='ocrx_word' id='word_1_271' title='bbox 1360 3011 1440 3077; x_wconf 88' lang='lat' dir='ltr'><strong>plura</strong></span> <span class='ocrx_word' id='word_1_272' title='bbox 1458 3011 1492 3062; x_wconf 93' lang='lat' dir='ltr'><strong>de</strong></span> <span class='ocrx_word' id='word_1_273' title='bbox 1510 2998 1619 3076; x_wconf 79' lang='lat' dir='ltr'><strong>riqtor&#39;iis</strong></span> 
     </span>
     <span class='ocr_line' id='line_1_30' title="bbox 297 3078 1686 3162; baseline 0 -20"><span class='ocrx_word' id='word_1_274' title='bbox 297 3123 300 3130; x_wconf 41' lang='grc' dir='ltr'>ι</span> <span class='ocrx_word' id='word_1_275' title='bbox 347 3090 382 3142; x_wconf 88' lang='lat' dir='ltr'><strong>ab</strong></span> <span class='ocrx_word' id='word_1_276' title='bbox 402 3090 465 3142; x_wconf 89' lang='lat' dir='ltr'><strong>aliis</strong></span> <span class='ocrx_word' id='word_1_277' title='bbox 483 3093 610 3158; x_wconf 80' lang='lat' dir='ltr'><strong>gentibus</strong></span> <span class='ocrx_word' id='word_1_278' title='bbox 628 3094 782 3145; x_wconf 80' lang='lat' dir='ltr'><strong>referendis</strong></span> <span class='ocrx_word' id='word_1_279' title='bbox 800 3078 973 3158; x_wconf 71' lang='lat' dir='ltr'><strong>statuissent,</strong></span> <span class='ocrx_word' id='word_1_280' title='bbox 1002 3095 1037 3146; x_wconf 86' lang='lat' dir='ltr'><strong>eb</strong></span> <span class='ocrx_word' id='word_1_281' title='bbox 1056 3095 1226 3152; x_wconf 80' lang='lat' dir='ltr'><strong>admovenda</strong></span> <span class='ocrx_word' id='word_1_282' title='bbox 1244 3095 1441 3160; x_wconf 78' lang='lat' dir='ltr'><strong>gloriosissimo</strong></span> <span class='ocrx_word' id='word_1_283' title='bbox 1459 3098 1535 3162; x_wconf 87' lang='lat' dir='ltr'><strong>operi</strong></span> <span class='ocrx_word' id='word_1_284' title='bbox 1551 3107 1619 3145; x_wconf 82' lang='lat' dir='ltr'><strong>mauu</strong></span> <span class='ocrx_word' id='word_1_285' title='bbox 1685 3127 1686 3152; x_wconf 76' lang='lat'><strong>,</strong></span> 
     </span>
     <span class='ocr_line' id='line_1_31' title="bbox 347 3163 1619 3248; baseline 0.004 -25"><span class='ocrx_word' id='word_1_286' title='bbox 347 3175 474 3240; x_wconf 79' lang='lat' dir='ltr'><strong>reingere</strong></span> <span class='ocrx_word' id='word_1_287' title='bbox 493 3176 670 3240; x_wconf 83' lang='lat' dir='ltr'><strong>videbantnr;</strong></span> <span class='ocrx_word' id='word_1_288' title='bbox 694 3179 718 3229; x_wconf 87' lang='lat' dir='ltr'><strong>si</strong></span> <span class='ocrx_word' id='word_1_289' title='bbox 742 3179 849 3244; x_wconf 87' lang='lat' dir='ltr'><strong>quidem</strong></span> <span class='ocrx_word' id='word_1_290' title='bbox 871 3180 940 3231; x_wconf 92' lang='lat' dir='ltr'><strong>nibil</strong></span> <span class='ocrx_word' id='word_1_291' title='bbox 962 3180 1144 3230; x_wconf 77' lang='lat' dir='ltr'><strong>decreverant</strong></span> <span class='ocrx_word' id='word_1_292' title='bbox 1165 3177 1199 3233; x_wconf 87' lang='lat' dir='ltr'><strong>de</strong></span> <span class='ocrx_word' id='word_1_293' title='bbox 1219 3163 1369 3245; x_wconf 65' lang='lat' dir='ltr'><strong>&#39;copiarun&#39;i‘</strong></span> <span class='ocrx_word' id='word_1_294' title='bbox 1385 3187 1420 3232; x_wconf 74' lang='lat' dir='ltr'><strong>et</strong></span> <span class='ocrx_word' id='word_1_295' title='bbox 1438 3181 1554 3248; x_wconf 76' lang='lat' dir='ltr'><strong>singulis</strong></span> <span class='ocrx_word' id='word_1_296' title='bbox 1569 3195 1619 3245; x_wconf 79' lang='lat' dir='ltr'><strong>pro</strong></span> 
     </span>
    </p>
   </div>
   <div class='ocr_carea' id='block_1_13' title="bbox 196 3243 1618 3330">
    <p class='ocr_par' dir='ltr' id='par_1_13' title="bbox 196 3243 1618 3330">
     <span class='ocr_line' id='line_1_32' title="bbox 196 3243 1618 3330; baseline 0.001 -21"><span class='ocrx_word' id='word_1_297' title='bbox 196 3243 209 3266; x_wconf 60' lang='lat'><strong>&#39;⁸</strong></span> <span class='ocrx_word' id='word_1_298' title='bbox 300 3265 303 3268; x_wconf 83' lang='lat'>&#39;</span> <span class='ocrx_word' id='word_1_299' title='bbox 346 3259 446 3310; x_wconf 87' lang='lat' dir='ltr'><strong>vinciis</strong></span> <span class='ocrx_word' id='word_1_300' title='bbox 463 3260 540 3312; x_wconf 92' lang='lat' dir='ltr'><strong>illico</strong></span> <span class='ocrx_word' id='word_1_301' title='bbox 558 3257 1119 3330; x_wconf 79' lang='lat' dir='ltr'><strong>conscribendorumsustentsndsrumque</strong></span> <span class='ocrx_word' id='word_1_302' title='bbox 1131 3279 1256 3315; x_wconf 89' lang='lat' dir='ltr'><strong>numero:</strong></span> <span class='ocrx_word' id='word_1_303' title='bbox 1276 3279 1337 3314; x_wconf 84' lang='lat' dir='ltr'><strong>cnm</strong></span> <span class='ocrx_word' id='word_1_304' title='bbox 1348 3265 1562 3316; x_wconf 82' lang='lat' dir='ltr'><strong>enimPoutiiex</strong></span> <span class='ocrx_word' id='word_1_305' title='bbox 1573 3277 1618 3312; x_wconf 89' lang='lat' dir='ltr'><strong>uua</strong></span> 
     </span>
    </p>
   </div>
   <div class='ocr_carea' id='block_1_14' title="bbox 344 3345 1686 3844">
    <p class='ocr_par' dir='ltr' id='par_1_14' title="bbox 344 3345 1686 3844">
     <span class='ocr_line' id='line_1_33' title="bbox 347 3345 1686 3420; baseline 0.001 -26"><span class='ocrx_word' id='word_1_306' title='bbox 347 3357 407 3394; x_wconf 91' lang='lat' dir='ltr'><strong>curu</strong></span> <span class='ocrx_word' id='word_1_307' title='bbox 425 3345 531 3411; x_wconf 80' lang='lat' dir='ltr'><strong>Regum</strong></span> <span class='ocrx_word' id='word_1_308' title='bbox 549 3349 703 3398; x_wconf 85' lang='lat' dir='ltr'><strong>oratoribus</strong></span> <span class='ocrx_word' id='word_1_309' title='bbox 722 3351 888 3413; x_wconf 88' lang='lat' dir='ltr'><strong>censuisset,</strong></span> <span class='ocrx_word' id='word_1_310' title='bbox 906 3355 937 3400; x_wconf 87' lang='lat' dir='ltr'><strong>ut</strong></span> <span class='ocrx_word' id='word_1_311' title='bbox 955 3349 1050 3418; x_wconf 65' lang='lat' dir='ltr'><strong>Cesar</strong></span> <span class='ocrx_word' id='word_1_312' title='bbox 1067 3349 1148 3399; x_wconf 90' lang='lat' dir='ltr'><strong>simul</strong></span> <span class='ocrx_word' id='word_1_313' title='bbox 1166 3363 1227 3400; x_wconf 92' lang='lat' dir='ltr'><strong>cum</strong></span> <span class='ocrx_word' id='word_1_314' title='bbox 1239 3347 1450 3420; x_wconf 64' lang='lat' dir='ltr'><strong>Polouiae&#39;Rege</strong></span> <span class='ocrx_word' id='word_1_315' title='bbox 1471 3353 1499 3400; x_wconf 85' lang='lat' dir='ltr'><strong>et</strong></span> <span class='ocrx_word' id='word_1_316' title='bbox 1516 3353 1619 3414; x_wconf 85' lang='lat' dir='ltr'><strong>septem·</strong></span> <span class='ocrx_word' id='word_1_317' title='bbox 1685 3367 1686 3378; x_wconf 30' lang='grc' dir='ltr'>ι</span> 
     </span>
     <span class='ocr_line' id='line_1_34' title="bbox 345 3429 1686 3506; baseline -0.001 -27"><span class='ocrx_word' id='word_1_318' title='bbox 345 3429 413 3480; x_wconf 86' lang='lat' dir='ltr'><strong>viris</strong></span> <span class='ocrx_word' id='word_1_319' title='bbox 431 3431 633 3499; x_wconf 84' lang='lat' dir='ltr'><strong>quiuqusgiuta</strong></span> <span class='ocrx_word' id='word_1_320' title='bbox 650 3432 739 3484; x_wconf 88' lang='lat' dir='ltr'><strong>millia</strong></span> <span class='ocrx_word' id='word_1_321' title='bbox 756 3434 891 3500; x_wconf 86' lang='lat' dir='ltr'><strong>peditum,</strong></span> <span class='ocrx_word' id='word_1_322' title='bbox 918 3435 1091 3500; x_wconf 88' lang='lat' dir='ltr'><strong>equitumque</strong></span> <span class='ocrx_word' id='word_1_323' title='bbox 1109 3434 1210 3500; x_wconf 77' lang='lat' dir='ltr'><strong>viginti</strong></span> <span class='ocrx_word' id='word_1_324' title='bbox 1227 3433 1362 3483; x_wconf 86' lang='lat' dir='ltr'><strong>millia&#39;iu</strong></span> <span class='ocrx_word' id='word_1_325' title='bbox 1379 3433 1532 3484; x_wconf 79' lang='lat' dir='ltr'><strong>Turonium</strong></span> <span class='ocrx_word' id='word_1_326' title='bbox 1549 3431 1608 3482; x_wconf 84' lang='lat' dir='ltr'><strong>finiti</strong></span> <span class='ocrx_word' id='word_1_327' title='bbox 1685 3479 1686 3506; x_wconf 28' lang='grc' dir='ltr'>ἢ</span> 
     </span>
     <span class='ocr_line' id='line_1_35' title="bbox 345 3516 1686 3584; baseline -0.001 -20"><span class='ocrx_word' id='word_1_328' title='bbox 345 3529 405 3564; x_wconf 83' lang='lat' dir='ltr'><strong>mas</strong></span> <span class='ocrx_word' id='word_1_329' title='bbox 423 3516 580 3581; x_wconf 78' lang='lat' dir='ltr'><strong>provincias</strong></span> <span class='ocrx_word' id='word_1_330' title='bbox 598 3517 759 3579; x_wconf 79' lang='lat' dir='ltr'><strong>effunderet,</strong></span> <span class='ocrx_word' id='word_1_331' title='bbox 778 3518 831 3584; x_wconf 85' lang='lat' dir='ltr'><strong>ipsi</strong></span> <span class='ocrx_word' id='word_1_332' title='bbox 850 3518 884 3568; x_wconf 89' lang='lat' dir='ltr'><strong>ad</strong></span> <span class='ocrx_word' id='word_1_333' title='bbox 902 3517 930 3568; x_wconf 90' lang='lat' dir='ltr'><strong>id</strong></span> <span class='ocrx_word' id='word_1_334' title='bbox 948 3518 1142 3584; x_wconf 79' lang='lat' dir='ltr'><strong>perficiendum</strong></span> <span class='ocrx_word' id='word_1_335' title='bbox 1156 3517 1270 3569; x_wconf 87' lang='lat' dir='ltr'><strong>consilia</strong></span> <span class='ocrx_word' id='word_1_336' title='bbox 1282 3534 1336 3568; x_wconf 89' lang='lat' dir='ltr'><strong>nou</strong></span> <span class='ocrx_word' id='word_1_337' title='bbox 1349 3519 1619 3570; x_wconf 76' lang='lat' dir='ltr'><strong>accommodaverant</strong></span> <span class='ocrx_word' id='word_1_338' title='bbox 1685 3581 1686 3584; x_wconf 8' lang='grc' dir='ltr'><strong>Ἴ</strong></span> 
     </span>
     <span class='ocr_line' id='line_1_36' title="bbox 346 3593 1686 3674; baseline 0 -25"><span class='ocrx_word' id='word_1_339' title='bbox 346 3599 467 3666; x_wconf 80' lang='lat' dir='ltr'><strong>Accepto</strong></span> <span class='ocrx_word' id='word_1_340' title='bbox 485 3601 580 3666; x_wconf 88' lang='lat' dir='ltr'><strong>itaque</strong></span> <span class='ocrx_word' id='word_1_341' title='bbox 598 3601 651 3653; x_wconf 91' lang='lat' dir='ltr'><strong>hoc</strong></span> <span class='ocrx_word' id='word_1_342' title='bbox 669 3617 800 3668; x_wconf 87' lang='lat' dir='ltr'><strong>responso</strong></span> <span class='ocrx_word' id='word_1_343' title='bbox 817 3603 1034 3666; x_wconf 70' lang='lat' dir='ltr'><strong>dissimilium,</strong></span> <span class='ocrx_word' id='word_1_344' title='bbox 1054 3619 1115 3653; x_wconf 90' lang='lat' dir='ltr'><strong>curu</strong></span> <span class='ocrx_word' id='word_1_345' title='bbox 1127 3603 1207 3669; x_wconf 85' lang='lat' dir='ltr'><strong>plurc</strong></span> <span class='ocrx_word' id='word_1_346' title='bbox 1219 3593 1343 3653; x_wconf 75' lang='lat' dir='ltr'><strong>maximis</strong></span> <span class='ocrx_word' id='word_1_347' title='bbox 1361 3603 1499 3669; x_wconf 87' lang='lat' dir='ltr'><strong>implicita</strong></span> <span class='ocrx_word' id='word_1_348' title='bbox 1516 3597 1619 3674; x_wconf 73' lang='lat' dir='ltr'><strong>dilicul-</strong></span> <span class='ocrx_word' id='word_1_349' title='bbox 1685 3643 1686 3660; x_wconf 70' lang='lat'><strong>,</strong></span> 
     </span>
     <span class='ocr_line' id='line_1_37' title="bbox 344 3685 1620 3754; baseline -0.002 -20"><span class='ocrx_word' id='word_1_350' title='bbox 344 3685 449 3736; x_wconf 87' lang='lat' dir='ltr'><strong>tatibus</strong></span> <span class='ocrx_word' id='word_1_351' title='bbox 467 3701 554 3751; x_wconf 89' lang='lat' dir='ltr'><strong>neque</strong></span> <span class='ocrx_word' id='word_1_352' title='bbox 574 3687 609 3737; x_wconf 85' lang='lat' dir='ltr'><strong>ad</strong></span> <span class='ocrx_word' id='word_1_353' title='bbox 627 3688 729 3738; x_wconf 88' lang='lat' dir='ltr'><strong>exitum</strong></span> <span class='ocrx_word' id='word_1_354' title='bbox 747 3688 923 3754; x_wconf 77' lang='lat' dir='ltr'><strong>perducendo</strong></span> <span class='ocrx_word' id='word_1_355' title='bbox 947 3688 1111 3751; x_wconf 88' lang='lat' dir='ltr'><strong>contineret,</strong></span> <span class='ocrx_word' id='word_1_356' title='bbox 1136 3687 1268 3739; x_wconf 88' lang='lat' dir='ltr'><strong>consultis</strong></span> <span class='ocrx_word' id='word_1_357' title='bbox 1292 3687 1448 3739; x_wconf 85' lang='lat' dir='ltr'><strong>oratoribus</strong></span> <span class='ocrx_word' id='word_1_358' title='bbox 1472 3686 1578 3738; x_wconf 86' lang='lat' dir='ltr'><strong>Polonis</strong></span> <span class='ocrx_word' id='word_1_359' title='bbox 1598 3687 1620 3732; x_wconf 85' lang='lat' dir='ltr'><strong>et</strong></span> 
     </span>
     <span class='ocr_line' id='line_1_38' title="bbox 346 3759 1620 3844; baseline 0.001 -25"><span class='ocrx_word' id='word_1_360' title='bbox 346 3769 434 3820; x_wconf 83' lang='lat' dir='ltr'><strong>Gallis</strong></span> <span class='ocrx_word' id='word_1_361' title='bbox 452 3771 561 3821; x_wconf 90' lang='lat' dir='ltr'><strong>nomine</strong></span> <span class='ocrx_word' id='word_1_362' title='bbox 580 3770 745 3824; x_wconf 77' lang='lat' dir='ltr'><strong>Christianae</strong></span> <span class='ocrx_word' id='word_1_363' title='bbox 764 3772 939 3838; x_wconf 84' lang='lat' dir='ltr'><strong>reipublicae,</strong></span> <span class='ocrx_word' id='word_1_364' title='bbox 959 3774 1097 3844; x_wconf 82' lang='lat' dir='ltr'><strong>cumipse</strong></span> <span class='ocrx_word' id='word_1_365' title='bbox 1116 3787 1133 3823; x_wconf 86' lang='lat' dir='ltr'><strong>u</strong></span> <span class='ocrx_word' id='word_1_366' title='bbox 1150 3774 1245 3836; x_wconf 90' lang='lat' dir='ltr'><strong>Dauo,</strong></span> <span class='ocrx_word' id='word_1_367' title='bbox 1263 3759 1396 3838; x_wconf 72' lang='lat' dir='ltr'><strong>Huugsro</strong></span> <span class='ocrx_word' id='word_1_368' title='bbox 1415 3783 1443 3823; x_wconf 88' lang='lat' dir='ltr'><strong>et</strong></span> <span class='ocrx_word' id='word_1_369' title='bbox 1461 3765 1620 3837; x_wconf 79' lang='lat' dir='ltr'><strong>Hispauoatl</strong></span> 
     </span>
    </p>
   </div>
   <div class='ocr_carea' id='block_1_15' title="bbox 343 3843 1621 4178">
    <p class='ocr_par' dir='ltr' id='par_1_15' title="bbox 343 3843 1621 4178">
     <span class='ocr_line' id='line_1_39' title="bbox 345 3843 1620 3924; baseline 0 -22"><span class='ocrx_word' id='word_1_370' title='bbox 345 3853 488 3906; x_wconf 78' lang='lat' dir='ltr'><strong>serendum</strong></span> <span class='ocrx_word' id='word_1_371' title='bbox 505 3871 554 3921; x_wconf 92' lang='lat' dir='ltr'><strong>pro</strong></span> <span class='ocrx_word' id='word_1_372' title='bbox 572 3857 607 3906; x_wconf 89' lang='lat' dir='ltr'><strong>iis</strong></span> <span class='ocrx_word' id='word_1_373' title='bbox 625 3858 791 3908; x_wconf 85' lang='lat' dir='ltr'><strong>sententium</strong></span> <span class='ocrx_word' id='word_1_374' title='bbox 804 3859 942 3910; x_wconf 84' lang='lat' dir='ltr'><strong>mandetis</strong></span> <span class='ocrx_word' id='word_1_375' title='bbox 956 3857 1132 3924; x_wconf 81' lang='lat' dir='ltr'><strong>amphssrmra</strong></span> <span class='ocrx_word' id='word_1_376' title='bbox 1145 3861 1294 3906; x_wconf 80' lang='lat' dir='ltr'><strong>restructas</strong></span> <span class='ocrx_word' id='word_1_377' title='bbox 1307 3843 1393 3918; x_wconf 74' lang='lat' dir='ltr'><strong>e’sset,</strong></span> <span class='ocrx_word' id='word_1_378' title='bbox 1413 3856 1552 3922; x_wconf 83' lang='lat' dir='ltr'><strong>proposuit</strong></span> <span class='ocrx_word' id='word_1_379' title='bbox 1563 3852 1620 3903; x_wconf 84' lang='lat' dir='ltr'><strong>Ger·</strong></span> 
     </span>
     <span class='ocr_line' id='line_1_40' title="bbox 343 3926 1621 4007; baseline 0.002 -20"><span class='ocrx_word' id='word_1_380' title='bbox 343 3939 448 3990; x_wconf 88' lang='lat' dir='ltr'><strong>manici</strong></span> <span class='ocrx_word' id='word_1_381' title='bbox 469 3940 578 4007; x_wconf 89' lang='lat' dir='ltr'><strong>imperii</strong></span> <span class='ocrx_word' id='word_1_382' title='bbox 602 3956 731 4007; x_wconf 86' lang='lat' dir='ltr'><strong>proceres</strong></span> <span class='ocrx_word' id='word_1_383' title='bbox 753 3957 807 3992; x_wconf 90' lang='lat' dir='ltr'><strong>nou</strong></span> <span class='ocrx_word' id='word_1_384' title='bbox 831 3947 875 3992; x_wconf 85' lang='lat' dir='ltr'><strong>sut</strong></span> <span class='ocrx_word' id='word_1_385' title='bbox 896 3926 1011 3993; x_wconf 83' lang='lat' dir='ltr'><strong>hostiles</strong></span> <span class='ocrx_word' id='word_1_386' title='bbox 1034 3944 1110 3994; x_wconf 86' lang='lat' dir='ltr'><strong>vires</strong></span> <span class='ocrx_word' id='word_1_387' title='bbox 1131 3941 1323 4007; x_wconf 86' lang='lat' dir='ltr'><strong>perpendisse,</strong></span> <span class='ocrx_word' id='word_1_388' title='bbox 1348 3956 1410 3991; x_wconf 89' lang='lat' dir='ltr'><strong>cnm</strong></span> <span class='ocrx_word' id='word_1_389' title='bbox 1433 3940 1549 3992; x_wconf 79' lang='lat' dir='ltr'><strong>Selinus</strong></span> <span class='ocrx_word' id='word_1_390' title='bbox 1568 3939 1621 4002; x_wconf 81' lang='lat' dir='ltr'><strong>post</strong></span> 
     </span>
     <span class='ocr_line' id='line_1_41' title="bbox 344 4019 1619 4093; baseline -0.005 -19"><span class='ocrx_word' id='word_1_391' title='bbox 344 4021 497 4089; x_wconf 70' lang='lat' dir='ltr'><strong>AEgypttos</strong></span> <span class='ocrx_word' id='word_1_392' title='bbox 507 4024 686 4092; x_wconf 76' lang='lat' dir='ltr'><strong>perdpmitos,</strong></span> <span class='ocrx_word' id='word_1_393' title='bbox 706 4027 791 4076; x_wconf 87' lang='lat' dir='ltr'><strong>stiam</strong></span> <span class='ocrx_word' id='word_1_394' title='bbox 804 4026 888 4092; x_wconf 89' lang='lat' dir='ltr'><strong>Sopbi</strong></span> <span class='ocrx_word' id='word_1_395' title='bbox 900 4027 1046 4078; x_wconf 86' lang='lat' dir='ltr'><strong>Persarum</strong></span> <span class='ocrx_word' id='word_1_396' title='bbox 1056 4026 1242 4093; x_wconf 81' lang='lat' dir='ltr'><strong>protrivisset:</strong></span> <span class='ocrx_word' id='word_1_397' title='bbox 1261 4025 1372 4092; x_wconf 76' lang='lat' dir='ltr'><strong>singula</strong></span> <span class='ocrx_word' id='word_1_398' title='bbox 1384 4029 1484 4077; x_wconf 88' lang='lat' dir='ltr'><strong>iterum</strong></span> <span class='ocrx_word' id='word_1_399' title='bbox 1501 4019 1619 4089; x_wconf 89' lang='lat' dir='ltr'><strong>reipubli-</strong></span> 
     </span>
     <span class='ocr_line' id='line_1_42' title="bbox 346 4071 1620 4178; baseline 0.002 -23"><span class='ocrx_word' id='word_1_400' title='bbox 346 4120 387 4156; x_wconf 71' lang='lat' dir='ltr'><strong>cae</strong></span> <span class='ocrx_word' id='word_1_401' title='bbox 400 4105 566 4160; x_wconf 65' lang='lat' dir='ltr'><strong>Christianae</strong></span> <span class='ocrx_word' id='word_1_402' title='bbox 584 4110 744 4174; x_wconf 84' lang='lat' dir='ltr'><strong>discrimine</strong></span> <span class='ocrx_word' id='word_1_403' title='bbox 762 4109 858 4162; x_wconf 86' lang='lat' dir='ltr'><strong>defixit</strong></span> <span class='ocrx_word' id='word_1_404' title='bbox 864 4091 904 4160; x_wconf 82' lang='lat' dir='ltr'><strong>&#39;iu</strong></span> <span class='ocrx_word' id='word_1_405' title='bbox 921 4111 1010 4162; x_wconf 90' lang='lat' dir='ltr'><strong>oculis</strong></span> <span class='ocrx_word' id='word_1_406' title='bbox 1022 4112 1194 4178; x_wconf 85' lang='lat' dir='ltr'><strong>principum,</strong></span> <span class='ocrx_word' id='word_1_407' title='bbox 1213 4125 1313 4176; x_wconf 89' lang='lat' dir='ltr'><strong>eosque</strong></span> <span class='ocrx_word' id='word_1_408' title='bbox 1326 4111 1407 4162; x_wconf 87' lang='lat' dir='ltr'><strong>iussit</strong></span> <span class='ocrx_word' id='word_1_409' title='bbox 1419 4071 1569 4161; x_wconf 61' lang='lat' dir='ltr'><strong>salubriora</strong></span> <span class='ocrx_word' id='word_1_410' title='bbox 1580 4119 1620 4171; x_wconf 80' lang='lat' dir='ltr'><strong>pru</strong></span> 
     </span>
    </p>
   </div>
   <div class='ocr_carea' id='block_1_16' title="bbox 345 4189 1620 4598">
    <p class='ocr_par' dir='ltr' id='par_1_16' title="bbox 345 4189 1620 4598">
     <span class='ocr_line' id='line_1_43' title="bbox 346 4189 1619 4268; baseline 0.003 -30"><span class='ocrx_word' id='word_1_411' title='bbox 346 4189 520 4254; x_wconf 83' lang='lat' dir='ltr'><strong>expeditione</strong></span> <span class='ocrx_word' id='word_1_412' title='bbox 539 4193 710 4245; x_wconf 86' lang='lat' dir='ltr'><strong>conficienda</strong></span> <span class='ocrx_word' id='word_1_413' title='bbox 729 4196 837 4268; x_wconf 76' lang='lat' dir='ltr'><strong>agitare</strong></span> <span class='ocrx_word' id='word_1_414' title='bbox 856 4195 995 4258; x_wconf 76' lang='lat' dir='ltr'><strong>consiliu,¹</strong></span> <span class='ocrx_word' id='word_1_415' title='bbox 1006 4195 1126 4260; x_wconf 86' lang='lat' dir='ltr'><strong>dareque</strong></span> <span class='ocrx_word' id='word_1_416' title='bbox 1144 4211 1270 4262; x_wconf 84' lang='lat' dir='ltr'><strong>operam,</strong></span> <span class='ocrx_word' id='word_1_417' title='bbox 1293 4210 1327 4246; x_wconf 88' lang='lat' dir='ltr'><strong>ne</strong></span> <span class='ocrx_word' id='word_1_418' title='bbox 1350 4195 1524 4246; x_wconf 82' lang='lat' dir='ltr'><strong>celeberrimi</strong></span> <span class='ocrx_word' id='word_1_419' title='bbox 1539 4193 1619 4256; x_wconf 72' lang='lat' dir='ltr'><strong>sagr·</strong></span> 
     </span>
     <span class='ocr_line' id='line_1_44' title="bbox 345 4277 1619 4346; baseline 0.005 -24"><span class='ocrx_word' id='word_1_420' title='bbox 345 4281 452 4324; x_wconf 84' lang='lat' dir='ltr'><strong>steuses</strong></span> <span class='ocrx_word' id='word_1_421' title='bbox 470 4281 557 4326; x_wconf 81' lang='lat' dir='ltr'><strong>caetus</strong></span> <span class='ocrx_word' id='word_1_422' title='bbox 576 4278 653 4330; x_wconf 85' lang='lat' dir='ltr'><strong>irritu</strong></span> <span class='ocrx_word' id='word_1_423' title='bbox 672 4279 748 4329; x_wconf 83' lang='lat' dir='ltr'><strong>exitu</strong></span> <span class='ocrx_word' id='word_1_424' title='bbox 764 4279 994 4342; x_wconf 82' lang='lat' dir='ltr'><strong>dissolverentur,·</strong></span> <span class='ocrx_word' id='word_1_425' title='bbox 1015 4279 1155 4346; x_wconf 90' lang='lat' dir='ltr'><strong>pollicitus</strong></span> <span class='ocrx_word' id='word_1_426' title='bbox 1179 4279 1354 4346; x_wconf 76' lang='lat' dir='ltr'><strong>decernendo</strong></span> <span class='ocrx_word' id='word_1_427' title='bbox 1377 4277 1564 4345; x_wconf 74' lang='lat' dir='ltr'><strong>colligendus</strong></span> <span class='ocrx_word' id='word_1_428' title='bbox 1579 4289 1619 4340; x_wconf 77' lang='lat' dir='ltr'><strong>pru</strong></span> 
     </span>
     <span class='ocr_line' id='line_1_45' title="bbox 345 4357 1620 4430; baseline 0.002 -22"><span class='ocrx_word' id='word_1_429' title='bbox 345 4357 418 4408; x_wconf 91' lang='lat' dir='ltr'><strong>bello</strong></span> <span class='ocrx_word' id='word_1_430' title='bbox 436 4373 516 4409; x_wconf 89' lang='lat' dir='ltr'><strong>sacro</strong></span> <span class='ocrx_word' id='word_1_431' title='bbox 534 4361 658 4413; x_wconf 81' lang='lat' dir='ltr'><strong>subsidio</strong></span> <span class='ocrx_word' id='word_1_432' title='bbox 674 4365 704 4412; x_wconf 90' lang='lat' dir='ltr'><strong>iu</strong></span> <span class='ocrx_word' id='word_1_433' title='bbox 721 4363 812 4414; x_wconf 89' lang='lat' dir='ltr'><strong>nullos</strong></span> <span class='ocrx_word' id='word_1_434' title='bbox 831 4363 900 4416; x_wconf 82' lang='lat' dir='ltr'><strong>ulios</strong></span> <span class='ocrx_word' id='word_1_435' title='bbox 917 4378 984 4416; x_wconf 89' lang='lat' dir='ltr'><strong>usus</strong></span> <span class='ocrx_word' id='word_1_436' title='bbox 1002 4377 1127 4414; x_wconf 80' lang='lat' dir='ltr'><strong>aversum</strong></span> <span class='ocrx_word' id='word_1_437' title='bbox 1143 4365 1192 4426; x_wconf 92' lang='lat' dir='ltr'><strong>iri,</strong></span> <span class='ocrx_word' id='word_1_438' title='bbox 1209 4369 1241 4414; x_wconf 88' lang='lat' dir='ltr'><strong>ut</strong></span> <span class='ocrx_word' id='word_1_439' title='bbox 1259 4379 1292 4415; x_wconf 85' lang='lat' dir='ltr'><strong>ex</strong></span> <span class='ocrx_word' id='word_1_440' title='bbox 1308 4363 1430 4430; x_wconf 87' lang='lat' dir='ltr'><strong>publicis</strong></span> <span class='ocrx_word' id='word_1_441' title='bbox 1447 4363 1522 4414; x_wconf 86' lang='lat' dir='ltr'><strong>bisce</strong></span> <span class='ocrx_word' id='word_1_442' title='bbox 1538 4373 1620 4412; x_wconf 83' lang='lat' dir='ltr'><strong>mouu-</strong></span> 
     </span>
     <span class='ocr_line' id='line_1_46' title="bbox 345 4443 1618 4516; baseline 0.004 -25"><span class='ocrx_word' id='word_1_443' title='bbox 345 4443 445 4493; x_wconf 86' lang='lat' dir='ltr'><strong>mentis</strong></span> <span class='ocrx_word' id='word_1_444' title='bbox 462 4443 578 4508; x_wconf 88' lang='lat' dir='ltr'><strong>patebit.</strong></span> <span class='ocrx_word' id='word_1_445' title='bbox 601 4446 673 4508; x_wconf 83' lang='lat' dir='ltr'><strong>(Ext.</strong></span> <span class='ocrx_word' id='word_1_446' title='bbox 689 4447 760 4512; x_wconf 86' lang='lat' dir='ltr'><strong>spud</strong></span> <span class='ocrx_word' id='word_1_447' title='bbox 772 4447 897 4514; x_wconf 76' lang='lat' dir='ltr'><strong>Dolgest.</strong></span> <span class='ocrx_word' id='word_1_448' title='bbox 921 4447 973 4515; x_wconf 79' lang='lat' dir='ltr'><strong>[sic</strong></span> <span class='ocrx_word' id='word_1_449' title='bbox 990 4449 1136 4500; x_wconf 80' lang='lat' dir='ltr'><strong>Goldustuor</strong></span> <span class='ocrx_word' id='word_1_450' title='bbox 1152 4448 1242 4516; x_wconf 78' lang='lat' dir='ltr'><strong>ubiqrrs</strong></span> <span class='ocrx_word' id='word_1_451' title='bbox 1263 4451 1380 4514; x_wconf 78' lang='lat' dir='ltr'><strong>appellat</strong></span> <span class='ocrx_word' id='word_1_452' title='bbox 1397 4443 1494 4512; x_wconf 71' lang='lat' dir='ltr'><strong>Italus]</strong></span> <span class='ocrx_word' id='word_1_453' title='bbox 1510 4451 1545 4497; x_wconf 85' lang='lat' dir='ltr'><strong>to.</strong></span> <span class='ocrx_word' id='word_1_454' title='bbox 1558 4445 1581 4496; x_wconf 76' lang='lat'><strong>2.</strong></span> <span class='ocrx_word' id='word_1_455' title='bbox 1595 4457 1618 4508; x_wconf 84' lang='lat' dir='ltr'><strong>p·</strong></span> 
     </span>
     <span class='ocr_line' id='line_1_47' title="bbox 346 4519 1618 4598; baseline 0.002 -21"><span class='ocrx_word' id='word_1_456' title='bbox 346 4524 433 4592; x_wconf 80' lang='lat'><strong>138.)’&#39;</strong></span> <span class='ocrx_word' id='word_1_457' title='bbox 453 4553 484 4563; x_wconf 92' lang='lat'><em>-</em></span> <span class='ocrx_word' id='word_1_458' title='bbox 502 4528 562 4580; x_wconf 87' lang='lat' dir='ltr'><strong>Non</strong></span> <span class='ocrx_word' id='word_1_459' title='bbox 581 4529 616 4580; x_wconf 81' lang='lat' dir='ltr'><strong>cd</strong></span> <span class='ocrx_word' id='word_1_460' title='bbox 634 4529 711 4582; x_wconf 89' lang='lat' dir='ltr'><strong>illam</strong></span> <span class='ocrx_word' id='word_1_461' title='bbox 730 4531 983 4584; x_wconf 80' lang='lat' dir='ltr'><strong>“Consultatiouem</strong></span> <span class='ocrx_word' id='word_1_462' title='bbox 1002 4519 1212 4584; x_wconf 63' lang='lat' dir='ltr'><strong>Gerr&#39;usuieem&#39;&#39;</strong></span> <span class='ocrx_word' id='word_1_463' title='bbox 1230 4533 1278 4584; x_wconf 87' lang='lat' dir='ltr'><strong>sed</strong></span> <span class='ocrx_word' id='word_1_464' title='bbox 1297 4529 1332 4584; x_wconf 89' lang='lat' dir='ltr'><strong>sd</strong></span> <span class='ocrx_word' id='word_1_465' title='bbox 1350 4533 1506 4598; x_wconf 79' lang='lat' dir='ltr'><strong>Principum</strong></span> <span class='ocrx_word' id='word_1_466' title='bbox 1528 4535 1556 4581; x_wconf 88' lang='lat' dir='ltr'><strong>st</strong></span> <span class='ocrx_word' id='word_1_467' title='bbox 1571 4533 1618 4580; x_wconf 72' lang='lat' dir='ltr'><strong>srs</strong></span> 
     </span>
    </p>
   </div>
   <div class='ocr_carea' id='block_1_17' title="bbox 245 4613 1618 4688">
    <p class='ocr_par' dir='ltr' id='par_1_17' title="bbox 245 4613 1618 4688">
     <span class='ocr_line' id='line_1_48' title="bbox 245 4613 1618 4688; baseline 0.003 -28"><span class='ocrx_word' id='word_1_468' title='bbox 245 4629 253 4650; x_wconf 85' lang='lat'><strong>·</strong></span> <span class='ocrx_word' id='word_1_469' title='bbox 344 4616 419 4663; x_wconf 89' lang='lat' dir='ltr'><strong>tuum</strong></span> <span class='ocrx_word' id='word_1_470' title='bbox 437 4613 575 4678; x_wconf 77' lang='lat' dir='ltr'><strong>repulsam</strong></span> <span class='ocrx_word' id='word_1_471' title='bbox 592 4616 650 4666; x_wconf 82' lang='lat' dir='ltr'><strong>sire</strong></span> <span class='ocrx_word' id='word_1_472' title='bbox 669 4617 827 4668; x_wconf 76' lang='lat' dir='ltr'><strong>schedulam</strong></span> <span class='ocrx_word' id='word_1_473' title='bbox 839 4619 1003 4682; x_wconf 76' lang='lat' dir='ltr'><strong>Imperatori</strong></span> <span class='ocrx_word' id='word_1_474' title='bbox 1022 4617 1181 4688; x_wconf 65' lang='lat' dir='ltr'><strong>erhibitam,</strong></span> <span class='ocrx_word' id='word_1_475' title='bbox 1200 4633 1281 4684; x_wconf 87' lang='lat' dir='ltr'><strong>quam</strong></span> <span class='ocrx_word' id='word_1_476' title='bbox 1299 4633 1333 4668; x_wconf 86' lang='lat' dir='ltr'><strong>ex</strong></span> <span class='ocrx_word' id='word_1_477' title='bbox 1345 4617 1618 4675; x_wconf 64' lang='lat' dir='ltr'><strong>Bartholinotmrrn</strong></span> 
     </span>
    </p>
   </div>
   <div class='ocr_carea' id='block_1_18' title="bbox 344 4686 1623 4862">
    <p class='ocr_par' dir='ltr' id='par_1_18' title="bbox 344 4686 1623 4862">
     <span class='ocr_line' id='line_1_49' title="bbox 344 4686 1617 4769; baseline 0.002 -23"><span class='ocrx_word' id='word_1_478' title='bbox 344 4695 443 4759; x_wconf 89' lang='lat' dir='ltr'><strong>(deser.</strong></span> <span class='ocrx_word' id='word_1_479' title='bbox 455 4697 496 4759; x_wconf 62' lang='grc' dir='ltr'><strong>ὃς.</strong></span> <span class='ocrx_word' id='word_1_480' title='bbox 508 4696 549 4750; x_wconf 77' lang='lat' dir='ltr'><strong>ut</strong></span> <span class='ocrx_word' id='word_1_481' title='bbox 562 4699 632 4765; x_wconf 86' lang='lat' dir='ltr'><strong>sqq.)</strong></span> <span class='ocrx_word' id='word_1_482' title='bbox 650 4702 788 4769; x_wconf 69' lang='lat' dir='ltr'><strong>cognitam</strong></span> <span class='ocrx_word' id='word_1_483' title='bbox 805 4703 904 4765; x_wconf 76' lang='lat' dir='ltr'><strong>habeo,</strong></span> <span class='ocrx_word' id='word_1_484' title='bbox 924 4689 1129 4754; x_wconf 81' lang='lat' dir='ltr'><strong>bieximiliauua</strong></span> <span class='ocrx_word' id='word_1_485' title='bbox 1146 4686 1354 4768; x_wconf 76' lang='lat' dir='ltr'><strong>replicationem</strong></span> <span class='ocrx_word' id='word_1_486' title='bbox 1370 4703 1447 4754; x_wconf 89' lang='lat' dir='ltr'><strong>dedit</strong></span> <span class='ocrx_word' id='word_1_487' title='bbox 1461 4703 1617 4766; x_wconf 80' lang='lat' dir='ltr'><strong>sequentem.</strong></span> 
     </span>
     <span class='ocr_line' id='line_1_50' title="bbox 344 4763 1623 4862; baseline 0 -30"><span class='ocrx_word' id='word_1_488' title='bbox 344 4780 512 4836; x_wconf 68' lang='lat' dir='ltr'><strong>&#39;Castrare</strong></span> <span class='ocrx_word' id='word_1_489' title='bbox 530 4773 685 4838; x_wconf 73' lang='lat' dir='ltr'><strong>maiestatis</strong></span> <span class='ocrx_word' id='word_1_490' title='bbox 702 4801 868 4853; x_wconf 83' lang='lat' dir='ltr'><strong>responsum.</strong></span> <span class='ocrx_word' id='word_1_491' title='bbox 881 4788 942 4838; x_wconf 58' lang='lat'><strong>23.</strong></span> <span class='ocrx_word' id='word_1_492' title='bbox 979 4786 1000 4822; x_wconf 84' lang='lat'><strong>¹⁰</strong></span> <span class='ocrx_word' id='word_1_493' title='bbox 1016 4783 1131 4853; x_wconf 84' lang='lat' dir='ltr'><strong>inlie2.</strong></span> <span class='ocrx_word' id='word_1_494' title='bbox 1168 4784 1189 4819; x_wconf 83' lang='lat'><strong>¹¹</strong></span> <span class='ocrx_word' id='word_1_495' title='bbox 1207 4763 1365 4852; x_wconf 56' lang='lat' dir='ltr'><strong>struem.</strong></span> <span class='ocrx_word' id='word_1_496' title='bbox 1407 4785 1428 4822; x_wconf 73' lang='lat'><strong>¹⁸</strong></span> <span class='ocrx_word' id='word_1_497' title='bbox 1444 4783 1555 4837; x_wconf 83' lang='lat' dir='ltr'><strong>scedula</strong></span> <span class='ocrx_word' id='word_1_498' title='bbox 1564 4785 1623 4862; x_wconf 64' lang='grc' dir='ltr'><strong>2.υ</strong></span> 
     </span>
    </p>
   </div>
   <div class='ocr_carea' id='block_1_19' title="bbox 0 0 1696 5509">
    <p class='ocr_par' dir='ltr' id='par_1_19' title="bbox 0 0 1696 5509">
     <span class='ocr_line' id='line_1_51' title="bbox 0 0 1696 5509; baseline 0 0"><span class='ocrx_word' id='word_1_499' title='bbox 0 0 1696 5509; x_wconf 95' lang='lat' dir='ltr'><strong> </strong></span> 
     </span>
    </p>
   </div>
  </div>
 </body>
</html>
