3464 5526
293 459 303 490 l
368 434 414 504 62
499 464 621 498 uvrruru
640 465 669 498 Ill
688 465 780 500 DVCElt
799 465 1076 500 WIRTENPERGRNSE'!
1096 466 1198 503 Quarto
1217 467 1273 500 1111.
1293 465 1321 501 Ι.
1336 465 1400 518 ΗΘ.
1414 467 1439 500 Α.
1455 458 1513 500 1517.

366 618 445 678 etin
468 623 518 678 tuo
541 618 625 678 mnu?
647 625 679 678 ut
701 635 788 694 quern
811 627 953 697 perpetuo
976 620 1071 690 odisse
1090 619 1247 689 debuerat,
1271 638 1337 681 cum
1354 639 1389 680 eo
1404 621 1644 684 consuetudinem
1718 669 1719 690 ,

365 719 484 789 babeat;
507 719 544 780 ad
565 719 649 780 cuius
670 710 778 780 n'ornen
800 723 957 788 attonitam.
973 739 1036 783 esse
1059 728 1244 802 oportuerat,
1268 723 1295 800 ei
1317 721 1458 791 arrideat,
1487 713 1564 784 curu¹
1585 739 1646 806 am-

297 821 511 901 coaptaretur,
535 839 602 882 eum
626 818 653 898 (o
675 822 884 901 turpitudinem
907 821 1117 904 incredibilem)
1140 799 1289 913 osculetur
1310 826 1414 886 etiam?
1436 825 1494 886 Sed
1510 825 1645 886 custodes

255 951 265 962 ·
361 922 455 986 babes
475 940 529 1001 per
552 940 626 1002 quos
647 924 833 1001 cupiditatem
856 923 974 1003 explere
996 945 1055 988 non
1077 924 1159 998 licet,
1182 923 1263 988 illum
1287 927 1350 988 eius
1370 934 1485 1003 patrem
1501 928 1551 1006 qui
1567 926 1644 986 bunc

363 1024 416 1086 tibi
438 1043 569 1088 amorem
588 1012 764 1097 con'ciliarit,
788 1033 817 1087 et
832 1027 959 1106 probum
975 1028 1108 1090 invenem
1124 1027 1254 1090 eiusdem
1270 1027 1407 1098 tratrem,
1429 1025 1487 1108 qrio
1502 1037 1533 1088 tu
1548 1043 1662 1106 pueros

363 1128 490 1206 primum
512 1133 541 1188 et
562 1126 746 1192 adolescente
767 1126 855 1206 paulo
876 1136 943 1207 post
964 1130 1112 1209 quomodo
1134 1149 1205 1192 usus
1226 1132 1280 1204 sis,
1310 1131 1379 1211 quid
1407 1131 1444 1191 ad
1472 1130 1528 1191 boc
1554 1146 1644 1206 nego-

361 1230 435 1290 tium
456 1221 601 1308 'pertinett
624 1229 721 1291 Facile
742 1237 841 1294 autern
862 1233 957 1311 patior
980 1231 1036 1293 boc
1058 1232 1192 1294 obtinere
1214 1239 1242 1294 te
1262 1240 1364 1294 contra
1380 1239 1544 1302 mortuum,
1567 1215 1643 1311 quod

363 1347 423 1397 nou
445 1333 577 1408 coegeris
599 1329 692 1400 illam,
722 1351 756 1393 ac
780 1334 851 1394 citra
873 1335 931 1394 rim
954 1340 983 1394 et
1005 1334 1304 1425 violentiamamasse
1332 1341 1378 1406 te,
1409 1333 1643 1415 quandoquidem
1718 1321 1719 1374 l

363 1441 437 1512 opus
459 1433 535 1494 torte
557 1451 615 1508 non
639 1434 693 1494 luit
714 1435 779 1514 cogi
803 1453 868 1514 quae
889 1433 995 1506 voluit,
1019 1441 1048 1498 et
1069 1454 1103 1497 ea
1126 1420 1309 1514 sinlplicitatc
1330 1422 1430 1498 nostd’r
1453 1437 1519 1506 luit,
1547 1444 1581 1498 ut
1602 1439 1643 1496 in·
1718 1495 1719 1520 2

295 1534 515 1600 §.racredibilia
537 1535 573 1597 de
589 1553 687 1597 uxore
709 1554 768 1597 non
790 1539 999 1618 suspicaretur.
1037 1538 1094 1598 Sed
1116 1543 1269 1618 utcunque'
1288 1541 1435 1616 negotium
1447 1540 1513 1600 -boc
1527 1545 1642 1607 tractes,
1655 1557 1671 1594 ιι

366 1635 413 1698 ille
435 1635 488 1712 abs
509 1624 539 1698 te
561 1639 753 1717 interempta}
775 1646 833 1710 est,
863 1640 926 1702 baec
955 1642 983 1700 in
1011 1646 1059 1700 tua
1083 1639 1148 1702 aula
1171 1642 1200 1702 in
1224 1648 1330 1722 tuoque
1353 1639 1490 1704 cubiculo
1513 1641 1595 1709 sirit,
1617 1649 1644 1700 et
1718 1631 1719 1710 l

365 1739 433 1812 vigit
453 1737 594 1821 libenter,
623 1739 703 1800 nullo
729 1742 827 1810 mariti
854 1744 900 1802 sui
928 1742 1096 1821 desyderio,
1128 1743 1163 1806 ad
1192 1750 1257 1806 tuas
1280 1743 1472 1822 cupiditates,
1500 1741 1538 1802 ad
1566 1751 1642 1802 tuam

297 1850 355 1902 tat.
364 1839 530 1911 libidinem,
553 1859 609 1902 nec
631 1847 762 1922 compta,
785 1850 817 1905 ut
838 1850 992 1916 matronae,
1016 1851 1221 1915 memorata,
1245 1851 1277 1905 ut
1290 1845 1420 1906 honestae
1435 1843 1540 1906 solent
1568 1837 1641 1904 neri

357 1960 422 2032 qua
445 1941 516 2004 sileo
537 1949 568 2004 et
589 1962 636 2004 mc
657 1945 765 2006 iterum
788 1929 838 2008 bid
858 1946 1001 2007 contineo.
1040 1966 1128 2026 quam
1150 1953 1219 2008 sunt
1240 1945 1331 2007 multa
1353 1947 1430 2008 enirn
1445 1963 1512 2025 quae
1528 1953 1557 2006 tu
1576 1963 1642 2006 con·

364 2030 488 2110 fidenter
510 2045 594 2116 lacis,
624 2063 678 2124 ego
700 2047 800 2110 timide
828 2046 907 2108 dico:
936 2055 1036 2110 metuo
1062 2051 1140 2110 enim
1168 2048 1351 2110 verecundie
1380 2066 1453 2108 mea
1482 2067 1516 2108 ea
1545 2047 1669 2109 dicensn

363 2165 428 2226 quae
450 2154 481 2210 tu
505 2145 614 2210 taciens
635 2149 778 2211 rationem
801 2149 886 2210 tama
907 2168 967 2210 non
982 2149 1109 2212 habuisti
1124 2158 1190 2211 tuae.
1224 2152 1382 2229 quinetiam
1398 2150 1542 2232 siquando
1558 2148 1641 2210 edan·
1718 2153 1719 2204 t

271 2249 276 2258 '
362 2259 411 2310 tur
433 2248 510 2320 hnc,
534 2250 692 2311 verendum
714 2257 748 2312 ut
769 2251 891 2312 credant
913 2253 1021 2330 posteri
1044 2269 1108 2332 quaa
1130 2259 1289 2332 presentes
1314 2259 1440 2313 norunt:
1463 2259 1507 2312 tot
1527 2258 1641 2328 tamque

364 2357 471 2430 preter
492 2349 579 2412 fidem
601 2359 670 2413 sunt
690 2354 768 2414 enim
789 2361 840 2414 tua
861 2353 989 2423 scelera,
1012 2362 1044 2415 ut
1064 2357 1135 2416 citra
1151 2355 1295 2416 mendacii
1310 2355 1493 2434 opinionem,
1517 2353 1567 2432 qui
1582 2353 1641 2431 qui·

364 2453 530 2547 dembaud
553 2471 683 2532 presens
705 2457 887 2534 cognorerit,
911 2457 1009 2518 audiat
1031 2475 1063 2516 ea
1087 2475 1189 2527 nemo,
1212 2465 1241 2519 et
1263 2474 1328 2537 quae
1350 2475 1405 2535 ego
1427 2457 1451 2518 si
1466 2472 1641 2516 commemo·
1718 2525 1719 2536 χ

295 2560 430 2619 §.ttra‘re
451 2553 537 2616 relim
560 2550 671 2625 omnia,
694 2555 863 2640 longissime
885 2564 966 2620 extra
982 2577 1100 2622 causam
1115 2568 1288 2637 erogaturus
1305 2560 1368 2620 sim.
1404 2556 1498 2638 lgitur
1512 2556 1549 2617 ad
1566 2563 1638 2618 tuam
1648 2577 1668 2615 n
1718 2541 1719 2594 l

361 2655 560 2719 narrationem
583 2657 754 2720 redeamus:
783 2659 835 2722 Cui
857 2660 964 2722 obnixe
987 2663 1099 2724 reniam
1121 2663 1216 2722 oranti
1237 2680 1295 2724 nou
1318 2661 1386 2732 das,
1416 2661 1553 2740 periuro,
1575 2676 1639 2738 pro·

361 2758 461 2828 ditori,
484 2759 573 2820 infido
595 2767 682 2839 atque
704 2760 787 2822 aliter
803 2765 972 2824 ‘sexcenties
993 2763 1085 2833 malo,
1109 2765 1134 2824 is
1155 2762 1209 2825 abs
1230 2771 1259 2825 te
1273 2762 1428 2825 consilium
1443 2762 1535 2841 petiit.
1564 2759 1638 2825 Esto,
1718 2773 1719 2826 ἒ

361 2861 492 2939 petierit,
523 2859 559 2920 ab
583 2880 637 2932 eo,
667 2882 754 2942 qrrem
776 2863 831 2926 sibi
855 2864 1015 2943 capitaliter
1044 2873 1073 2926 et
1101 2864 1381 2928 irreconciliabiliter
1409 2864 1495 2926 irasci
1517 2862 1637 2928 ridebat,

361 2957 528 3041 quanquam
551 2962 608 3022 boc
630 2982 716 3026 uerno
738 2961 821 3036 lacit;
858 2973 954 3028 tamen
984 2973 1015 3028 ut
1041 2969 1174 3046 petierit,
1207 2967 1284 3046 qnod
1314 2965 1383 3026 illud
1412 2966 1467 3026 luit
1493 2963 1636 3030 delictum,
1718 3015 1719 3052 ,

362 3063 445 3126 onitas
466 3062 519 3124 abs
540 3070 569 3126 te
591 3067 704 3128 veniam
726 3067 1022 3152 deprecaricouatus
1044 3077 1103 3139 est,
1132 3061 1161 3130 ct
1187 3069 1270 3130 cuius
1292 3068 1470 3147 poenitudine
1492 3067 1568 3128 mori
1589 3073 1663 3128 anta
1718 3067 1719 3138 i

293 3167 391 3226 tit-in
415 3164 531 3228 exilium
554 3168 597 3228 ire
619 3168 763 3244 decrevit,
787 3172 826 3232 ita
846 3177 944 3232 tamen
966 3180 998 3233 ut
1020 3177 1070 3232 tuo
1092 3171 1133 3232 ibi
1155 3155 1275 3232 consilio
1297 3171 1448 3230 uteretur?
1471 3169 1560 3230 Cuius
1581 3187 1636 3230 ma·
1718 3185 1719 3254 p

360 3269 449 3331 ritum
472 3269 643 3332 interemisti
665 3290 725 3334 non
746 3280 929 3348 accusatum,
958 3291 1017 3334 non
1046 3273 1230 3342 damnatum,
1261 3290 1326 3334 eam
1353 3279 1466 3349 septem
1489 3279 1517 3332 et
1540 3271 1635 3332 decem
1718 3285 1719 3348 j

360 3371 417 3431 iam
439 3370 562 3450 amplius
583 3389 700 3436 menses
723 3374 940 3454 complecteris,
964 3383 992 3435 et
1013 3375 1100 3437 nobis
1121 3373 1243 3438 dubium
1266 3391 1330 3434 esse
1352 3375 1393 3434 ris
1416 3392 1468 3434 cur
1490 3373 1634 3454 penderis,

358 3489 393 3533 ac
415 3472 472 3534 di'ci
494 3474 634 3552 prohibes
655 3477 733 3557 quod
757 3459 886 3540 libidinis
908 3475 1058 3554 explendae
1080 3495 1168 3538 causa
1190 3476 1350 3538 occideris?
1373 3473 1530 3552 Responde
1545 3481 1634 3534 autern

358 3573 436 3636 aliud
451 3566 515 3639 blac
538 3576 622 3648 milri,
645 3578 693 3639 illa
716 3570 840 3642 honesto
862 3585 928 3640 nata
950 3575 1015 3638 loco
1038 3581 1061 3640 si
1083 3597 1100 3640 a
1122 3587 1151 3640 te
1172 3585 1252 3640 casta
1275 3585 1333 3646 est,
1358 3595 1416 3638 non
1440 3577 1546 3636 metuis
1561 3594 1595 3635 ne
1610 3581 1663 3634 tear

357 3677 510 3739 interliciat
532 3679 562 3739 in
584 3681 681 3742 mariti
703 3679 843 3743 ultionem
866 3683 941 3760 ipsa,
965 3683 1128 3759 praesertim
1150 3681 1192 3758 sic
1214 3679 1323 3741 tractus
1346 3685 1424 3740 metu
1448 3696 1516 3740 cum
1538 3679 1585 3748 sis,
1607 3681 1634 3736 ut

359 3787 438 3842 tuam
460 3788 489 3841 te
513 3779 647 3842 umbram
669 3783 773 3844 timere
795 3782 928 3844 homiues
951 3782 1088 3844 credant?
1116 3789 1166 3844 aut
1194 3780 1266 3842 nolit
1287 3779 1387 3842 ulcisci
1410 3771 1479 3840 cum
1501 3781 1590 3859 possit
1609 3783 1633 3837 et
1718 3849 1719 3856 ἵ

290 3880 451 3961 t.⁶³·prob'a
474 3883 524 3952 sit,
554 3900 640 3962 quam
668 3891 700 3946 tu
727 3882 777 3944 tali
805 3883 1005 3962 coniugio-sic
1028 3881 1231 3944 miserabiliter
1254 3881 1381 3944 orbastil
1411 3880 1468 3944 Ubi
1496 3888 1563 3940 sunt
1583 3877 1631 3939 itte

357 3991 454 4044 autem
487 3983 601 4060 pudica
635 3983 788 4046 mulieres·
804 4003 868 4066 quaa
897 3987 1068 4047 maritorum
1097 4004 1219 4046 suorum
1247 3984 1452 4046 interfectores
1480 3983 1553 4048 adeo
1578 3995 1630 4040 non
1718 3995 1719 4024 ³

356 4067 497 4154 oderunt,
521 4092 553 4146 ut
575 4094 672 4151 ament
695 4084 799 4148 etiam?
821 4086 1037 4151 dementissime
1055 4086 1220 4156 bominum,
1244 4085 1407 4150 elleborum
1422 4083 1492 4148 bibe
1506 4103 1541 4146 ac
1555 4082 1660 4142 numu
1718 4101 1719 4106 ¹

359 4199 486 4264 expurga
510 4187 667 4259 insaniam,
697 4188 775 4269 quod
798 4187 842 4250 vel
864 4189 901 4249 ad
923 4196 1039 4268 ternpus
1061 4191 1177 4268 sapiens
1199 4186 1276 4249 illam
1300 4195 1379 4248 tuam
1409 4188 1568 4248 orationem
1588 4200 1629 4242 rc·
1718 4233 1719 4252 ,

289 4295 492 4358 lotrensem,
521 4289 551 4348 in
574 4309 631 4370 qua
654 4289 725 4352 nibil
748 4289 802 4352 sibi
825 4289 966 4362 cubaret,
995 4291 1093 4352 omnia
1115 4291 1237 4351 invicem
1266 4309 1298 4350 se
1326 4289 1536 4350 comminuunt.
1578 4281 1628 4344 Sed
1718 4283 1719 4338 ἶ

356 4441 559 4454 --—-...-....

423 4525 487 4578 ¹Ut
504 4535 534 4578 tl,
585 4525 698 4578 8ειὶιιιι
716 4532 744 4576 et
762 4539 925 4594 congressus
948 4529 983 4578 ad
1005 4527 1149 4578 libidinem
1167 4527 1294 4594 dignetur
1311 4528 1400 4578 addid.
1414 4531 1443 4576 Η.
1497 4519 1571 4592 Ml]
1590 4520 1625 4570 De

355 4612 440 4682 patris
458 4611 594 4672 lenocinio
614 4611 696 4662 otiam
715 4628 748 4661 ex
767 4613 833 4678 ipsis
851 4615 992 4678 utriusque
1011 4605 1101 4678 partis‘
1116 4612 1227 4677 scriptis
1244 4611 1355 4677 publica
1380 4611 1463 4662 editis
1487 4611 1552 4662 ntia
1569 4619 1624 4658 oon·

355 4697 423 4760 atala
441 4713 495 4770 nou
514 4699 579 4749 item
599 4697 631 4746 de
651 4703 742 4761 stupro
762 4697 788 4750 in
808 4699 929 4750 fratrem.
981 4693 1114 4764 lnoster]
1134 4697 1242 4748 occisus
1260 4697 1406 4746 Hutteuus.
1466 4692 1487 4728 ¹¹
1505 4691 1584 4746 desid.
1602 4691 1621 4738 2·
1718 4749 1719 4754 Ἰ

354 4779 377 4813 ¹⁸
394 4779 508 4832 uidebat
526 4785 548 4832 1.
567 4797 635 4832 corr.
654 4769 708 4846 ipre
726 4785 755 4830 Η.
807 4779 829 4812 ²¹·
847 4784 959 4832 ueniam
975 4785 1004 4832 H.
1023 4797 1137 4852 ‚poeuam
1156 4784 1180 4832 1.
