3410 5524
103 423 226 460 nrrrnrr
236 421 273 458 nn
282 421 430 462 uniuersas
444 421 571 464 osnmvr
584 422 694 463 aennon
707 421 807 464 rvncrs
820 420 961 458 rnrnnnar
973 420 1200 466 annuaruronm,
1210 405 1294 472 (tals.)
1316 391 1386 466 119

100 578 188 648 vein,
212 579 306 641 nostri
328 594 435 661 curam,
452 578 543 656 agite:
573 577 699 638 maxime
730 591 783 636 ros
809 583 888 655 petet
914 549 950 664 ac
972 577 1280 644 acerbissIme'lerist,
1312 580 1389 640 uode

100 679 179 740 uude
199 679 248 742 illa
271 686 337 742 ruat
351 663 526 758 tempestas,
549 676 596 740 illa
619 679 734 742 decidat
756 678 896 756 procella.
941 679 1052 768 Quodsi
1073 678 1154 740 nullo
1169 678 1287 758 publico
1303 680 1456 746 malceno.

100 789 195 850 restra
220 789 318 844 esseut
340 781 470 851 dissidia,
493 789 591 851 tanam
614 782 682 858 qnia
704 787 791 860 turpe
814 789 858 842 est
879 783 955 843 iuter
970 781 1132 843 Germanos
1155 789 1275 842 externo
1299 781 1389 844 laces·

100 884 172 950 sitos
195 881 275 946 bello
298 881 396 947 civiles
419 901 483 944 esse
506 883 686 962 discordias,
714 884 868 945 intestinos
891 885 1012 958 excitari
1041 902 1075 943 ac
1102 881 1138 943 ali
1167 882 1323 952 tumultus,
1348 875 1389 945 ‘ne

80 984 276 1046 acomrninne
298 991 331 1046 ut
353 1003 367 1046 a
392 984 475 1046 robis
497 983 616 1064 publica
638 985 783 1065 prodiisse
814 985 965 1064 turpitudo
992 993 1128 1064 putenm:
1156 1001 1224 1046 nam
1246 963 1271 1046 {i
1293 988 1388 1066 turpia
1421 1001 1423 1008 ’

97 1093 166 1148 snut
188 1086 257 1148 hacc
277 1103 451 1166 quacunque
475 1105 510 1152 cx
534 1105 636 1148 caussa
665 1093 716 1151 aut
744 1088 826 1148 enisis
857 1088 940 1148 cuius
968 1087 1050 1146 vitio¹
1063 1089 1249 1174 proveniant,
1280 1093 1389 1165 quanto

98 1190 235 1266 turpiora
258 1188 405 1250 censenda
427 1195 510 1257 sont,
541 1187 595 1250 ubi
619 1208 634 1248 a
658 1190 821 1252 Germanias
843 1190 1009 1268 principatu
1036 1197 1124 1268 atque
1153 1207 1168 1248 a
1195 1188 1285 1250 nobili
1314 1187 1390 1248 illius

99 1289 248 1369 splendidi
271 1291 404 1369 corporis
427 1290 521 1368 capite
545 1307 631 1370 quam
654 1291 679 1349 si
702 1288 819 1352 aliunde
841 1291 1035 1352 descendant!
1059 1289 1160 1350 Nullus
1184 1293 1274 1370 magis
1291 1291 1388 1351 delor-

97 1399 161 1454 mat
179 1409 270 1472 quam
293 1393 342 1472 qui
364 1377 467 1470 iaciens
489 1393 593 1454 invasit
623 1390 753 1478 morbus.
799 1391 841 1452 Ne
870 1391 942 1452 mihi
969 1393 1142 1461 irascimini,
1173 1411 1209 1453 ne
1232 1391 1456 1456 malesanam.

71 1495 190 1570 tolerte,
222 1495 275 1559 scd
304 1493 428 1559 civiliter
451 1494 590 1577 accipite,
619 1493 650 1574 in
672 1491 754 1556 vobis
776 1511 841 1572 quaa
863 1496 964 1554 insunt
985 1495 1050 1554 vitia
1073 1495 1198 1554 inarime
1224 1511 1279 1553 nos
1301 1494 1388 1556 dede

97 1604 182 1666 cent,
208 1595 448 1680 quandoquidem
468 1596 525 1656 isto
548 1611 703 1662 censemur
723 1596 835 1674 capite,
860 1595 896 1656 ab
920 1595 975 1656 hac
998 1603 1167 1674 spectamur
1190 1595 1271 1657 lacis.
1317 1613 1389 1673 ergo

97 1699 188 1776 igitur
211 1699 375 1778 resipiscite
397 1717 431 1758 ac
452 1716 490 1760 ne
513 1707 619 1760 ornnes
637 1713 793 1774 pereamus
816 1715 865 1757 vos
888 1687 1015 1764 servate:
1045 1697 1252 1766 convalescite,
1284 1697 1396 1777 capitas

98 1818 135 1862 ne
159 1803 263 1875 omnia
283 1800 441 1886 universim
465 1800 696 1862 commoriantur
723 1799 855 1860 memh'ra
884 1819 918 1860 ac
945 1799 1016 1860 illud
1045 1818 1083 1860 ne
1111 1801 1238 1862 intereat
1264 1817 1387 1880 corpus,

98 1920 148 1962 ros
169 1901 246 1964 boui
268 1921 302 1964 ac
324 1900 392 1964 mali
414 1903 509 1964 omnis
531 1902 677 1988 ionteset
699 1901 797 1979 origo,
828 1902 885 1963 alio
907 1905 995 1970 iram,
1025 1901 1081 1962 alio
1103 1902 1279 1963 discordiam
1299 1922 1334 1963 ao
1356 1902 1388 1966 li·
1431 1903 1433 1916 '
1523 1895 1525 1900 ’

70 2013 158 2080 ntes,
182 2006 215 2066 in
237 2021 293 2066 nos
314 2022 418 2086 pacem
439 2006 582 2083 spargite,
607 2005 635 2064 in
659 2021 713 2063 nos
735 2004 863 2082 quietem
885 2021 920 2064 ac
942 1993 1072 2065 mutuam
1094 1983 1280 2064 dilectionem
1304 2006 1386 2086 emit·¹

99 2107 157 2168 tite.
197 2105 295 2168 donec
317 2107 394 2168 enirn
416 2106 478 2188 istis
500 2106 574 2176 vitiis
595 2123 717 2188 operam
740 2104 823 2174 datis,
848 2123 950 2166 omnes
972 2105 1027 2167 sibi
1049 2105 1138 2166 licere
1160 2104 1302 2185 putabant
1323 2109 1455 2168 aiminus.

98 2208 226 2280 inferre,
251 2209 356 2292 iniuria
379 2207 513 2286 pulsare,
536 2204 629 2276 aliena
652 2225 774 2288 raperes
802 2213 889 2286 atque
911 2207 980 2268 hinc
998 2215 1109 2268 mutuae
1132 2207 1323 2286 direptiones,
1345 2207 1387 2270 la·

98 2311 237 2380 uncinis,
274 2309 370 2370 caedes
404 2316 446 2379 et,
481 2328 498 2369 o
528 2310 636 2388 patria,
671 2307 741 2368 nihil
775 2308 805 2367 in
840 2310 995 2369 Germania
1024 2309 1130 2376 lidum,
1168 2309 1241 2369 nihil
1277 2311 1386 2370 tutum!

100 2412 153 2472 l'bi
174 2411 262 2474 locus
284 2393 328 2474 est
349 2411 386 2472 ad
409 2411 555 2490 quendam
578 2411 660 2489 quasi
686 2411 831 2489 privatum
855 2427 970 2479 meum,
1000 2417 1099 2470 vestra·
1118 2410 1214 2479 senia,
1245 2409 1377 2472 dolorem
1390 2425 1456 2475 tros.

71 2505 300 2576 adescendere:
324 2508 400 2574 male
416 2512 587 2582 audimusa
611 2511 785 2592 quibusdam
809 2513 920 2590 equites
941 2511 1079 2572 Germani
1094 2513 1123 2573 in
1139 2519 1273 2589 raptores
1294 2513 1389 2574 excla-

101 2615 259 2678 mantibus.
305 2632 364 2676 nou
387 2613 594 2693 patrocinabor
618 2615 748 2684 crimini,
777 2633 793 2674 a
824 2631 882 2692 quo
910 2612 1079 2691 longissime
1101 2626 1224 2692 ,semper
1247 2613 1344 2682 oblisi,
1374 2633 1449 2674 a

100 2737 158 2798 quo
181 2716 343 2786 abhorrui,
367 2715 446 2796 quod
468 2716 610 2784 detestor;
634 2714 699 2776 illos
721 2723 818 2776 tamen
841 2715 942 2794 quiqui
964 2723 1031 2776 sum
1053 2733 1111 2778 non
1133 2716 1228 2793 patiar
1250 2713 1313 2776 aliis
1328 2733 1389 2776 mo·

100 2819 190 2882 lcstos
218 2837 299 2887 esse,
328 2825 358 2880 et
388 2813 508 2879 festucae
530 2819 720 2897 quaestionem
739 2835 862 2878 morere
883 2819 1054 2895 priusquam
1078 2817 1113 2878 de
1135 2817 1266 2878 criminis
1288 2833 1388 2879 caussa

100 2931 130 2984 et
149 2921 199 2990 illa
222 2923 252 2982 iu
275 2919 361 2982 oculo
383 2938 437 2982 suo
460 2919 544 2982 trabe
566 2926 785 2998 pertractatum¹
803 2920 899 2980 luerit.
945 2919 1018 2990 Ouid
1043 2919 1157 2980 dicam?
1185 2913 1287 2980 multis'
1306 2923 1458 2982 certetur.
1524 2909 1526 2914 ’

71 3023 199 3086 aaronis
221 3022 287 3086 haec
308 3022 420 3101 agenda
444 3039 545 3083 caussa
569 3027 645 3089 erat,
674 3020 725 3082 sed
756 3021 850 3084 dicam
879 3021 1021 3082 breviter:
1054 3023 1120 3100 quia
1151 3020 1391 3100 exprincipibus
1488 3075 1491 3082 ,

101 3134 170 3190 suut
193 3126 245 3205 qui
268 3125 401 3204 rapiunt,
432 3123 648 3211 quidamplqoo
671 3121 727 3188 alio
750 3125 826 3184 anun
852 3119 941 3184 verbo
962 3131 1029 3184 utar
1051 3125 1080 3184 iu
1102 3141 1136 3184 re
1159 3123 1208 3184 tali
1228 3123 1247 3202 1)
1271 3127 1322 3202 qui
1345 3143 1392 3186 ra·
1424 3145 1428 3156 ¹

102 3229 200 3308 piunt,
224 3227 470 3305 iuquam„alque
492 3227 522 3285 in
545 3223 602 3285 illis
623 3243 678 3284 nos
700 3231 840 3286 exercent
861 3225 985 3304 rapinis,
1010 3231 1038 3286 et
1060 3225 1127 3302 quia
1149 3227 1178 3285 in
1201 3225 1324 3286 aliorum
1347 3226 1390 3284 in·

103 3329 183 3396 vidia,
206 3327 256 3390 alii
284 3328 320 3388 ad
342 3326 494 3388 latrocinia
518 3328 676 3390 connivent
703 3343 737 3389 ac
759 3309 841 3388 alunt
861 3329 918 3406 ipsi
939 3326 1083 3397 latrones,
1113 3326 1219 3388 deinde
1240 3330 1310 3406 quia
1332 3343 1391 3390 non

103 3433 218 3510 geritur
241 3427 460 3498 bellumloris,
491 3435 523 3488 ut
544 3430 581 3490 sit
604 3446 661 3508 quo
683 3445 716 3490 se
737 3428 821 3490 multi
843 3437 963 3507 egentes
991 3430 1166 3498 sustineant,
1196 3431 1391 3510 quoniamque

72 3549 316 3611 anennunquam
338 3527 424 3594 nobis
446 3548 564 3612 quoque
587 3547 644 3609 pen
662 3532 719 3591 uim
741 3531 879 3594 aulerunt
900 3533 1095 3611 potentiores,
1119 3533 1256 3608 quoniam
1278 3533 1330 3591 ista
1345 3533 1390 3592 in·

104 3652 189 3712 quam
212 3635 296 3705 liunt,
321 3640 359 3695 et·
372 3619 512 3694 docer'nur
534 3637 564 3699 et
585 3633 719 3710 cogimur
740 3632 924 3702 latrocinari;
948 3641 1035 3716 atqua
1056 3633 1164 3695 iccirco
1186 3633 1282 3694 miuus
1305 3644 1458 3694 erra-tau.

104 3755 166 3796 mus
189 3754 262 3804 nos,
285 3735 353 3814 qula
377 3733 511 3822 exemplo
534 3751 682 3804 erramus,
707 3753 723 3794 e
745 3733 826 3806 vohis
847 3736 1011 3797 istiusmodi
1034 3751 1134 3796 caussa
1151 3734 1234 3796 malis
1248 3736 1391 3816 provenit,

104 3837 170 3898 luic
199 3835 336 3898 incendio
365 3837 528 3900 lomentum
556 3838 702 3916 suppetit,
732 3837 810 3914 quod
841 3838 866 3897 si
893 3838 1090 3907 detraxeritis,
1120 3839 1215 3898 omnia
1239 3835 1391 3898 confestim

104 3957 172 4000 sana
196 3945 299 4006 erunt,
323 3939 420 4000 omnia
442 3938 566 4016 integra
610 3955 702 4018 penes
724 3957 774 3998 vos
795 3945 840 4000 est
862 3939 938 4000 salva
961 3940 1058 4000 omnia
1079 3937 1172 3999 velitis
1193 3957 1231 4001 an
1247 3939 1390 4017 perdition

76 4042 186 4120 aipsos
208 4059 261 4102 sos
282 4041 326 4102 ire
347 4042 435 4102 iuvet.
479 4039 532 4102 sed
553 4041 618 4120 quis
639 4039 797 4119 perditioni
824 4040 946 4102 modus?
975 4043 1045 4120 quin
1072 4041 1173 4110 reditis
1202 4042 1231 4102 in
1250 4045 1391 4103 'commu-

108 4160 173 4204 nern
194 4143 339 4220 qratiam,
362 4160 400 4204 ne
423 4142 534 4206 trusus·
551 4140 601 4204 ille
622 4143 770 4204 monuerit
791 4143 840 4221 qui
862 4143 933 4204 dixit
948 4141 1110 4205 Concordia
1132 4161 1236 4223 parvas
1256 4161 1305 4205 res
1325 4161 1390 4204 crs·
1426 4163 1429 4171 ·

105 4261 204 4314 scere,
234 4243 380 4326 discordia¹
402 4261 522 4322 magnas
544 4243 628 4306 facile
648 4241 747 4306 dilabi.
793 4241 857 4304 Non
880 4243 925 4306 hm
946 4253 1015 4304 sunt
1040 4245 1123 4305 vobis
1144 4245 1253 4306 irarum
1276 4253 1460 4306 caussatur.

107 4361 169 4422 que
192 4363 252 4406 nou
276 4345 322 4406 rel
343 4363 401 4408 uuo
423 4347 561 4426 quopiam
584 4346 679 4406 arnico
701 4343 847 4425 colloquio
869 4345 931 4408 tolli
952 4347 1081 4426 passion
1100 4346 1251 4428 quadam,
1275 4354 1307 4407 ut
1321 4347 1389 4419 disi,

172 4565 287 4638 Ιώ,
306 4563 377 4616 unde
395 4567 455 4618 edd.
490 4561 597 4631 ⁸vitio]
617 4565 692 4616 visio
712 4568 735 4614 t.
753 4565 845 4616 nisio
863 4568 889 4614 2.
906 4567 935 4615 vi
954 4565 999 4630 ajo
1018 4570 1042 4617 t.
1077 4565 1109 4600 Μ
1123 4567 1166 4619 Cl.
1180 4567 1283 4634 Vergil.
1295 4582 1389 4632 georg.

108 4649 263 4716 lvnaanq.
307 4647 330 4682 ²⁰
348 4650 640 4705 econtrraedones.
675 4647 697 4682 2³
716 4649 760 4700 Gi.
773 4665 872 4718 evang.
886 4666 943 4702 sec.
955 4651 1131 4703 Mettusvll.
1143 4653 1167 4706 3.
1181 4655 1206 4706 4.
1257 4650 1279 4686 ¹⁸
1297 4652 1404 4704 contri·-

109 4739 173 4784 nent
191 4737 217 4786 2.
228 4736 276 4789 red
293 4751 361 4788 corn
374 4737 391 4786 i.
401 4730 424 4800 f.
488 4734 509 4768 ³¹
528 4735 631 4789 idcirco
650 4738 673 4786 l.
693 4735 791 4802 ubique.
854 4733 876 4766 ³⁸
894 4733 953 4802 ille]
973 4736 1084 4789 Sallust.
1097 4738 1157 4804 Iug.
1173 4735 1212 4788 tc.
