3464 5526
246 439 373 476 arrum
391 439 423 475 rr
441 385 586 476 narcnxvrr
604 439 883 477 wrnrsnrnsontsmr
902 439 1006 476 enarro
1024 439 1043 474 r.
1061 439 1128 476 mer.
1142 431 1242 487 stus
1342 408 1389 501 15

101 593 200 664 duxit,
229 605 340 657 norum
367 595 430 674 ipse
457 595 581 658 invenit:
610 597 793 659 atrocissimo
820 613 875 657 nec
901 611 960 656 nno
983 593 1085 655 mortis
1107 584 1226 686 genere}
1241 595 1391 656 interemit

101 713 171 758 eum
195 697 317 777 quicum
336 697 392 759 sibi
411 698 478 758 vitan
505 717 540 760 ac
563 697 728 759 ciliciorum
749 699 881 762 omnium
901 697 1025 758 societas
1047 697 1113 766 luit,
1143 713 1231 776 quem
1256 697 1390 774 corporis

101 800 146 860 sui
170 798 341 870 custodem,
370 799 507 862 laborum
527 802 657 862 omnium
680 817 714 862 ac
736 819 875 862 curarum
896 797 1067 879 participem
1095 796 1210 866 habuit,
1235 815 1333 877 noem
1357 799 1387 858 in

101 903 226 962 summis
248 902 309 962 suis
329 899 468 980 periculis
488 889 680 964 fortissimum
700 902 959 982 fidelissimumque
984 907 1169 978 cognoverat.
1211 900 1298 980 idque
1320 899 1457 961 recitau-

86 1002 185 1064 snntta
208 1010 384 1081 provocatus
405 1003 526 1073 iniuria,
548 1002 627 1064 nulla
645 1002 796 1067 lacessitus
812 1001 1001 1074 contumelia,
1021 1001 1102 1072 nullo
1119 1003 1230 1083 iurgio,
1253 1001 1331 1064 nulla
1345 1001 1389 1064 ln·
1418 1075 1424 1089 ι

102 1103 275 1166 tercedente
297 1105 424 1175 offensa;
447 1123 518 1176 nec,
542 1113 575 1166 ut
595 1105 759 1168 Alexander
778 1125 902 1186 magnus
922 1105 1006 1175 olim,
1029 1104 1141 1174 ebrius,
1170 1104 1222 1166 sed
1244 1111 1274 1165 et
1293 1106 1390 1166 siccus

102 1215 128 1266 et
150 1205 290 1276 sobrium
312 1225 368 1269 nec
386 1209 538 1288 repentina
560 1207 656 1288 aliquo
678 1209 766 1270 animi
788 1209 999 1277 commotione,
1022 1206 1074 1268 scd
1090 1206 1127 1268 de
1143 1206 1298 1287 industria,
1319 1223 1389 1268 con·

101 1307 178 1369 suite
191 1315 230 1370 'et
251 1310 485 1389 premeditatus:
508 1310 582 1372 adde
605 1311 681 1391 quod
703 1311 733 1370 ln
754 1312 850 1372 cilicio
873 1319 990 1372 etcum
1012 1309 1070 1370 sibi
1090 1315 1207 1386 pareret
1226 1307 1389 1388 obsequen·

102 1411 239 1497 tissime-3¹
261 1410 366 1473 deinde
387 1411 477 1474 lilitmr
501 1413 689 1492 eiuspatris,
719 1433 734 1475 a
758 1430 816 1492 quo
846 1429 903 1490 ope
928 1431 963 1474 ac
985 1410 1090 1491 opibus
1119 1416 1182 1472 erat
1198 1410 1334 1478 adiutus;
1359 1411 1389 1472 in

76 1508 315 1575 rocontnmeliam
343 1533 378 1576 ac
404 1515 533 1577 dedecus
561 1517 623 1577 eius
651 1516 777 1587 ordinis,
811 1533 898 1595 quem
925 1513 1013 1593 pano
1041 1519 1108 1574 ante
1139 1518 1389 1592 propugnatorem

104 1614 256 1692 dignitatis
276 1633 351 1687 suae,
375 1624 612 1680 conservatorem
630 1619 695 1679 vitae
721 1637 756 1680 ac
772 1613 962 1680 lortunarum
990 1617 1120 1676 omnium
1148 1621 1286 1692 expertus
1311 1621 1389 1684 erat:

104 1723 131 1777 et
151 1717 237 1796 quod
259 1719 365 1780 merito
393 1721 522 1782 omnium
552 1721 710 1782 maximum
732 1727 883 1808 censetur,
910 1719 940 1780 id
961 1719 1030 1780 lecit
1053 1724 1082 1778 te
1108 1719 1303 1797 imperatore,
1334 1716 1390 1779 hac

103 1819 243 1881 feditatis
264 1819 330 1882 labe
353 1827 437 1882 tuum
457 1828 588 1902 tempus,
610 1822 689 1903 quod
707 1829 739 1884 tu
762 1831 819 1884 mm
842 1827 942 1883 sancte
963 1821 1115 1906 peregisti,
1138 1837 1311 1899 aspergens,
1333 1819 1391 1882 hoc
1452 1861 1455 1871 ·

104 1924 186 2001 qnasi
208 1922 346 2000 stigmate
366 1931 449 1986 tuum
471 1924 611 2003 sugillans
629 1926 794 2006 imperium.
835 1924 921 1986 Vides
942 1923 1029 2003 igitur
1049 1939 1137 2002 qoam
1159 1922 1215 1984 sibi
1230 1940 1332 1983 omnes
1353 1922 1388 1983 ad
1398 1926 1458 1977 stt.

78 2025 220 2084 reveniam
245 2023 279 2104 (si
299 2045 334 2086 eo
355 2026 493 2110 adspiret)
517 2027 612 2112 aditus
632 2027 832 2107 praecluserit?
858 2039 949 2106 quare
980 2025 1132 2086 consilium
1154 2027 1295 2104 nouerit
1314 2024 1390 2085 hanc

104 2127 313 2204 intemperiem
333 2130 496 2206 reprimere
518 2135 568 2191 aut
588 2145 742 2200 coercere,
766 2129 817 2190 sed
838 2127 929 2190 semel
954 2127 1015 2189 vul
1037 2128 1093 2188 hoc
1114 2125 1222 2188 malurn
1237 2127 1391 2205 comprimi

106 2235 133 2286 et
151 2217 302 2304 extingtii:
325 2231 416 2290 veniae
437 2229 520 2292 locus
541 2249 600 2292 non
628 2239 686 2301 est;
718 2233 827 2312 quippe
857 2238 923 2309 quae
951 2229 1143 2291 corroborata
1172 2235 1216 2290 tot
1244 2244 1390 2291 annornm

105 2329 191 2392 lande
212 2331 429 2394 Germanorum
451 2333 545 2393 virtus
566 2342 623 2404 est,
652 2333 759 2395 nullius
784 2333 1007 2402 intercessione,
1033 2331 1113 2392 ⁴nulla
1138 2331 1390 2392 commiseratione

106 2433 213 2494 deduci
235 2432 273 2493 ab
296 2431 393 2494 olllcio
415 2433 511 2496 debet.
551 2453 648 2516 neque
670 2439 748 2498 enim
767 2435 826 2497 ulla
847 2441 916 2496 sunt
932 2433 1009 2495 illius
1026 2433 1055 2494 in
1070 2434 1257 2496 Germaniam
1276 2433 1388 2502 merite,
1398 2439 1458 2490 tot.

75 2535 186 2596 arumde
213 2534 259 2595 uel
287 2534 389 2596 leviori
415 2517 521 2598 delicto
536 2540 661 2600 ¹veniam
689 2539 834 2618 impetret.
878 2543 908 2599 at
934 2555 1007 2617 quas
1040 2555 1100 2597 non
1126 2535 1229 2597 turbes
1259 2535 1391 2595 miscuit?

106 2637 184 2716 quod
208 2655 270 2697 non
292 2637 435 2709 dedecus,
456 2657 543 2718 quarn
566 2657 624 2700 non
647 2641 847 2720 indignitatem
869 2640 938 2701 huic
957 2640 1081 2709 nationi,
1110 2637 1181 2698 huic
1201 2637 1325 2716 imperio
1347 2637 1391 2698 in·

106 2740 202 2800 rexit?
224 2741 314 2819 Atqui
334 2739 514 2810 Alexander,
538 2757 705 2822 quanquam
721 2745 865 2804 maximus
883 2759 950 2811 rer,
973 2757 1105 2802 suminus
1120 2741 1297 2819 imperator,
1322 2739 1391 2800 alle·

107 2849 182 2902 ctata
207 2844 295 2903 etiarn
319 2843 490 2904 Hammonis
512 2846 646 2922 genitura
671 2851 732 2905 tcto
757 2853 827 2905 tunc
853 2844 927 2906 orbe
947 2843 1149 2913 admirandus,
1179 2843 1246 2922 quia
1268 2843 1299 2902 in
1322 2857 1391 2903 con-

106 2945 180 3004 ririo
203 2947 315 3005 amicos
337 2931 460 3018 occidit,¹
482 2965 533 3007 eos
552 2948 638 3008 etiem
654 2965 669 3007 a
688 2947 795 3026 quihus
813 2947 910 3008 verbis
924 2953 1113 3026 exasperatus
1130 2928 1220 3014 esset,
1244 2942 1392 3006 indelebili

75 3047 277 3122 seignominiae
296 3048 430 3126 stigmate
451 3053 568 3110 notatus
588 3059 649 3110 est:
670 3050 718 3110 hic
740 3048 820 3112 nullo
839 3051 978 3112 virtutum
1004 3049 1126 3110 vallatus
1146 3048 1283 3128 presidio
1304 3065 1392 3127 qrram

106 3146 195 3227 longe
216 3147 262 3209 rel
283 3165 299 3208 a
321 3167 374 3228 spe
395 3151 486 3212 vente
507 3150 609 3212 abesse
632 3151 733 3222 debet,
762 3151 840 3230 apud
864 3153 1027 3215 Germanos
1047 3153 1225 3230 presertim,
1254 3158 1391 3212 constan·

106 3251 253 3310 tissimum
275 3253 304 3311 in
324 3250 424 3330 legum
444 3253 565 3316 tuitione
586 3254 746 3335 populum?
773 3253 868 3315 Ponat
888 3261 985 3316 antem
1007 3255 1037 3314 in
1059 3255 1186 3316 medinm
1209 3252 1279 3314 illud
1300 3255 1461 3314 inter-coe

108 3354 199 3431 empti
221 3371 345 3431 corpus,
374 3355 504 3416 omnium
526 3373 621 3434 nuper
641 3375 707 3436 quae
728 3359 757 3418 in
779 3357 837 3418 hoc
858 3375 929 3420 seru
953 3358 1015 3417 hnc
1038 3363 1108 3418 aetas
1134 3357 1205 3418 vidit
1229 3355 1393 3434 pulcherri-

107 3469 205 3522 mum,
236 3472 316 3517 nunc
337 3457 423 3517 toties
443 3463 591 3518 transacto
612 3457 708 3537 gladio
731 3461 775 3521 sui
798 3457 1038 3529 dissimillimum,
1065 3457 1190 3530 laniatu,
1218 3459 1391 3537 direptione,

78 3557 255 3635 insanguine
277 3575 312 3618 ac
334 3575 418 3618 coeno
436 3557 648 3631 deformatum,
676 3569 780 3640 ponat,
807 3547 940 3642 inquam,
969 3581 1004 3622 eo
1032 3560 1133 3621 habitu
1155 3578 1214 3639 quo
1241 3567 1392 3639 repertum

52 3723 57 3736 ⁸
109 3667 166 3730 est,
191 3667 221 3718 et
240 3677 255 3719 a
279 3657 425 3720 iudicibus
448 3658 492 3721 rel
514 3661 666 3724 leuissimis
684 3667 970 3744 corruptissimisqne
988 3664 1062 3724 ausit
1076 3664 1277 3741 impunitatem
1289 3679 1390 3744 orare.
1418 3701 1422 3713 ι

109 3759 172 3829 Ona
197 3761 225 3820 in
250 3769 391 3841 requam
413 3769 441 3824 te
462 3764 583 3829 efferres
603 3781 656 3844 spe
681 3773 745 3837 tua,
773 3785 861 3846 quam
883 3765 1043 3836 exultares,
1068 3747 1159 3844 ¹quam
1186 3764 1391 3843 triumphares,
1403 3773 1460 3823 tot.

109 3861 256 3932 carnilex,
278 3864 303 3924 si
324 3864 388 3924 lraec
408 3863 542 3927 abessent
563 3866 667 3928 sceleri
690 3874 756 3938 tuo,
779 3868 857 3948 qnod
879 3871 923 3930 sic
943 3868 1112 3946 prodidisti,
1134 3868 1214 3948 quod
1235 3874 1294 3928 tam
1315 3866 1393 3929 nulla

110 3963 146 4024 de
171 3981 258 4026 cansa
281 3967 323 4027 sic
345 3966 477 4029 consulte
499 3987 533 4030 ac
546 3969 650 4031 'dedita
674 3987 763 4051 opera
785 3971 972 4041 interemisti,
997 3978 1047 4032 aut
1067 3973 1093 4032 si
1116 3970 1160 4032 vel
1183 3969 1327 4032 levissimo
1343 3969 1394 4030 ali·

79 4079 170 4144 uque
195 4065 285 4128 verbo
305 4076 470 4130 commotus
490 4078 557 4132 ante
575 4072 694 4143 luisses,
718 4074 762 4136 vel
782 4075 805 4134 si
826 4075 856 4134 in
873 4075 950 4136 nuda
971 4073 1074 4136 saltem
1089 4073 1292 4134 interlectione
1311 4079 1393 4133 tuum
1443 4111 1451 4129 ,

111 4169 288 4230 constitisset
307 4169 435 4233 lacinus!
456 4173 493 4234 lt
511 4173 645 4236 invenisti
667 4193 755 4255 quam
775 4179 864 4237 morti
886 4177 1010 4238 adderes
1029 4175 1248 4246 crudelitatem,
1270 4183 1298 4238 et
1320 4177 1391 4236 anri·
1403 4185 1466 4236 tto,

111 4287 180 4332 cum
203 4271 372 4334 interfecisti
394 4275 503 4356 optime
522 4276 559 4337 de
581 4283 609 4338 te
629 4279 780 4349 meritum,
813 4279 849 4340 de
877 4280 960 4340 cuius
982 4279 1038 4340 ilde
1059 4297 1094 4338 ac
1115 4279 1261 4364 prohltpte
1281 4296 1318 4339 ne
1339 4279 1393 4340 du·

111 4371 211 4434 hitasti
230 4359 348 4454 quidem
370 4393 515 4457 unquam,
538 4396 594 4441 nec
616 4397 683 4441 ennr
701 4382 875 4461 prinsquam
898 4382 941 4443 sic
962 4379 1164 4444 fraudulenter
1183 4401 1218 4444 ac
1239 4381 1394 4462 porlldiose

111 4507 312 4524 ψ

133 4607 137 4616 ·
180 4591 251 4662 'ecl
271 4603 299 4647 et
316 4601 429 4649 cernit.
464 4597 569 4654 ⁸Alex.
582 4598 633 4668 Μ.]
646 4601 688 4652 De
702 4601 768 4652 Cliti
781 4603 977 4676 interlectione
996 4603 1032 4654 ci.
1047 4604 1122 4656 Cori.
1135 4605 1211 4657 VIII.
1226 4607 1249 4657 l.
1262 4621 1302 4672 sq.
1337 4607 1395 4657 'de

112 4677 167 4730 ind.
180 4695 230 4730 non
246 4683 303 4733 dab.
318 4686 443 4735 Ludolid.
456 4689 485 4736 11.
499 4687 543 4752 qui
552 4689 674 4752 loquium,
689 4691 761 4754 pareri
771 4689 799 4738 id
810 4691 879 4754 qtaod
889 4692 956 4739 inter
967 4689 1138 4756 Todtsclrlag
1149 4697 1174 4741 et
1185 4691 1263 4742 Mord
1278 4693 1393 4753 intereat,

9 4812 12 4823 ,
113 4767 386 4832 rrposrlumrfaisset.
436 4767 567 4838 ”Alex.]
588 4771 630 4822 Oi.
645 4771 719 4823 Curi.
734 4773 821 4838 suppl.
834 4773 960 4825 Freinsh.
978 4775 1000 4824 I.
1016 4773 1070 4836 l,ttt
1083 4791 1140 4842 sqq.
1175 4773 1197 4807 ²¹
1215 4773 1352 4824 indellbili
1372 4780 1394 4825 1.
