3382 5516
321 399 393 468 252
431 427 565 464 arculam
579 427 750 464 roseaceum
764 419 866 464 oberro
880 429 915 464 oa
928 429 1116 466 exarmatores
1130 428 1239 466 course
1252 429 1358 464 evaeus
1372 397 1555 466 eveererauoa.

319 589 370 645 mis
392 589 546 646 nunciatum
568 595 624 651 est;
653 603 724 644 nune
752 605 815 644 vero
843 605 892 662 per
920 589 1158 645 reverendissimos
1185 589 1311 646 dominos
1332 589 1493 646 [lercensem
1522 597 1547 644 et
1566 589 1588 644 S.

320 673 402 734 Sinti.
426 673 497 729 sedis
520 670 676 746 apostolice
698 670 817 746 legatos,
840 673 913 729 viros
935 673 1109 746 gravissimos
1125 691 1156 731 ae
1170 674 1414 749 prudentissimos.
1437 675 1462 730 in
1483 691 1590 749 praescn-

320 759 358 816 tia
379 757 524 832 significari
547 755 646 820 voluit,
670 766 800 832 quantum
821 759 1028 833 potentissimus
1051 777 1081 816 ae
1109 759 1294 818 ferocissimus
1317 760 1464 817 'l'urcarum
1486 759 1592 833 impera·
1686 817 1687 840 p

321 853 364 900 tor
385 841 467 918 paulo
489 851 552 899 ante
575 841 681 917 imperii
704 843 746 899 sui
768 842 834 900 lines
857 844 1061 918 propagaverit,
1084 852 1112 902 et
1135 841 1218 919 quam
1237 844 1359 919 vigilanti
1381 845 1469 902 animo
1484 861 1592 918 curaque

319 927 464 986 meditetur
485 919 602 984 Siciliam
625 927 650 982 in
674 927 783 1002 primis.
806 937 837 984 ut
858 927 952 991 audio.
975 928 1114 1002 invadere,
1137 930 1278 1004 antiquum
1294 929 1389 1004 populi
1403 930 1514 987 Romani
1534 930 1618 984 bor-s

319 1031 410 1076 reum;
433 1011 529 1070 nullibi
550 1012 620 1069 enim
643 1013 729 1087 copim
751 1013 875 1086 ingentes
898 1012 933 1070 ali
955 1021 982 1070 et
1004 1013 1100 1070 melius
1122 1023 1150 1070 et
1171 1015 1273 1072 diutius
1296 1022 1426 1088 possunt,
1449 1023 1477 1070 et
1498 1014 1530 1070 ad
1547 1014 1593 1070 lta·

319 1098 382 1156 liam
404 1115 435 1155 ae
456 1097 562 1154 demum
584 1105 671 1154 totum
696 1097 788 1154 orbem
811 1097 1008 1172 subiugandom
1031 1098 1104 1158 nulla
1132 1098 1219 1156 insula
1247 1117 1336 1174 neque
1357 1098 1494 1156 celebrior
1515 1115 1592 1172 neque

251 1188 310 1239 btt-
321 1183 490 1258 oportunior.
528 1183 597 1238 idern
619 1182 794 1240 terrestribus
816 1184 902 1257 copiis
923 1183 956 1240 de
977 1185 1128 1247 Pannonia.
1152 1185 1225 1259 quod
1248 1185 1398 1260 saepissime
1421 1183 1535 1241 lectitari
1555 1201 1593 1240 so·

318 1269 397 1326 litum
418 1269 583 1344 accepimus.
612 1284 642 1324 se
664 1268 796 1325 lecturum
819 1269 931 1342 cogitat.
967 1269 1010 1325 bis
1038 1269 1106 1326 locis
1135 1270 1273 1344 occupatis
1303 1269 1458 1343 quieturum
1486 1269 1592 1327 animun

318 1373 352 1412 ne
374 1354 490 1411 credite:
513 1352 559 1409 ubi
581 1353 682 1409 maiora
705 1361 825 1428 sceptra,
849 1353 914 1410 illuc
935 1355 1037 1410 maiore
1060 1355 1162 1430 inipetu
1184 1355 1286 1417 sertum
1309 1371 1403 1412 omnes
1424 1353 1529 1410 deletos
1543 1353 1619 1409 mlttt

318 1438 469 1516 principes.
503 1446 535 1494 ut
562 1437 637 1513 eolus
665 1437 723 1513 ipse
752 1446 849 1511 regnet
877 1456 907 1496 ac
929 1438 988 1494 orbi
1012 1441 1139 1514 imperet:
1174 1457 1228 1496 uon
1250 1440 1361 1497 llauubii
1388 1439 1515 1501 vastitas.
1546 1455 1593 1494 noo

318 1523 426 1600 Alpium
448 1531 598 1580 vestrarum
621 1531 709 1580 erecte
733 1523 760 1578 ln
782 1522 879 1580 coelum
902 1539 964 1580 saxa
987 1523 1148 1588 obstabunt;
1178 1532 1302 1599 penetrat
1330 1524 1432 1599 ubique
1459 1524 1525 1580 lerri
1546 1522 1593 1579 rio·

319 1610 417 1672 lentie.
440 1608 492 1666 nisi
514 1606 679 1681 repellatur,
709 1616 852 1666 eteorum
875 1609 1042 1682 presertim.
1070 1610 1116 1684 qui
1139 1609 1353 1667 Christianorum
1381 1609 1484 1666 cladem
1512 1626 1541 1665 ae
1560 1608 1593 1663 io·

251 1703 309 1754 §.lb
322 1695 497 1752 ternioionem
519 1693 621 1750 avidius
644 1711 723 1768 quem
744 1701 904 1750 ceterarum
926 1694 1047 1767 gentium
1069 1695 1203 1752 affectent.
1238 1693 1411 1770 Quapropter
1425 1703 1532 1756 cavete.
1553 1692 1593 1750 ob

317 1796 408 1842 serre,
431 1796 465 1835 nc
479 1795 577 1836 rerum
599 1777 821 1852 perficiendorum
850 1780 1109 1853 procrastinatione.
1139 1797 1192 1854 qua
1219 1780 1299 1838 diaeta
1326 1780 1435 1837 diaetam
1463 1778 1620 1853 parturiree

318 1863 403 1928 solet,
425 1862 492 1920 illud
514 1863 548 1920 de
569 1861 645 1919 vobis
667 1863 839 1938 proverbium
863 1864 960 1920 merito
983 1863 1035 1921 diei
1058 1865 1159 1938 possit.
1184 1864 1259 1922 ‘Sero
1275 1865 1524 1922 animadverterunt
1537 1863 1594 1919 Ger·

318 1950 405 2013 mani,
428 1957 510 2024 atque
531 1948 732 2022 respondebitis
759 1949 877 2005 fortasse
910 1948 983 2004 ‘Nam
1011 1965 1072 2006 cum
1101 1957 1199 2006 terram
1229 1950 1298 2026 pede
1325 1949 1510 2024 pulsabimus,
1542 1947 1595 2004 nori

317 2042 429 2109 repente
453 2051 483 2091 ac
504 2031 648 2090 fortissimi
671 2033 819 2107 prodibunt
842 2034 977 2091 exereitus
999 2042 1027 2090 et
1049 2035 1075 2090 in
1099 2036 1174 2110 ipso,
1196 2043 1227 2091 ut
1248 2035 1361 2098 dieitur,
1387 2033 1518 2108 temporis
1539 2034 1596 2089 arti·
1686 2047 1687 2068 ¹

317 2119 379 2178 culo
402 2120 441 2176 rei
458 2127 566 2176 nostre
588 2117 777 2175 consulemus'.
821 2119 981 2192 llesponrleo
1004 2118 1045 2192 (ut
1066 2117 1126 2176 eum
1149 2121 1232 2177 venire
1253 2097 1415 2194 prmldtione
1435 2119 1538 2176 dictum
1557 2116 1596 2187 sit)
1686 2129 1687 2178 l

319 2221 353 2263 ne
374 2205 427 2262 boe
449 2203 557 2277 quidem
579 2205 709 2260 maximus
730 2221 761 2260 ac
783 2203 1005 2278 opulentissimus
1021 2205 1217 2278 Aegyptiorum
1239 2221 1285 2260 rex
1308 2204 1484 2264 formidabat.
1508 2213 1538 2259 ut
1552 2203 1622 2259 sei-eo

318 2290 382 2350 licet
403 2289 436 2346 ed
459 2297 512 2345 tam
535 2296 669 2346 aestuosas
691 2289 811 2345 meridiei
834 2287 929 2362 plagas
952 2290 1046 2346 'lureaa
1069 2288 1326 2363 proficiscerentur:
1349 2298 1378 2346 et
1405 2289 1467 2346 dum
1498 2289 1596 2344 bostem

249 2375 480 2438 §.lauantemne
504 2391 618 2448 regnum
640 2381 667 2430 et
691 2375 770 2431 vitam
793 2371 873 2430 simul
896 2374 1019 2430 amisisse
1042 2370 1223 2431 intellexistis.
1267 2374 1376 2438 Veniet,
1406 2373 1470 2430 mibi
1494 2373 1596 2430 ererlite.

243 2474 245 2482 ⁴
318 2461 421 2517 utinam
442 2458 511 2516 lalsa
532 2459 692 2534 praedicem,
722 2459 811 2516 veniet
834 2459 938 2516 Turcus
959 2458 1125 2516 llioeletiauo
1148 2477 1179 2516 ae
1194 2459 1352 2516 bla‘rimiano
1375 2457 1535 2518 violentior.
1558 2457 1597 2532 qui

317 2554 348 2602 ut
370 2546 492 2602 securius
514 2562 565 2600 nos
585 2545 699 2618 aggredi
717 2545 823 2618 possit.
846 2561 907 2600 eum
930 2561 995 2617 rege
1010 2545 1152 2600 Persarum
1174 2545 1276 2618 iniquis
1299 2545 1380 2601 etiam
1402 2543 1598 2601 conditionibus

318 2631 437 2688 inducias
459 2629 586 2692 sinnarit.
610 2629 758 2704 relictaque
778 2631 903 2704 Aegypto
926 2646 956 2686 ac
978 2628 1054 2704 Syria
1077 2629 1108 2685 nd
1132 2637 1232 2686 taniam
1261 2627 1324 2686 belli
1354 2629 1624 2686 molem'Constau·ae
1686 2647 1687 2656 ¹

248 2729 267 2778 o,
277 2731 308 2775 rr.
320 2715 463 2790 tioopolim
486 2731 611 2770 reversos
634 2723 684 2770 est.
728 2713 810 2770 Video
833 2715 885 2770 iam
907 2713 990 2774 ltaliae
1012 2732 1043 2770 ae
1064 2715 1209 2771 Pannoniae
1236 2714 1353 2770 claustra
1383 2713 1501 2789 pulsari.
1530 2713 1598 2768 rideo

316 2798 530 2857 Christianorum
552 2799 626 2857 eaede
648 2815 758 2874 campos
782 2798 894 2872 repleri,
917 2807 977 2856 outo
1000 2815 1050 2856 uos
1072 2799 1178 2856 desides
1201 2817 1232 2856 ae
1253 2798 1431 2856 somniculosi
1438 2853 1444 2860 ,
1460 2798 1522 2872 plus
1544 2797 1599 2852 sub·

317 2885 456 2942 selliorum
479 2883 648 2940 indemnitati
672 2901 751 2957 qtram
773 2884 910 2940 communi
933 2881 1053 2940 libertati
1076 2899 1106 2941 ac
1128 2884 1224 2957 gloriae
1247 2884 1393 2942 immortali
1415 2883 1598 2941 consulamur:

316 2987 377 3026 uam
399 2969 462 3026 dum
485 2986 535 3042 pro
559 2969 665 3025 tantulo
688 2945 759 3024 sedis
781 2969 867 3042 digito
891 2968 1067 3033 alteroamur‚
1090 2970 1153 3026 dum
1176 2969 1340 3043 pontificiam
1362 2968 1532 3042 diligentiam
1546 2985 1600 3042 per·

317 3073 393 3112 verse
415 3055 641 3128 interpretamur,
663 3054 758 3110 boetes
780 3053 924 3129 imperium
947 3073 961 3110 a
984 3055 1170 3129 septentrione
1198 3054 1239 3122 (ut
1262 3054 1344 3128 paulo
1367 3063 1432 3128 post
1454 3052 1551 3126 dicam)
1570 3051 1625 3106 ale

316 3139 455 3196 meridiem
471 3137 579 3194 interim
595 3148 755 3212 propagant.
786 3139 822 3195 ita
838 3147 866 3196 et
880 3139 913 3195 de
929 3139 1142 3197 occidentalibus
1157 3138 1372 3196 Christianorum
1388 3139 1481 3212 regnis
1497 3139 1599 3195 omnino

316 3226 446 3282 lecturos·
461 3231 543 3300 puto.
566 3224 618 3279 nisi
640 3223 762 3299 exemplo
779 3224 912 3282 maiorum
933 3232 1087 3282 vestrorum
1100 3223 1260 3298 dignitatem
1276 3232 1406 3286 vestram,
1430 3219 1600 3280 illustrissimi

248 3309 470 3385 bis-principes,
502 3327 532 3366 ae
554 3325 722 3366 communem
752 3299 904 3366 libertatem
935 3309 1006 3366 tueri
1036 3299 1133 3366 relitis.
1178 3308 1218 3364 llli
1247 3309 1355 3384 quidem
1384 3306 1459 3364 nulla
1487 3308 1539 3365 alia
1564 3307 1600 3362 ria

315 3396 453 3469 ductuque
476 3411 507 3452 ae
528 3394 644 3452 consilio
667 3393 718 3450 sibi
741 3393 921 3451 immortalem
944 3393 1059 3467 gloriam
1088 3411 1247 3469 comparare
1276 3411 1358 3468 posse
1385 3393 1512 3450 arbitrati
1535 3399 1598 3448 sunt.

315 3481 367 3538 nisi
389 3488 420 3537 ut
443 3497 497 3536 nou
522 3487 624 3536 tantum
653 3478 757 3536 illatum
786 3478 888 3536 bellum
914 3479 1122 3556 propulsarent,
1151 3479 1198 3536 sed
1226 3479 1306 3535 etiam
1336 3496 1398 3552 quae
1425 3478 1459 3534 ab
1487 3477 1626 3535 externisas

315 3565 442 3639 gentibus
466 3583 496 3622 ac
518 3564 640 3623 barbaris
663 3564 818 3621 nationibus
841 3565 993 3638 principum
1010 3565 1225 3620 Christianorum
1245 3563 1345 3621 inertia
1366 3561 1447 3620 simul
1462 3571 1490 3618 et
1505 3563 1599 3618 discor·
1686 3573 1687 3638 t

250 3644 252 3650 ’
313 3651 357 3707 dia
380 3659 510 3724 occupata
533 3650 657 3712 luerent.
690 3649 723 3706 ad
752 3649 894 3724 pristinam
918 3649 1025 3724 imperii
1047 3649 1207 3722 dignitatem
1230 3649 1404 3710 reducerent.
1433 3648 1540 3710 amieis,
1561 3663 1600 3701 so·

314 3737 364 3792 eiis
387 3743 415 3792 et
436 3735 590 3792 coniunctis
612 3734 664 3790 sale
693 3745 721 3790 et
748 3734 932 3791 benivolentia
960 3734 1069 3808 populis
1098 3733 1197 3790 auxilia
1225 3733 1477 3796 subministrarem
1511 3747 1599 3804 nempe

316 3821 361 3896 qui
384 3819 516 3895 putabant
537 3819 605 3876 nibil
628 3818 700 3876 aliud
723 3819 809 3876 maius
831 3821 863 3876 ad
886 3819 1087 3893 imperatoriam
1108 3837 1139 3876 ae
1154 3819 1255 3892 regiam
1271 3817 1476 3892 amplitudinem
1491 3817 1599 3874 attinere

383 4085 555 4139 ¹Gurce131.
575 4087 857 4151 Gnrcenees2.solso.
895 4086 983 4152 apl'ce
998 4091 1020 4137 1.
1040 4085 1187 4152 empllfioae
1200 4089 1226 4137 2.
1273 4083 1421 4136 ³Solimus
1432 4085 1454 4135 1.
1501 4082 1598 4134 θεία.

316 4171 516 4236 gr.Liv.Il.34.
553 4172 637 4238 8ορρ.
648 4177 672 4222 2.
710 4169 731 4204 ¹⁰
749 4173 855 4221 maiore
869 4175 932 4220 sunt
945 4187 984 4222 ec.
996 4175 1022 4222 2.
1059 4170 1293 4223 ¹³·¹⁴internec.2.
1330 4167 1351 4202 ¹⁵
1364 4170 1441 4220 dieta
1453 4171 1476 4219 1.
1496 4167 1599 4218 dietat.

319 4257 368 4306 ‘ein
380 4257 517 4322 licicbslap
529 4257 578 4306 den
590 4255 723 4306 anderea'.
762 4256 782 4289 ¹⁸
798 4257 877 4306 Vetus
888 4256 1048 4320 prouerbium
1059 4273 1095 4308 ear
1108 4257 1179 4306 Liuio
1193 4257 1341 4306 Andronico
1359 4261 1399 4306 cst
1411 4255 1476 4305 Sero
1495 4253 1599 4318 sepiunt

317 4341 448 4405 Phryges.
502 4339 523 4372 ¹⁷
541 4339 614 4406 narn]
634 4342 783 4391 melitanae.
839 4342 901 4391 ‘Ubi
922 4343 993 4392 euim
1011 4341 1103 4392 Italiae
1121 4341 1222 4406 (inquii
1238 4340 1385 4405 Pompeius
1396 4339 1447 4404 M.)
1466 4354 1518 4404 ego
1535 4337 1598 4402 pede
1686 4331 1687 4362 ³

315 4425 442 4476 tellurem
460 4425 618 4490 pulsavero,
639 4426 726 4491 copim
745 4427 868 4492 peditum
887 4432 915 4477 et
933 4428 1055 4490 equilum
1073 4425 1237 4492 prodibunt'.
1266 4425 1396 4476 Plutarcb.
1415 4425 1508 4490 Pomp.
1526 4437 1549 4473 c.
1561 4420 1596 4470 bt.

316 4507 338 4542 ²⁰
355 4509 424 4575 Aeg.
438 4507 497 4575 rex]
517 4506 608 4560 liam
626 4514 652 4560 al
666 4512 741 4574 poteri
758 4512 776 4572 †
791 4509 865 4562 1516,
883 4529 899 4561 o
917 4513 1008 4562 Sclirtw
1021 4511 1046 4562 1.
1066 4513 1196 4562 maiolus..
1209 4508 1333 4575 Sequenti
1350 4525 1416 4559 meno
1435 4509 1539 4558 Solimus
1553 4509 1597 4558 ortl-
1686 4521 1687 4576 p

315 4603 400 4646 immin
408 4594 568 4660 Toranonbep
581 4597 701 4646 deuictum
712 4597 849 4660 suspendio
864 4599 969 4658 demerit.
999 4595 1021 4628 ²³
1035 4600 1093 4657 etl.
1103 4595 1139 4646 cl.
1146 4594 1220 4646 Oros.
1228 4593 1291 4644 laist.
1299 4594 1331 4646 V.
1337 4593 1380 4644 27.
1410 4591 1432 4628 ²⁴
1444 4608 1502 4658 reg.
1513 4585 1595 4656 Pera]

317 4679 650 4746 SohahlsmaelSopbil.
695 4680 717 4714 ³⁸
735 4682 889 4740 Pannoniae
907 4687 935 4732 et
953 4681 986 4733 lt.
1001 4685 1026 4731 2.
1072 4678 1095 4713 ²⁹
1112 4695 1161 4746 pro
1179 4679 1236 4732 sed.
1252 4679 1312 4739 alb]
1331 4695 1381 4730 non
1398 4675 1543 4730 mimam
1558 4677 1596 4726 de·

316 4779 377 4815 mma
393 4765 648 4816 decimatorem.
685 4764 706 4798 ³¹
726 4771 754 4816 et
771 4770 856 4816 em.
892 4765 916 4798 ³⁸
934 4781 967 4818 ao
985 4767 1084 4817 benev.
1097 4769 1122 4817 2.
1158 4763 1180 4798 ³⁹
1197 4765 1287 4818 maiar
1299 4765 1325 4814 1.
1343 4763 1431 4829 ιιιςίι
1442 4764 1470 4812 2.
