3382 5516
351 384 423 456 242
472 403 577 450 Eldssl
591 413 718 450 vmbbtt
731 415 836 450 onarto
849 415 984 451 AVGVSTR
998 415 1110 450 vtttttttn.
1125 415 1150 450 D.
1163 409 1198 448 2⁰.
1213 415 1276 451 ΗΟ.
1290 415 1315 450 Δ.
1330 409 1388 450 1518.
1398 415 1505 449 ΉΛΙΠΑ.

349 584 380 631 ut
401 574 493 630 debito
518 572 663 648 imperiali,
687 589 741 647 quo
766 573 815 629 toti
836 572 1033 628 christianitati
1056 573 1170 635 teneris,
1194 574 1310 646 ingenue
1326 573 1485 633 satisfacias.
1507 589 1605 646 proquo

349 661 397 716 tibi
421 675 514 715 omnes
537 667 654 716 mentem
676 675 766 714 sanam
790 659 816 712 in
839 675 956 730 corpore
978 645 1044 714 sano
1066 657 1183 732 uitaque
1210 658 1415 715 diuturnitatem
1442 657 1605 731 precabuntur.
1674 701 1675 716 ,

350 754 377 801 et
398 753 429 800 ut
452 745 477 800 in
500 745 552 800 hoc
575 752 628 798 tam
658 742 858 815 gloriosissimo
880 743 1025 816 proposito
1047 742 1136 799 animo
1166 745 1328 800 inconcusso
1357 745 1497 817 persistas,
1526 742 1607 796 erectis
1674 745 1675 750 ’

282 832 376 891 §.auda
398 829 495 885 caelum
518 827 615 902 palmis
637 828 767 883 attentius
790 827 915 882 oralmnt.
959 827 1011 883 Sed
1034 827 1085 884 iam
1108 828 1186 882 lactis
1209 845 1254 883 res
1275 827 1453 901 aggredienda
1475 828 1539 882 toret
1556 842 1606 880 con·
1674 823 1675 882 j

349 916 486 988 stantiqne
509 921 620 987 pectore
643 911 702 968 sine
724 912 798 970 omni
822 911 952 968 ulteriore
966 912 1139 968 cunctatione
1158 913 1360 986 prosequenda;
1382 922 1446 987 post
1460 919 1498 967 tot
1513 909 1622 966 conciliat

347 1009 375 1055 et
397 1001 504 1054 decreta
526 997 625 1060 multa,
648 1006 712 1070 post
735 1005 776 1052 tot
798 1007 947 1052 conuentus
969 1005 997 1053 et
1019 998 1223 1054 exhortationes
1245 998 1345 1060 varias,
1373 1006 1438 1072 post
1464 1003 1503 1051 tot
1528 996 1607 1049 instat-

346 1086 451 1140 ctioa'es
474 1092 501 1138 et
524 1091 655 1138 tractatus
678 1081 810 1156 plurimos
833 1083 914 1137 armis
935 1081 1055 1146 tandem,
1070 1098 1133 1138 ¹non
1148 1083 1316 1154 argumentis
1332 1101 1401 1156 opus
1416 1090 1471 1140 est:
1493 1079 1607 1135 inuenio
1674 1099 1675 1154 q

347 1170 380 1224 dc
403 1169 444 1223 bis
469 1177 520 1224 tam
543 1167 647 1224 crebris
670 1167 715 1222 sed
739 1167 811 1222 vanis
833 1177 880 1222 aut
903 1165 986 1223 nullis
1007 1167 1256 1224 consultationibus
1284 1174 1312 1222 et
1341 1165 1553 1242 praeparamentis
1571 1181 1609 1217 no
1674 1161 1675 1168 ’

349 1254 414 1310 stris
436 1252 478 1325 (ut
500 1251 607 1326 quidam
629 1249 835 1308 mediolanensis
863 1267 895 1308 eu
923 1251 1021 1308 'latmia
1051 1252 1184 1326 profugus
1212 1268 1301 1326 nuper
1329 1253 1355 1309 iu
1383 1257 1525 1325 conspectu
1551 1249 1608 1320 regis

349 1339 436 1394 nostri
452 1337 557 1408 retulit)
580 1337 680 1410 saepius
702 1337 767 1392 dicit
783 1336 905 1392 Thurcus
926 1335 1068 1392 admodum
1089 1337 1287 1392 subsannantes
1309 1333 1631 1393 ‘Consulautssbristianiu

349 1421 505 1484 consulant,
528 1431 556 1477 et
578 1439 629 1494 ego
653 1417 765 1476 laciam'.
804 1421 876 1494 quod
906 1437 935 1476 re
965 1421 1020 1495 ipsa
1050 1430 1078 1478 et
1109 1421 1247 1496 stupendis
1277 1421 1362 1477 indies
1384 1417 1500 1477 'uictoriis
1519 1419 1609 1474 demon·

280 1513 426 1564 §.austrae
464 1505 532 1567 Nos,
556 1508 577 1561 si
601 1506 655 1561 veri
678 1506 821 1563 tlhristiani
844 1523 951 1567 sununs,
975 1507 1196 1578 quemadmodum
1220 1507 1342 1562 Thurcus
1364 1507 1391 1562 in
1413 1505 1524 1561 dedemus
1537 1504 1609 1578 potius

347 1601 472 1650 nostrum
495 1591 622 1650 affirmat,
645 1584 744 1646 Christi
768 1589 846 1646 fidem
869 1591 901 1646 ad
917 1595 1074 1664 sanguinem
1090 1607 1176 1664 usque
1191 1599 1279 1646 mente
1292 1591 1441 1664 intrepida,
1464 1607 1516 1646 non
1537 1597 1609 1643 osten·

347 1677 451 1733 tatione
474 1675 576 1737 solum,
600 1675 646 1731 sed
669 1675 810 1732 affectibus
832 1675 945 1731 sinceris
968 1675 1125 1738 obseruare,
1147 1675 1220 1731 tueri
1239 1683 1267 1731 et
1289 1683 1418 1750 quantum
1442 1676 1468 1730 in
1490 1674 1560 1730 nobis
1577 1679 1609 1726 cst

347 1770 521 1818 manutenere
542 1759 679 1816 ilebemns.
723 1759 904 1835 Quoadusque
930 1762 983 1816 vita
1012 1770 1105 1817 nostra
1127 1761 1279 1816 Christiano
1308 1760 1493 1816 adversabitur
1518 1757 1632 1817 nominib

348 1854 378 1902 ut
401 1847 447 1922 qui
470 1845 604 1902 Christum
628 1845 742 1906 imitari,
765 1861 817 1918 pro
839 1843 947 1901 Christo
969 1863 1020 1901 nos
1043 1863 1183 1922 opponere
1205 1845 1345 1919 religionis
1368 1844 1475 1902 vinculo
1490 1852 1609 1900 arctamur.

347 1940 442 1986 corrtra
465 1931 523 1986 eius
546 1930 646 2003 legem,
668 1939 763 1986 contra
787 1947 850 1986 oves
872 1947 949 1993 suas,
971 1938 1067 1987 contra
1089 1932 1177 2005 ipsum
1200 1929 1335 1986 Glaristum
1359 1931 1477 2003 ignavia,
1503 1941 1610 1999 arrogan

347 2017 383 2071 tia
407 2024 435 2071 et
456 2014 609 2070 excessibus
632 2015 734 2070 nostris
757 2014 903 2071 instalum
926 2031 1013 2090 nsque
1035 2033 1095 2071 cnm
1117 2015 1272 2089 gigantibus
1300 2014 1421 2070 letiferas
1449 2013 1556 2087 sagittas
1574 2012 1610 2064 in·

347 2100 480 2175 patienter
501 2099 661 2173 dirigimus?
683 2100 716 2154 dc.
739 2097 805 2155 loeis
827 2107 963 2158 certamus
985 2099 1091 2174 publica
1115 2099 1302 2174 negligentem
1331 2099 1419 2156 hostis
1448 2116 1509 2154 seru
1530 2115 1573 2152 nos
1590 2103 1610 2148 et

346 2194 439 2241 nostra
463 2186 551 2240 orantia
573 2201 603 2240 ac
626 2184 684 2240 loca
713 2183 791 2240 sintul
819 2184 955 2257 deglutire
980 2185 1138 2242 contendit?
1167 2203 1249 2241 unuin
1278 2183 1546 2254 bocconelamatum
1570 2189 1632 2235 catu

347 2270 466 2326 lurchas
487 2269 609 2326 consiliis
632 2269 837 2343 quibuscunque
860 2285 914 2326 rron
935 2279 1138 2334 convertemus,
1168 2271 1190 2326 si
1213 2270 1295 2326 aruris
1317 2285 1372 2324 non
1394 2270 1540 2329 vincemus,
1565 2283 1610 2338 qur

347 2356 428 2411 divini
452 2355 524 2412 varlui
547 2354 786 2412 concionatoribus
808 2354 964 2412 elucidanda
987 2353 1127 2429 relinquo.
1151 2353 1366 2428 quandoquidem
1390 2353 1475 2410 multa
1497 2369 1561 2408 nunc
1579 2356 1609 2403 cst

292 2443 461 2502 sumussic.
485 2449 513 2494 ut
535 2440 652 2512 operarii
675 2438 763 2495 multi.
799 2439 889 2513 Neque
912 2441 937 2496 iil
960 2441 1109 2501 deterreat.
1133 2441 1206 2513 quod
1230 2448 1282 2496 mm
1306 2438 1388 2513 longo
1405 2447 1525 2513 tempore
1540 2435 1610 2491 oricu-

315 2573 319 2581 .
346 2525 393 2581 tali
417 2525 531 2598 imperio
555 2525 641 2580 hostis
663 2523 809 2579 crudelitas
833 2525 918 2598 potita
941 2525 990 2591 sit,
1018 2535 1045 2580 et
1066 2523 1168 2581 desidia
1190 2533 1285 2581 nostra
1307 2525 1366 2580 eius
1388 2525 1509 2598 putentia
1530 2523 1563 2577 sic
1583 2521 1611 2574 io·

344 2610 473 2671 creuerit.
497 2617 527 2665 ut
549 2609 653 2665 firmata
676 2625 736 2665 esse
758 2609 897 2664 violentur:
926 2610 958 2664 ad
987 2627 1111 2666 occasum
1133 2610 1234 2664 intueri
1257 2608 1357 2666 volenti
1379 2607 1519 2683 possibilia
1540 2605 1633 2660 ennias

345 2703 372 2752 et
394 2694 519 2750 facillima
541 2693 705 2767 comperiet:
732 2711 794 2750 eum
817 2693 1025 2750 sarracenorum
1049 2695 1200 2750 immamus
1222 2693 1364 2750 Granatam
1393 2702 1421 2748 ct
1443 2709 1559 2766 magnam
1579 2687 1611 2742 lli·

346 2781 446 2854 spanias
468 2787 572 2852 partem
596 2795 677 2852 supra
700 2779 889 2852 septingentos
911 2795 997 2834 annos
1019 2779 1192 2837 heracleano
1214 2779 1355 2835 admodum
1384 2779 1444 2834 iure
1472 2775 1610 2852 possederit,

345 2874 377 2920 at·
394 2863 553 2919 l'erdinandi
576 2864 648 2935 regis
672 2862 887 2920 victoriosissimi
909 2865 1063 2921 constantia
1091 2866 1246 2938 regiumque
1268 2861 1405 2920 Elisabeth
1434 2861 1569 2920 deuotione
1591 2864 1609 2911 ct

345 2965 458 3004 suorum
481 2947 642 3004 fortitudine
664 2948 758 3021 paucis
780 2949 858 3004 annis
881 2948 978 3004 nedum
1001 2957 1159 3024 recuperata
1183 2955 1247 3006 sunt
1270 2949 1373 3010 omnia,
1397 2948 1443 3004 sed
1467 2955 1521 3003 tota
1537 2943 1611 3000 iulide·

344 3033 411 3088 lium
434 3032 555 3106 potentia
579 3049 633 3087 nun
656 3049 670 3090 a
694 3033 770 3106 regni
793 3032 880 3089 solum
902 3032 1001 3090 linibus
1028 3035 1120 3091 abacta
1148 3043 1202 3096 est.
1232 3049 1324 3090 rerum
1351 3033 1474 3106 adusque
1502 3031 1633 3087 inleriona

279 3117 511 3175 §.censorinum
533 3117 625 3172 littora
648 3135 707 3172 cum
730 3117 861 3191 perhenni
885 3117 959 3177 illius
987 3119 1061 3192 regis
1091 3119 1179 3193 gloria
1207 3120 1300 3175 eiecta.
1344 3115 1393 3173 llle
1421 3135 1484 3174 uero
1512 3112 1610 3190 propriis

344 3210 450 3260 tanturn
472 3201 574 3258 viribus
597 3210 624 3257 ct
646 3203 724 3258 unica
746 3219 858 3258 suorum
881 3221 961 3260 manu
983 3211 1112 3260 strennue
1133 3205 1191 3261 haec
1217 3204 1317 3276 gessit,
1349 3203 1388 3258 l'u
1410 3216 1549 3263 commune
1569 3194 1612 3254 bel·

345 3287 401 3344 lum
422 3303 502 3362 paras
525 3295 552 3343 et
574 3287 728 3361 generalem
752 3283 792 3359 (ut
814 3288 899 3360 aiunt)
922 3289 1136 3362 expeditionem
1165 3297 1211 3346 tua
1233 3302 1330 3363 opera.
1353 3286 1470 3344 consilio
1492 3295 1519 3342 et
1539 3283 1612 3355 auspi·

343 3373 393 3430 cris
415 3386 564 3447 regumque
587 3372 708 3428 omniura
730 3389 842 3429 assensu
864 3382 892 3429 et
913 3373 1011 3429 horum
1033 3373 1308 3449 prudentissimorum
1335 3372 1487 3447 principum
1515 3365 1611 3426 consiliu

275 3457 402 3532 §.at.(qui
425 3465 473 3514 tuo
495 3456 573 3514 lateri
596 3465 724 3531 tanquam
745 3457 915 3516 ualidissimae
935 3455 1068 3516 columnae
1089 3457 1235 3532 adhaerent)
1265 3458 1408 3515 instituere
1429 3457 1519 3514 debes.
1558 3451 1634 3519 Quiris

344 3559 393 3599 oro
417 3551 458 3598 tot
480 3542 592 3616 regibus
615 3551 642 3598 et
663 3542 833 3616 principibus
856 3552 964 3616 tamque
987 3560 1140 3600 numerosae
1163 3541 1329 3599 multitudini
1357 3543 1487 3598 resistere
1508 3537 1611 3616 poterit?

311 3690 312 3698 q
342 3627 406 3683 dum
429 3635 456 3682 et
477 3645 569 3700 pacem
592 3626 743 3683 exulantem
766 3625 913 3700 multisque
936 3637 998 3684 ante
1027 3627 1133 3686 saeculis
1163 3627 1234 3683 inter
1255 3627 1425 3683 Christianos
1452 3625 1610 3682 desideratam

204 3713 208 3722 '
309 3711 312 3720 '
342 3729 414 3768 nnnc
436 3711 487 3768 iana
509 3711 726 3768 corrrmudissime
748 3727 799 3786 pro
822 3713 861 3766 tui
882 3721 913 3768 et
933 3712 1031 3770 Leonis
1053 3713 1135 3768 animi
1158 3711 1343 3769 satisfactione
1365 3713 1519 3768 restitutam
1543 3707 1609 3764 riuos

343 3805 370 3852 et
392 3813 463 3852 nouo
486 3797 602 3870 quodam
626 3795 817 3870 quinquennali
841 3795 942 3854 loedere
963 3809 1030 3854 cum
1056 3797 1176 3854 omnium
1204 3798 1251 3870 qui
1279 3797 1358 3854 bonae
1388 3795 1535 3853 voluntatis
1559 3795 1610 3847 sunt

344 3881 509 3954 gratitudine
531 3881 661 3938 firmatam
683 3881 811 3944 intueris,
844 3890 874 3937 ut
900 3881 966 3937 nihil
995 3889 1038 3938 est
1066 3881 1181 3957 amplius
1208 3883 1283 3956 qnod
1312 3883 1344 3938 ad
1374 3897 1432 3938 rem
1461 3878 1634 3956 propositano

276 3965 472 4022 t·²⁵·t‹nttciter
492 3965 636 4039 gerendam
659 3966 743 4028 desit,
767 3974 814 4023 aut
836 3967 908 4040 quod
929 3967 1060 4042 impedire
1080 3967 1177 4041 possit
1224 3966 1282 4023 Nun
1310 3967 1398 4023 deerit
1428 3967 1496 4023 uotis
1524 3963 1572 4019 tuis
1589 3966 1610 4010 ut

328 4050 441 4128 ,Leonis
462 4051 624 4107 sanctissimi
647 4050 836 4108 serenissimus
857 4051 912 4108 lica
934 4061 1028 4108 noster
1057 4067 1119 4109 cum
1141 4051 1266 4127 omnibus
1288 4051 1415 4108 dominiis
1444 4051 1498 4107 suis
1519 4056 1546 4104 ct
1565 4053 1609 4100 tota

394 4315 482 4368 ¹totae
493 4323 525 4368 tt.
561 4316 612 4378 ’(1)
626 4315 750 4368 qucnsl.
765 4321 818 4368 sat.
831 4319 864 4368 X.
877 4315 935 4369 aab.
971 4317 1191 4384 ⁸prepsramdtis
1205 4321 1229 4368 1.
1265 4317 1286 4352 ¹⁰
1297 4314 1455 4368 subsana'atis
1467 4321 1490 4370 t.
1508 4299 1609 4366 subdia·

343 4402 480 4462 nantistt.
517 4401 539 4473 Ῥ
557 4400 619 4462 celii
633 4403 655 4449 1.
693 4399 828 4452 laetiferas
841 4405 864 4451 1.
900 4401 922 4436 ¹²
940 4403 1145 4454 alucitandult.
1181 4399 1355 4468 ”operuit
1376 4401 1415 4452 Cf.
1429 4393 1608 4451 Motum?-

343 4483 474 4536 ⁵uolenti
490 4489 528 4534 etc
540 4487 565 4535 1.
600 4483 622 4516 ⁸⁸
640 4483 766 4535 facilins
779 4485 958 4552 apparebunt.
977 4493 1009 4537 tt.
1057 4487 1197 4538 Saraclt.
1243 4483 1500 4536 ”Perdinandush
1513 4478 1609 4536 aldith

344 4585 370 4619 a.
380 4567 454 4618 1494.
464 4565 624 4619 Catholicae
641 4569 700 4620 Rex
719 4568 816 4620 dictus.
846 4569 990 4626 Elisabeth
1008 4587 1089 4636 quam
1101 4570 1251 4623 Isabellam
1269 4571 1410 4620 nominare
1430 4565 1607 4620 consuevimus

341 4652 362 4688 ⁸¹
380 4653 494 4720 parenni
512 4658 544 4704 tt,
580 4651 601 4686 ἃ
619 4650 728 4704 strenua
740 4659 772 4704 tt.
808 4651 829 4686 ³⁵
848 4655 981 4705 adherent
994 4659 1017 4706 1.
1037 4657 1174 4717 barbarie,
1187 4658 1256 4723 qaod
1271 4659 1361 4706 iterans
1370 4656 1448 4718 facte.
1464 4651 1531 4718 loqui
1544 4649 1608 4699 „aba

346 4739 469 4791 Wtcltlua.
521 4737 545 4772 ⁸⁶
561 4735 618 4805 oro]
637 4737 750 4790 obsecro
767 4742 799 4788 a
852 4737 1096 4790 ⁸⁸=satlsltcttione
1109 4743 1132 4790 1.
1190 4738 1212 4772 ⁸⁰
1229 4744 1272 4790 est
1289 4740 1364 4794 niet.
1387 4739 1424 4790 sit
1439 4741 1470 4790 at.
