<?xml version="1.0" encoding="UTF-8"?>
<!DOCTYPE html PUBLIC "-//W3C//DTD XHTML 1.0 Transitional//EN"
    "http://www.w3.org/TR/xhtml1/DTD/xhtml1-transitional.dtd">
<html xmlns="http://www.w3.org/1999/xhtml" xml:lang="en" lang="en">
 <head>
  <title>
</title>
<meta http-equiv="Content-Type" content="text/html;charset=utf-8" />
  <meta name='ocr-system' content='tesseract 3.04.00' />
  <meta name='ocr-capabilities' content='ocr_page ocr_carea ocr_par ocr_line ocrx_word'/>
</head>
<body>
  <div class='ocr_page' id='page_1' title='image "./ulrichihuttenie12huttgoog_0111.png"; bbox 0 0 3410 5524; ppageno 0'>
   <div class='ocr_carea' id='block_1_1' title="bbox 343 443 1543 523">
    <p class='ocr_par' dir='ltr' id='par_1_1' title="bbox 343 443 1543 523">
     <span class='ocr_line' id='line_1_1' title="bbox 343 443 1543 523; baseline 0 -15"><span class='ocrx_word' id='word_1_1' title='bbox 343 443 391 515; x_wconf 83' lang='grc'><strong>94</strong></span> <span class='ocrx_word' id='word_1_2' title='bbox 515 473 638 510; x_wconf 79' lang='lat' dir='ltr'><strong>arrrsrrr</strong></span> <span class='ocrx_word' id='word_1_3' title='bbox 657 475 686 509; x_wconf 85' lang='lat' dir='ltr'><strong>ur</strong></span> <span class='ocrx_word' id='word_1_4' title='bbox 705 468 798 510; x_wconf 83' lang='lat' dir='ltr'><strong>ovcxlr</strong></span> <span class='ocrx_word' id='word_1_5' title='bbox 815 473 1093 511; x_wconf 78' lang='lat' dir='ltr'><strong>wxersxrssoaasmr</strong></span> <span class='ocrx_word' id='word_1_6' title='bbox 1111 475 1216 510; x_wconf 79' lang='lat' dir='ltr'><strong>orario</strong></span> <span class='ocrx_word' id='word_1_7' title='bbox 1232 475 1260 511; x_wconf 82' lang='lat' dir='ltr'><strong>v.</strong></span> <span class='ocrx_word' id='word_1_8' title='bbox 1277 473 1308 508; x_wconf 81' lang='lat' dir='ltr'><strong>ar.</strong></span> <span class='ocrx_word' id='word_1_9' title='bbox 1322 473 1382 509; x_wconf 78' lang='lat' dir='ltr'><strong>arax.</strong></span> <span class='ocrx_word' id='word_1_10' title='bbox 1395 456 1432 523; x_wconf 79' lang='lat' dir='ltr'><strong>(l)</strong></span> <span class='ocrx_word' id='word_1_11' title='bbox 1444 473 1471 508; x_wconf 79' lang='lat' dir='ltr'><strong>a.</strong></span> <span class='ocrx_word' id='word_1_12' title='bbox 1486 465 1543 508; x_wconf 71' lang='lat' dir='ltr'><strong>teto.</strong></span> 
     </span>
    </p>
   </div>
   <div class='ocr_carea' id='block_1_2' title="bbox 184 621 1686 4482">
    <p class='ocr_par' dir='ltr' id='par_1_2' title="bbox 184 621 1686 4482">
     <span class='ocr_line' id='line_1_2' title="bbox 340 621 1611 708; baseline -0.003 -18"><span class='ocrx_word' id='word_1_13' title='bbox 340 632 413 690; x_wconf 91' lang='lat' dir='ltr'><strong>riter</strong></span> <span class='ocrx_word' id='word_1_14' title='bbox 435 631 470 689; x_wconf 81' lang='lat' dir='ltr'><strong>irc</strong></span> <span class='ocrx_word' id='word_1_15' title='bbox 492 629 670 706; x_wconf 87' lang='lat' dir='ltr'><strong>scriptorum</strong></span> <span class='ocrx_word' id='word_1_16' title='bbox 692 621 826 708; x_wconf 88' lang='lat' dir='ltr'><strong>undique</strong></span> <span class='ocrx_word' id='word_1_17' title='bbox 850 637 1099 708; x_wconf 74' lang='lat' dir='ltr'>compungeretur</span> <span class='ocrx_word' id='word_1_18' title='bbox 1125 646 1181 689; x_wconf 90' lang='lat' dir='ltr'><strong>nec</strong></span> <span class='ocrx_word' id='word_1_19' title='bbox 1208 629 1316 690; x_wconf 85' lang='lat' dir='ltr'><strong>sentire</strong></span> <span class='ocrx_word' id='word_1_20' title='bbox 1338 628 1396 688; x_wconf 88' lang='lat' dir='ltr'><strong>boc</strong></span> <span class='ocrx_word' id='word_1_21' title='bbox 1417 629 1511 688; x_wconf 85' lang='lat' dir='ltr'><strong>rideri</strong></span> <span class='ocrx_word' id='word_1_22' title='bbox 1531 625 1611 695; x_wconf 82' lang='lat' dir='ltr'><strong>vellet,</strong></span> 
     </span>
     <span class='ocr_line' id='line_1_3' title="bbox 342 711 1611 811; baseline -0.004 -18"><span class='ocrx_word' id='word_1_23' title='bbox 342 749 402 793; x_wconf 90' lang='lat' dir='ltr'><strong>oon</strong></span> <span class='ocrx_word' id='word_1_24' title='bbox 431 715 601 811; x_wconf 83' lang='lat' dir='ltr'><strong>merebatur</strong></span> <span class='ocrx_word' id='word_1_25' title='bbox 633 732 772 793; x_wconf 82' lang='lat' dir='ltr'><strong>Germani</strong></span> <span class='ocrx_word' id='word_1_26' title='bbox 801 731 979 793; x_wconf 83' lang='lat' dir='ltr'><strong>tortitudinis</strong></span> <span class='ocrx_word' id='word_1_27' title='bbox 1007 739 1057 792; x_wconf 89' lang='lat' dir='ltr'><strong>aut</strong></span> <span class='ocrx_word' id='word_1_28' title='bbox 1085 732 1330 808; x_wconf 80' lang='lat' dir='ltr'><strong>magnanimitatis</strong></span> <span class='ocrx_word' id='word_1_29' title='bbox 1358 711 1541 808; x_wconf 64' lang='lat' dir='ltr'><strong>opinionem,</strong></span> <span class='ocrx_word' id='word_1_30' title='bbox 1570 729 1611 788; x_wconf 82' lang='lat' dir='ltr'><strong>sed</strong></span> 
     </span>
     <span class='ocr_line' id='line_1_4' title="bbox 274 832 1613 912; baseline 0 -23"><span class='ocrx_word' id='word_1_31' title='bbox 274 833 427 899; x_wconf 69' lang='lat' dir='ltr'><strong>§.calcedae</strong></span> <span class='ocrx_word' id='word_1_32' title='bbox 448 832 637 912; x_wconf 82' lang='lat' dir='ltr'><strong>impudentiae</strong></span> <span class='ocrx_word' id='word_1_33' title='bbox 664 839 727 898; x_wconf 82' lang='lat' dir='ltr'><strong>erat</strong></span> <span class='ocrx_word' id='word_1_34' title='bbox 754 833 816 894; x_wconf 83' lang='lat' dir='ltr'><strong>baec</strong></span> <span class='ocrx_word' id='word_1_35' title='bbox 844 841 873 894; x_wconf 92' lang='lat' dir='ltr'><strong>et</strong></span> <span class='ocrx_word' id='word_1_36' title='bbox 903 833 1016 895; x_wconf 72' lang='lat' dir='ltr'><strong>fiduciae</strong></span> <span class='ocrx_word' id='word_1_37' title='bbox 1042 833 1186 901; x_wconf 90' lang='lat' dir='ltr'><strong>adsertio;</strong></span> <span class='ocrx_word' id='word_1_38' title='bbox 1221 835 1271 912; x_wconf 91' lang='lat' dir='ltr'><strong>qui</strong></span> <span class='ocrx_word' id='word_1_39' title='bbox 1299 850 1351 893; x_wconf 91' lang='lat' dir='ltr'><strong>eos</strong></span> <span class='ocrx_word' id='word_1_40' title='bbox 1379 849 1453 912; x_wconf 89' lang='lat' dir='ltr'><strong>quos</strong></span> <span class='ocrx_word' id='word_1_41' title='bbox 1482 832 1613 892; x_wconf 85' lang='lat' dir='ltr'><strong>interierit</strong></span> 
     </span>
     <span class='ocr_line' id='line_1_5' title="bbox 342 933 1613 1016; baseline -0.002 -19"><span class='ocrx_word' id='word_1_42' title='bbox 342 935 436 1014; x_wconf 79' lang='lat' dir='ltr'><strong>lugeri</strong></span> <span class='ocrx_word' id='word_1_43' title='bbox 459 935 546 995; x_wconf 87' lang='lat' dir='ltr'><strong>etiem</strong></span> <span class='ocrx_word' id='word_1_44' title='bbox 566 935 672 1003; x_wconf 85' lang='lat' dir='ltr'><strong>vetuit,</strong></span> <span class='ocrx_word' id='word_1_45' title='bbox 695 941 724 995; x_wconf 89' lang='lat' dir='ltr'><strong>et</strong></span> <span class='ocrx_word' id='word_1_46' title='bbox 746 933 858 996; x_wconf 91' lang='lat' dir='ltr'><strong>clarum</strong></span> <span class='ocrx_word' id='word_1_47' title='bbox 882 937 1008 1014; x_wconf 87' lang='lat' dir='ltr'><strong>equitem</strong></span> <span class='ocrx_word' id='word_1_48' title='bbox 1031 936 1110 1014; x_wconf 90' lang='lat' dir='ltr'><strong>quod</strong></span> <span class='ocrx_word' id='word_1_49' title='bbox 1132 935 1217 996; x_wconf 90' lang='lat' dir='ltr'><strong>amici</strong></span> <span class='ocrx_word' id='word_1_50' title='bbox 1238 953 1342 995; x_wconf 81' lang='lat' dir='ltr'><strong>necem</strong></span> <span class='ocrx_word' id='word_1_51' title='bbox 1370 933 1526 1016; x_wconf 91' lang='lat' dir='ltr'><strong>deplorare</strong></span> <span class='ocrx_word' id='word_1_52' title='bbox 1545 933 1613 994; x_wconf 89' lang='lat' dir='ltr'><strong>audi·</strong></span> 
     </span>
     <span class='ocr_line' id='line_1_6' title="bbox 342 1033 1637 1116; baseline -0.002 -19"><span class='ocrx_word' id='word_1_53' title='bbox 342 1045 390 1098; x_wconf 91' lang='lat' dir='ltr'><strong>tus</strong></span> <span class='ocrx_word' id='word_1_54' title='bbox 413 1041 507 1105; x_wconf 86' lang='lat' dir='ltr'><strong>esset,</strong></span> <span class='ocrx_word' id='word_1_55' title='bbox 531 1036 647 1098; x_wconf 89' lang='lat' dir='ltr'><strong>coniodi</strong></span> <span class='ocrx_word' id='word_1_56' title='bbox 670 1037 826 1116; x_wconf 74' lang='lat' dir='ltr'><strong>pracepit:</strong></span> <span class='ocrx_word' id='word_1_57' title='bbox 857 1037 906 1116; x_wconf 89' lang='lat' dir='ltr'><strong>qui</strong></span> <span class='ocrx_word' id='word_1_58' title='bbox 929 1037 1129 1098; x_wconf 86' lang='lat' dir='ltr'><strong>crudelissime</strong></span> <span class='ocrx_word' id='word_1_59' title='bbox 1152 1037 1319 1116; x_wconf 75' lang='lat' dir='ltr'><strong>interempti</strong></span> <span class='ocrx_word' id='word_1_60' title='bbox 1341 1053 1449 1115; x_wconf 88' lang='lat' dir='ltr'><strong>corpus</strong></span> <span class='ocrx_word' id='word_1_61' title='bbox 1471 1037 1511 1097; x_wconf 90' lang='lat' dir='ltr'><strong>ad</strong></span> <span class='ocrx_word' id='word_1_62' title='bbox 1530 1033 1637 1114; x_wconf 75' lang='lat' dir='ltr'><strong>sepul-⁵</strong></span> 
     </span>
     <span class='ocr_line' id='line_1_7' title="bbox 342 1127 1614 1218; baseline -0.003 -20"><span class='ocrx_word' id='word_1_63' title='bbox 342 1146 439 1200; x_wconf 91' lang='lat' dir='ltr'><strong>turam</strong></span> <span class='ocrx_word' id='word_1_64' title='bbox 460 1138 634 1218; x_wconf 83' lang='lat' dir='ltr'><strong>propinquis</strong></span> <span class='ocrx_word' id='word_1_65' title='bbox 655 1137 822 1216; x_wconf 79' lang='lat' dir='ltr'><strong>denegarit,</strong></span> <span class='ocrx_word' id='word_1_66' title='bbox 852 1127 940 1217; x_wconf 83' lang='lat' dir='ltr'><strong>quam</strong></span> <span class='ocrx_word' id='word_1_67' title='bbox 962 1140 1143 1218; x_wconf 84' lang='lat' dir='ltr'><strong>impietatem</strong></span> <span class='ocrx_word' id='word_1_68' title='bbox 1166 1139 1314 1218; x_wconf 91' lang='lat' dir='ltr'><strong>quomodo</strong></span> <span class='ocrx_word' id='word_1_69' title='bbox 1341 1144 1473 1199; x_wconf 81' lang='lat' dir='ltr'><strong>serrator</strong></span> <span class='ocrx_word' id='word_1_70' title='bbox 1495 1137 1614 1197; x_wconf 86' lang='lat' dir='ltr'><strong>Cbristns</strong></span> 
     </span>
     <span class='ocr_line' id='line_1_8' title="bbox 289 1235 1614 1320; baseline -0.003 -19"><span class='ocrx_word' id='word_1_71' title='bbox 289 1239 295 1248; x_wconf 93' lang='lat'>&#39;</span> <span class='ocrx_word' id='word_1_72' title='bbox 341 1240 456 1308; x_wconf 91' lang='lat' dir='ltr'><strong>tulerit,</strong></span> <span class='ocrx_word' id='word_1_73' title='bbox 479 1238 593 1320; x_wconf 83' lang='lat' dir='ltr'><strong>relosso</strong></span> <span class='ocrx_word' id='word_1_74' title='bbox 615 1237 664 1300; x_wconf 90' lang='lat' dir='ltr'><strong>illo</strong></span> <span class='ocrx_word' id='word_1_75' title='bbox 687 1241 743 1300; x_wconf 88' lang='lat' dir='ltr'><strong>iam</strong></span> <span class='ocrx_word' id='word_1_76' title='bbox 766 1242 975 1318; x_wconf 76' lang='lat' dir='ltr'><strong>perspicimus:</strong></span> <span class='ocrx_word' id='word_1_77' title='bbox 998 1259 1034 1302; x_wconf 91' lang='lat' dir='ltr'><strong>an</strong></span> <span class='ocrx_word' id='word_1_78' title='bbox 1050 1258 1110 1301; x_wconf 91' lang='lat' dir='ltr'><strong>non</strong></span> <span class='ocrx_word' id='word_1_79' title='bbox 1126 1248 1169 1301; x_wconf 88' lang='lat' dir='ltr'><strong>est</strong></span> <span class='ocrx_word' id='word_1_80' title='bbox 1183 1235 1240 1300; x_wconf 90' lang='lat' dir='ltr'><strong>hoc</strong></span> <span class='ocrx_word' id='word_1_81' title='bbox 1255 1239 1458 1306; x_wconf 83' lang='lat' dir='ltr'><strong>admirandum</strong></span> <span class='ocrx_word' id='word_1_82' title='bbox 1476 1245 1614 1299; x_wconf 77' lang='lat' dir='ltr'><strong>commota</strong></span> 
     </span>
     <span class='ocr_line' id='line_1_9' title="bbox 344 1323 1614 1421; baseline -0.003 -18"><span class='ocrx_word' id='word_1_83' title='bbox 344 1323 498 1403; x_wconf 81' lang='lat' dir='ltr'><strong>divinitatis</strong></span> <span class='ocrx_word' id='word_1_84' title='bbox 520 1341 675 1410; x_wconf 92' lang='lat' dir='ltr'><strong>iudicium,</strong></span> <span class='ocrx_word' id='word_1_85' title='bbox 705 1337 784 1418; x_wconf 87' lang='lat' dir='ltr'><strong>quod</strong></span> <span class='ocrx_word' id='word_1_86' title='bbox 812 1340 882 1414; x_wconf 88' lang='lat' dir='ltr'><strong>illud</strong></span> <span class='ocrx_word' id='word_1_87' title='bbox 912 1349 1048 1421; x_wconf 83' lang='lat' dir='ltr'><strong>quartum</strong></span> <span class='ocrx_word' id='word_1_88' title='bbox 1076 1344 1133 1404; x_wconf 91' lang='lat' dir='ltr'><strong>iarn</strong></span> <span class='ocrx_word' id='word_1_89' title='bbox 1162 1360 1272 1404; x_wconf 90' lang='lat' dir='ltr'><strong>annum</strong></span> <span class='ocrx_word' id='word_1_90' title='bbox 1301 1341 1457 1404; x_wconf 88' lang='lat' dir='ltr'><strong>subterra</strong></span> <span class='ocrx_word' id='word_1_91' title='bbox 1480 1327 1614 1401; x_wconf 82' lang='lat' dir='ltr'><strong>delossum</strong></span> 
     </span>
     <span class='ocr_line' id='line_1_10' title="bbox 344 1439 1685 1523; baseline -0.004 -18"><span class='ocrx_word' id='word_1_92' title='bbox 344 1439 469 1506; x_wconf 84' lang='lat' dir='ltr'><strong>cadaver</strong></span> <span class='ocrx_word' id='word_1_93' title='bbox 489 1460 586 1522; x_wconf 87' lang='lat' dir='ltr'><strong>oeque</strong></span> <span class='ocrx_word' id='word_1_94' title='bbox 608 1443 759 1521; x_wconf 90' lang='lat' dir='ltr'><strong>putrelleri</strong></span> <span class='ocrx_word' id='word_1_95' title='bbox 782 1461 877 1522; x_wconf 89' lang='lat' dir='ltr'><strong>neque</strong></span> <span class='ocrx_word' id='word_1_96' title='bbox 900 1445 938 1504; x_wconf 91' lang='lat' dir='ltr'><strong>ita</strong></span> <span class='ocrx_word' id='word_1_97' title='bbox 965 1445 1115 1504; x_wconf 86' lang='lat' dir='ltr'><strong>immutari</strong></span> <span class='ocrx_word' id='word_1_98' title='bbox 1138 1445 1251 1523; x_wconf 71' lang='lat' dir='ltr'><strong>potuit,</strong></span> <span class='ocrx_word' id='word_1_99' title='bbox 1280 1449 1312 1504; x_wconf 94' lang='lat' dir='ltr'><strong>ut</strong></span> <span class='ocrx_word' id='word_1_100' title='bbox 1339 1461 1400 1505; x_wconf 90' lang='lat' dir='ltr'><strong>nou</strong></span> <span class='ocrx_word' id='word_1_101' title='bbox 1427 1442 1464 1504; x_wconf 90' lang='lat' dir='ltr'><strong>ab</strong></span> <span class='ocrx_word' id='word_1_102' title='bbox 1493 1441 1614 1504; x_wconf 90' lang='lat' dir='ltr'><strong>omnibns</strong></span> <span class='ocrx_word' id='word_1_103' title='bbox 1684 1455 1685 1464; x_wconf 56' lang='lat'>¹</span> 
     </span>
     <span class='ocr_line' id='line_1_11' title="bbox 345 1533 1640 1625; baseline -0.004 -18"><span class='ocrx_word' id='word_1_104' title='bbox 345 1545 560 1624; x_wconf 78' lang='lat' dir='ltr'><strong>cognoscatur?</strong></span> <span class='ocrx_word' id='word_1_105' title='bbox 591 1545 667 1623; x_wconf 82' lang='lat' dir='ltr'><strong>agite</strong></span> <span class='ocrx_word' id='word_1_106' title='bbox 689 1551 786 1605; x_wconf 88' lang='lat' dir='ltr'><strong>autem</strong></span> <span class='ocrx_word' id='word_1_107' title='bbox 809 1533 943 1624; x_wconf 54' lang='lat' dir='ltr'><strong>quassilla</strong></span> <span class='ocrx_word' id='word_1_108' title='bbox 965 1547 1153 1622; x_wconf 83' lang='lat' dir='ltr'><strong>significatio,</strong></span> <span class='ocrx_word' id='word_1_109' title='bbox 1186 1545 1278 1625; x_wconf 86' lang='lat' dir='ltr'><strong>quod·</strong></span> <span class='ocrx_word' id='word_1_110' title='bbox 1293 1545 1411 1606; x_wconf 80' lang='lat' dir='ltr'><strong>effracta</strong></span> <span class='ocrx_word' id='word_1_111' title='bbox 1436 1544 1640 1606; x_wconf 73' lang='lat' dir='ltr'><strong>tamboanus</strong></span> 
     </span>
     <span class='ocr_line' id='line_1_12' title="bbox 279 1646 1614 1727; baseline -0.003 -19"><span class='ocrx_word' id='word_1_112' title='bbox 279 1650 437 1726; x_wconf 52' lang='lat' dir='ltr'><strong>§.seguine</strong></span> <span class='ocrx_word' id='word_1_113' title='bbox 459 1647 541 1727; x_wconf 85' lang='lat' dir='ltr'><strong>quasi</strong></span> <span class='ocrx_word' id='word_1_114' title='bbox 562 1663 666 1707; x_wconf 88' lang='lat' dir='ltr'><strong>recens</strong></span> <span class='ocrx_word' id='word_1_115' title='bbox 688 1646 855 1708; x_wconf 87' lang='lat' dir='ltr'><strong>conlectum</strong></span> <span class='ocrx_word' id='word_1_116' title='bbox 877 1647 1002 1708; x_wconf 89' lang='lat' dir='ltr'><strong>maduit!</strong></span> <span class='ocrx_word' id='word_1_117' title='bbox 1032 1647 1175 1719; x_wconf 89' lang='lat' dir='ltr'><strong>Proinde,</strong></span> <span class='ocrx_word' id='word_1_118' title='bbox 1203 1669 1222 1708; x_wconf 94' lang='lat' dir='ltr'><strong>o</strong></span> <span class='ocrx_word' id='word_1_119' title='bbox 1244 1647 1391 1727; x_wconf 88' lang='lat' dir='ltr'><strong>principes</strong></span> <span class='ocrx_word' id='word_1_120' title='bbox 1419 1665 1453 1706; x_wconf 88' lang='lat' dir='ltr'><strong>ae</strong></span> <span class='ocrx_word' id='word_1_121' title='bbox 1482 1647 1535 1707; x_wconf 89' lang='lat' dir='ltr'><strong>riri</strong></span> <span class='ocrx_word' id='word_1_122' title='bbox 1554 1647 1614 1707; x_wconf 84' lang='lat' dir='ltr'><strong>Ger·</strong></span> 
     </span>
     <span class='ocr_line' id='line_1_13' title="bbox 347 1747 1616 1830; baseline -0.006 -19"><span class='ocrx_word' id='word_1_123' title='bbox 347 1753 441 1820; x_wconf 88' lang='lat' dir='ltr'><strong>mani,</strong></span> <span class='ocrx_word' id='word_1_124' title='bbox 462 1752 513 1830; x_wconf 85' lang='lat' dir='ltr'><strong>qui</strong></span> <span class='ocrx_word' id='word_1_125' title='bbox 535 1749 685 1810; x_wconf 87' lang='lat' dir='ltr'><strong>inimicum</strong></span> <span class='ocrx_word' id='word_1_126' title='bbox 709 1747 919 1810; x_wconf 87' lang='lat' dir='ltr'><strong>debellavimus</strong></span> <span class='ocrx_word' id='word_1_127' title='bbox 941 1751 984 1811; x_wconf 88' lang='lat' dir='ltr'><strong>sic</strong></span> <span class='ocrx_word' id='word_1_128' title='bbox 1006 1765 1120 1820; x_wconf 87' lang='lat' dir='ltr'><strong>acrem,</strong></span> <span class='ocrx_word' id='word_1_129' title='bbox 1144 1751 1186 1810; x_wconf 91' lang='lat' dir='ltr'><strong>sic</strong></span> <span class='ocrx_word' id='word_1_130' title='bbox 1208 1751 1364 1820; x_wconf 79' lang='lat' dir='ltr'><strong>audacem,</strong></span> <span class='ocrx_word' id='word_1_131' title='bbox 1388 1749 1431 1809; x_wconf 89' lang='lat' dir='ltr'><strong>sic</strong></span> <span class='ocrx_word' id='word_1_132' title='bbox 1452 1752 1616 1828; x_wconf 81' lang='lat' dir='ltr'><strong>paratumst</strong></span> 
     </span>
     <span class='ocr_line' id='line_1_14' title="bbox 348 1847 1615 1932; baseline -0.005 -18"><span class='ocrx_word' id='word_1_133' title='bbox 348 1854 525 1921; x_wconf 87' lang='lat' dir='ltr'><strong>exercitum,</strong></span> <span class='ocrx_word' id='word_1_134' title='bbox 549 1851 591 1911; x_wconf 88' lang='lat' dir='ltr'><strong>sie</strong></span> <span class='ocrx_word' id='word_1_135' title='bbox 613 1850 796 1928; x_wconf 80' lang='lat' dir='ltr'><strong>diligentem,</strong></span> <span class='ocrx_word' id='word_1_136' title='bbox 819 1849 956 1913; x_wconf 89' lang='lat' dir='ltr'><strong>sedulum</strong></span> <span class='ocrx_word' id='word_1_137' title='bbox 972 1859 1000 1912; x_wconf 90' lang='lat' dir='ltr'><strong>et</strong></span> <span class='ocrx_word' id='word_1_138' title='bbox 1015 1851 1220 1932; x_wconf 88' lang='lat' dir='ltr'><strong>perpetrandis</strong></span> <span class='ocrx_word' id='word_1_139' title='bbox 1240 1847 1401 1912; x_wconf 84' lang='lat' dir='ltr'><strong>sceleribus</strong></span> <span class='ocrx_word' id='word_1_140' title='bbox 1416 1850 1574 1928; x_wconf 83' lang='lat' dir='ltr'><strong>vigilantem</strong></span> <span class='ocrx_word' id='word_1_141' title='bbox 1588 1867 1615 1908; x_wconf 86' lang='lat' dir='ltr'><strong>ar</strong></span> 
     </span>
     <span class='ocr_line' id='line_1_15' title="bbox 348 1951 1616 2044; baseline -0.006 -28"><span class='ocrx_word' id='word_1_142' title='bbox 348 1954 513 2026; x_wconf 86' lang='lat' dir='ltr'><strong>assiduum,</strong></span> <span class='ocrx_word' id='word_1_143' title='bbox 537 1953 588 2044; x_wconf 81' lang='lat' dir='ltr'><strong>qui</strong></span> <span class='ocrx_word' id='word_1_144' title='bbox 607 1951 726 2031; x_wconf 92' lang='lat' dir='ltr'><strong>publico</strong></span> <span class='ocrx_word' id='word_1_145' title='bbox 748 1953 935 2015; x_wconf 84' lang='lat' dir='ltr'><strong>Germaniam</strong></span> <span class='ocrx_word' id='word_1_146' title='bbox 954 1962 1034 2014; x_wconf 89' lang='lat' dir='ltr'><strong>metu</strong></span> <span class='ocrx_word' id='word_1_147' title='bbox 1050 1971 1084 2014; x_wconf 88' lang='lat' dir='ltr'><strong>oe</strong></span> <span class='ocrx_word' id='word_1_148' title='bbox 1098 1952 1231 2032; x_wconf 90' lang='lat' dir='ltr'><strong>periculo</strong></span> <span class='ocrx_word' id='word_1_149' title='bbox 1245 1952 1447 2021; x_wconf 84' lang='lat' dir='ltr'><strong>liberavimus,</strong></span> <span class='ocrx_word' id='word_1_150' title='bbox 1470 1953 1616 2030; x_wconf 88' lang='lat' dir='ltr'><strong>perniciem</strong></span> 
     </span>
     <span class='ocr_line' id='line_1_16' title="bbox 348 2051 1686 2140; baseline -0.005 -23"><span class='ocrx_word' id='word_1_151' title='bbox 348 2051 384 2118; x_wconf 89' lang='lat' dir='ltr'><strong>ab</strong></span> <span class='ocrx_word' id='word_1_152' title='bbox 407 2055 464 2116; x_wconf 91' lang='lat' dir='ltr'><strong>boc</strong></span> <span class='ocrx_word' id='word_1_153' title='bbox 485 2056 610 2132; x_wconf 90' lang='lat' dir='ltr'><strong>imperio</strong></span> <span class='ocrx_word' id='word_1_154' title='bbox 631 2072 735 2115; x_wconf 89' lang='lat' dir='ltr'><strong>noram</strong></span> <span class='ocrx_word' id='word_1_155' title='bbox 759 2061 788 2116; x_wconf 91' lang='lat' dir='ltr'><strong>et</strong></span> <span class='ocrx_word' id='word_1_156' title='bbox 809 2055 996 2117; x_wconf 89' lang='lat' dir='ltr'><strong>metuendam</strong></span> <span class='ocrx_word' id='word_1_157' title='bbox 1019 2055 1126 2117; x_wconf 90' lang='lat' dir='ltr'><strong>amoliti</strong></span> <span class='ocrx_word' id='word_1_158' title='bbox 1149 2073 1267 2124; x_wconf 89' lang='lat' dir='ltr'><strong>sumus,</strong></span> <span class='ocrx_word' id='word_1_159' title='bbox 1294 2057 1345 2135; x_wconf 86' lang='lat' dir='ltr'><strong>qul</strong></span> <span class='ocrx_word' id='word_1_160' title='bbox 1367 2071 1523 2116; x_wconf 87' lang='lat' dir='ltr'><strong>commuue</strong></span> <span class='ocrx_word' id='word_1_161' title='bbox 1542 2052 1643 2112; x_wconf 79' lang='lat' dir='ltr'><strong>buiusn</strong></span> <span class='ocrx_word' id='word_1_162' title='bbox 1685 2131 1686 2140; x_wconf 8' lang='grc' dir='ltr'>ἵ</span> 
     </span>
     <span class='ocr_line' id='line_1_17' title="bbox 280 2143 1686 2239; baseline -0.004 -21"><span class='ocrx_word' id='word_1_163' title='bbox 280 2159 450 2239; x_wconf 67' lang='lat' dir='ltr'><strong>§.ispania</strong></span> <span class='ocrx_word' id='word_1_164' title='bbox 472 2155 666 2236; x_wconf 86' lang='lat' dir='ltr'><strong>obprobrium</strong></span> <span class='ocrx_word' id='word_1_165' title='bbox 689 2163 717 2216; x_wconf 90' lang='lat' dir='ltr'><strong>et</strong></span> <span class='ocrx_word' id='word_1_166' title='bbox 744 2155 919 2233; x_wconf 83' lang='lat' dir='ltr'><strong>gentilitium</strong></span> <span class='ocrx_word' id='word_1_167' title='bbox 949 2157 1077 2220; x_wconf 87' lang='lat' dir='ltr'><strong>dedecus</strong></span> <span class='ocrx_word' id='word_1_168' title='bbox 1106 2158 1255 2237; x_wconf 85' lang='lat' dir='ltr'><strong>exegimus</strong></span> <span class='ocrx_word' id='word_1_169' title='bbox 1285 2175 1320 2218; x_wconf 92' lang='lat' dir='ltr'><strong>ac</strong></span> <span class='ocrx_word' id='word_1_170' title='bbox 1347 2154 1544 2236; x_wconf 88' lang='lat' dir='ltr'><strong>propulimus:</strong></span> <span class='ocrx_word' id='word_1_171' title='bbox 1574 2153 1617 2232; x_wconf 86' lang='lat' dir='ltr'><strong>qui</strong></span> <span class='ocrx_word' id='word_1_172' title='bbox 1685 2143 1686 2160; x_wconf 54' lang='lat'><strong>³</strong></span> 
     </span>
     <span class='ocr_line' id='line_1_18' title="bbox 346 2245 1618 2339; baseline -0.007 -18"><span class='ocrx_word' id='word_1_173' title='bbox 346 2245 576 2338; x_wconf 76' lang='lat' dir='ltr'><strong>pulcherrimam</strong></span> <span class='ocrx_word' id='word_1_174' title='bbox 599 2258 762 2319; x_wconf 85' lang='lat' dir='ltr'><strong>Suerorum</strong></span> <span class='ocrx_word' id='word_1_175' title='bbox 784 2266 912 2329; x_wconf 91' lang='lat' dir='ltr'><strong>terram,</strong></span> <span class='ocrx_word' id='word_1_176' title='bbox 941 2260 1128 2320; x_wconf 80' lang='lat' dir='ltr'><strong>fortissimam</strong></span> <span class='ocrx_word' id='word_1_177' title='bbox 1151 2267 1268 2336; x_wconf 84' lang='lat' dir='ltr'><strong>gentem</strong></span> <span class='ocrx_word' id='word_1_178' title='bbox 1290 2277 1307 2320; x_wconf 89' lang='lat' dir='ltr'><strong>a</strong></span> <span class='ocrx_word' id='word_1_179' title='bbox 1330 2258 1482 2339; x_wconf 79' lang='lat' dir='ltr'><strong>tyrannide</strong></span> <span class='ocrx_word' id='word_1_180' title='bbox 1504 2257 1574 2317; x_wconf 78' lang='lat' dir='ltr'><strong>luda</strong></span> <span class='ocrx_word' id='word_1_181' title='bbox 1594 2261 1618 2313; x_wconf 83' lang='lat' dir='ltr'><strong>et</strong></span> 
     </span>
     <span class='ocr_line' id='line_1_19' title="bbox 347 2358 1634 2440; baseline -0.004 -20"><span class='ocrx_word' id='word_1_182' title='bbox 347 2359 523 2422; x_wconf 91' lang='lat' dir='ltr'><strong>intolerabili</strong></span> <span class='ocrx_word' id='word_1_183' title='bbox 544 2360 767 2429; x_wconf 83' lang='lat' dir='ltr'><strong>,vindicavimus;</strong></span> <span class='ocrx_word' id='word_1_184' title='bbox 791 2363 842 2440; x_wconf 92' lang='lat' dir='ltr'><strong>qui</strong></span> <span class='ocrx_word' id='word_1_185' title='bbox 862 2364 1049 2422; x_wconf 78' lang='lat' dir='ltr'><strong>innocentem</strong></span> <span class='ocrx_word' id='word_1_186' title='bbox 1073 2360 1232 2422; x_wconf 90' lang='lat' dir='ltr'><strong>multorum</strong></span> <span class='ocrx_word' id='word_1_187' title='bbox 1255 2361 1427 2440; x_wconf 84' lang='lat' dir='ltr'><strong>sanguinem</strong></span> <span class='ocrx_word' id='word_1_188' title='bbox 1448 2358 1502 2421; x_wconf 90' lang='lat' dir='ltr'><strong>ulti</strong></span> <span class='ocrx_word' id='word_1_189' title='bbox 1519 2373 1634 2426; x_wconf 60' lang='lat' dir='ltr'><strong>sumus„</strong></span> 
     </span>
     <span class='ocr_line' id='line_1_20' title="bbox 347 2463 1617 2543; baseline -0.005 -20"><span class='ocrx_word' id='word_1_190' title='bbox 347 2465 525 2543; x_wconf 88' lang='lat' dir='ltr'><strong>optimorum</strong></span> <span class='ocrx_word' id='word_1_191' title='bbox 547 2463 644 2524; x_wconf 87' lang='lat' dir='ltr'><strong>adbuc</strong></span> <span class='ocrx_word' id='word_1_192' title='bbox 664 2464 795 2523; x_wconf 86' lang='lat' dir='ltr'><strong>virorum</strong></span> <span class='ocrx_word' id='word_1_193' title='bbox 819 2463 892 2523; x_wconf 80' lang='lat' dir='ltr'><strong>caedl</strong></span> <span class='ocrx_word' id='word_1_194' title='bbox 913 2463 1147 2533; x_wconf 88' lang='lat' dir='ltr'><strong>intercessimus;</strong></span> <span class='ocrx_word' id='word_1_195' title='bbox 1178 2463 1228 2542; x_wconf 88' lang='lat' dir='ltr'><strong>qui</strong></span> <span class='ocrx_word' id='word_1_196' title='bbox 1251 2463 1380 2528; x_wconf 80' lang='lat' dir='ltr'><strong>eliractis</strong></span> <span class='ocrx_word' id='word_1_197' title='bbox 1399 2463 1507 2541; x_wconf 80' lang='lat' dir='ltr'><strong>passim</strong></span> <span class='ocrx_word' id='word_1_198' title='bbox 1529 2477 1617 2520; x_wconf 83' lang='lat' dir='ltr'><strong>carce·</strong></span> 
     </span>
     <span class='ocr_line' id='line_1_21' title="bbox 347 2562 1643 2645; baseline -0.006 -19"><span class='ocrx_word' id='word_1_199' title='bbox 347 2564 445 2636; x_wconf 92' lang='lat' dir='ltr'><strong>ribus,</strong></span> <span class='ocrx_word' id='word_1_200' title='bbox 473 2582 547 2643; x_wconf 75' lang='lat' dir='ltr'><strong>pros</strong></span> <span class='ocrx_word' id='word_1_201' title='bbox 569 2564 669 2644; x_wconf 89' lang='lat' dir='ltr'><strong>plures</strong></span> <span class='ocrx_word' id='word_1_202' title='bbox 691 2563 738 2625; x_wconf 91' lang='lat' dir='ltr'><strong>ille</strong></span> <span class='ocrx_word' id='word_1_203' title='bbox 762 2581 848 2645; x_wconf 88' lang='lat' dir='ltr'><strong>quarn</strong></span> <span class='ocrx_word' id='word_1_204' title='bbox 872 2567 1049 2628; x_wconf 72' lang='lat' dir='ltr'><strong>cenationes</strong></span> <span class='ocrx_word' id='word_1_205' title='bbox 1070 2565 1200 2645; x_wconf 90' lang='lat' dir='ltr'><strong>undique</strong></span> <span class='ocrx_word' id='word_1_206' title='bbox 1222 2571 1251 2626; x_wconf 90' lang='lat' dir='ltr'><strong>et</strong></span> <span class='ocrx_word' id='word_1_207' title='bbox 1280 2562 1413 2626; x_wconf 89' lang='lat' dir='ltr'><strong>cubicula</strong></span> <span class='ocrx_word' id='word_1_208' title='bbox 1440 2562 1554 2630; x_wconf 84' lang='lat' dir='ltr'><strong>babuit,</strong></span> <span class='ocrx_word' id='word_1_209' title='bbox 1581 2563 1643 2620; x_wconf 81' lang='lat' dir='ltr'><strong>ina</strong></span> 
     </span>
     <span class='ocr_line' id='line_1_22' title="bbox 347 2657 1617 2747; baseline -0.007 -18"><span class='ocrx_word' id='word_1_210' title='bbox 347 2676 488 2731; x_wconf 88' lang='lat' dir='ltr'><strong>nocentes</strong></span> <span class='ocrx_word' id='word_1_211' title='bbox 510 2667 679 2745; x_wconf 90' lang='lat' dir='ltr'><strong>complures</strong></span> <span class='ocrx_word' id='word_1_212' title='bbox 700 2668 820 2747; x_wconf 76' lang='lat' dir='ltr'><strong>paedore</strong></span> <span class='ocrx_word' id='word_1_213' title='bbox 842 2669 900 2730; x_wconf 89' lang='lat' dir='ltr'><strong>iam</strong></span> <span class='ocrx_word' id='word_1_214' title='bbox 923 2675 950 2728; x_wconf 92' lang='lat' dir='ltr'><strong>et</strong></span> <span class='ocrx_word' id='word_1_215' title='bbox 972 2666 1120 2747; x_wconf 89' lang='lat' dir='ltr'><strong>squallore</strong></span> <span class='ocrx_word' id='word_1_216' title='bbox 1142 2668 1367 2729; x_wconf 77' lang='lat' dir='ltr'><strong>semiconfectos</strong></span> <span class='ocrx_word' id='word_1_217' title='bbox 1392 2685 1408 2726; x_wconf 91' lang='lat' dir='ltr'><strong>a</strong></span> <span class='ocrx_word' id='word_1_218' title='bbox 1431 2663 1563 2744; x_wconf 90' lang='lat' dir='ltr'><strong>supplicii</strong></span> <span class='ocrx_word' id='word_1_219' title='bbox 1583 2657 1617 2728; x_wconf 85' lang='lat' dir='ltr'><strong>di·</strong></span> 
     </span>
     <span class='ocr_line' id='line_1_23' title="bbox 291 2765 1676 2850; baseline -0.006 -20"><span class='ocrx_word' id='word_1_220' title='bbox 291 2803 293 2810; x_wconf 70' lang='lat'><strong>,</strong></span> <span class='ocrx_word' id='word_1_221' title='bbox 349 2773 433 2832; x_wconf 87' lang='lat' dir='ltr'><strong>ritate</strong></span> <span class='ocrx_word' id='word_1_222' title='bbox 462 2772 638 2849; x_wconf 90' lang='lat' dir='ltr'><strong>eripuimus;</strong></span> <span class='ocrx_word' id='word_1_223' title='bbox 672 2770 721 2848; x_wconf 92' lang='lat' dir='ltr'><strong>qui</strong></span> <span class='ocrx_word' id='word_1_224' title='bbox 749 2772 779 2829; x_wconf 94' lang='lat' dir='ltr'><strong>in</strong></span> <span class='ocrx_word' id='word_1_225' title='bbox 807 2769 995 2850; x_wconf 82' lang='lat' dir='ltr'><strong>profligatum</strong></span> <span class='ocrx_word' id='word_1_226' title='bbox 1022 2768 1183 2839; x_wconf 84' lang='lat' dir='ltr'><strong>latronem,</strong></span> <span class='ocrx_word' id='word_1_227' title='bbox 1220 2767 1421 2832; x_wconf 77' lang='lat' dir='ltr'><strong>detestabilem</strong></span> <span class='ocrx_word' id='word_1_228' title='bbox 1454 2765 1618 2846; x_wconf 90' lang='lat' dir='ltr'><strong>parricidam</strong></span> <span class='ocrx_word' id='word_1_229' title='bbox 1672 2785 1676 2800; x_wconf 90' lang='lat'><em>·</em></span> 
     </span>
     <span class='ocr_line' id='line_1_24' title="bbox 350 2863 1619 2951; baseline -0.006 -19"><span class='ocrx_word' id='word_1_230' title='bbox 350 2873 527 2933; x_wconf 88' lang='lat' dir='ltr'><strong>eiuscemodi</strong></span> <span class='ocrx_word' id='word_1_231' title='bbox 549 2872 693 2932; x_wconf 85' lang='lat' dir='ltr'><strong>edidimus</strong></span> <span class='ocrx_word' id='word_1_232' title='bbox 716 2871 898 2951; x_wconf 87' lang='lat' dir='ltr'><strong>exemplum,</strong></span> <span class='ocrx_word' id='word_1_233' title='bbox 926 2873 1030 2950; x_wconf 86' lang='lat' dir='ltr'><strong>nequis</strong></span> <span class='ocrx_word' id='word_1_234' title='bbox 1051 2871 1153 2932; x_wconf 90' lang='lat' dir='ltr'><strong>similia</strong></span> <span class='ocrx_word' id='word_1_235' title='bbox 1176 2872 1205 2932; x_wconf 93' lang='lat' dir='ltr'><strong>in</strong></span> <span class='ocrx_word' id='word_1_236' title='bbox 1228 2880 1378 2951; x_wconf 90' lang='lat' dir='ltr'><strong>posterum</strong></span> <span class='ocrx_word' id='word_1_237' title='bbox 1401 2887 1525 2932; x_wconf 89' lang='lat' dir='ltr'><strong>ausurus</strong></span> <span class='ocrx_word' id='word_1_238' title='bbox 1545 2863 1619 2927; x_wconf 86' lang='lat' dir='ltr'><strong>lacile</strong></span> 
     </span>
     <span class='ocr_line' id='line_1_25' title="bbox 281 2967 1617 3054; baseline -0.004 -18"><span class='ocrx_word' id='word_1_239' title='bbox 281 2974 503 3041; x_wconf 68' lang='lat' dir='ltr'><strong>§.toeredalom</strong></span> <span class='ocrx_word' id='word_1_240' title='bbox 532 2974 583 3052; x_wconf 87' lang='lat' dir='ltr'><strong>qui</strong></span> <span class='ocrx_word' id='word_1_241' title='bbox 605 2972 821 3035; x_wconf 88' lang='lat' dir='ltr'><strong>clementissimi</strong></span> <span class='ocrx_word' id='word_1_242' title='bbox 849 2974 1035 3054; x_wconf 88' lang='lat' dir='ltr'><strong>imperatoris</strong></span> <span class='ocrx_word' id='word_1_243' title='bbox 1056 2971 1244 3034; x_wconf 86' lang='lat' dir='ltr'><strong>blaximiliani</strong></span> <span class='ocrx_word' id='word_1_244' title='bbox 1272 2975 1430 3052; x_wconf 77' lang='lat' dir='ltr'><strong>incoeptum</strong></span> <span class='ocrx_word' id='word_1_245' title='bbox 1460 2967 1617 3051; x_wconf 82' lang='lat' dir='ltr'><strong>prosequuti</strong></span> 
     </span>
     <span class='ocr_line' id='line_1_26' title="bbox 348 3074 1644 3154; baseline -0.001 -16"><span class='ocrx_word' id='word_1_246' title='bbox 348 3076 455 3138; x_wconf 91' lang='lat' dir='ltr'><strong>multos</strong></span> <span class='ocrx_word' id='word_1_247' title='bbox 478 3093 513 3136; x_wconf 90' lang='lat' dir='ltr'><strong>ex</strong></span> <span class='ocrx_word' id='word_1_248' title='bbox 536 3075 754 3154; x_wconf 89' lang='lat' dir='ltr'><strong>desperatione,</strong></span> <span class='ocrx_word' id='word_1_249' title='bbox 778 3093 880 3137; x_wconf 89' lang='lat' dir='ltr'><strong>omues</strong></span> <span class='ocrx_word' id='word_1_250' title='bbox 903 3095 919 3137; x_wconf 94' lang='lat' dir='ltr'><strong>e</strong></span> <span class='ocrx_word' id='word_1_251' title='bbox 941 3082 1020 3138; x_wconf 89' lang='lat' dir='ltr'><strong>metu</strong></span> <span class='ocrx_word' id='word_1_252' title='bbox 1044 3093 1079 3137; x_wconf 87' lang='lat' dir='ltr'><strong>oc</strong></span> <span class='ocrx_word' id='word_1_253' title='bbox 1101 3084 1216 3137; x_wconf 88' lang='lat' dir='ltr'><strong>terrore</strong></span> <span class='ocrx_word' id='word_1_254' title='bbox 1237 3074 1408 3138; x_wconf 88' lang='lat' dir='ltr'><strong>sustulimus</strong></span> <span class='ocrx_word' id='word_1_255' title='bbox 1423 3081 1452 3136; x_wconf 92' lang='lat' dir='ltr'><strong>et</strong></span> <span class='ocrx_word' id='word_1_256' title='bbox 1467 3076 1644 3137; x_wconf 73' lang='lat' dir='ltr'><strong>ereximus;³³</strong></span> 
     </span>
     <span class='ocr_line' id='line_1_27' title="bbox 349 3175 1618 3260; baseline -0.006 -21"><span class='ocrx_word' id='word_1_257' title='bbox 349 3179 400 3257; x_wconf 86' lang='lat' dir='ltr'><strong>qui</strong></span> <span class='ocrx_word' id='word_1_258' title='bbox 421 3178 582 3258; x_wconf 89' lang='lat' dir='ltr'><strong>derepente</strong></span> <span class='ocrx_word' id='word_1_259' title='bbox 604 3179 770 3256; x_wconf 90' lang='lat' dir='ltr'><strong>erumpenti</strong></span> <span class='ocrx_word' id='word_1_260' title='bbox 792 3178 838 3238; x_wconf 89' lang='lat' dir='ltr'><strong>isti</strong></span> <span class='ocrx_word' id='word_1_261' title='bbox 861 3184 932 3239; x_wconf 91' lang='lat' dir='ltr'><strong>tunc</strong></span> <span class='ocrx_word' id='word_1_262' title='bbox 955 3197 1022 3239; x_wconf 88' lang='lat' dir='ltr'><strong>curn</strong></span> <span class='ocrx_word' id='word_1_263' title='bbox 1045 3181 1171 3243; x_wconf 85' lang='lat' dir='ltr'><strong>maxime</strong></span> <span class='ocrx_word' id='word_1_264' title='bbox 1187 3177 1296 3260; x_wconf 57' lang='lat' dir='ltr'><strong>,valere</strong></span> <span class='ocrx_word' id='word_1_265' title='bbox 1323 3197 1378 3238; x_wconf 89' lang='lat' dir='ltr'><strong>nec</strong></span> <span class='ocrx_word' id='word_1_266' title='bbox 1406 3177 1474 3238; x_wconf 91' lang='lat' dir='ltr'><strong>ullis</strong></span> <span class='ocrx_word' id='word_1_267' title='bbox 1495 3179 1548 3237; x_wconf 90' lang='lat' dir='ltr'><strong>iam</strong></span> <span class='ocrx_word' id='word_1_268' title='bbox 1569 3175 1618 3233; x_wconf 90' lang='lat' dir='ltr'><strong>eir·</strong></span> 
     </span>
     <span class='ocr_line' id='line_1_28' title="bbox 349 3273 1618 3358; baseline -0.007 -17"><span class='ocrx_word' id='word_1_269' title='bbox 349 3279 495 3341; x_wconf 90' lang='lat' dir='ltr'><strong>cumclndi</strong></span> <span class='ocrx_word' id='word_1_270' title='bbox 522 3280 630 3343; x_wconf 88' lang='lat' dir='ltr'><strong>luroris</strong></span> <span class='ocrx_word' id='word_1_271' title='bbox 656 3281 701 3340; x_wconf 91' lang='lat' dir='ltr'><strong>sui</strong></span> <span class='ocrx_word' id='word_1_272' title='bbox 730 3279 870 3345; x_wconf 86' lang='lat' dir='ltr'><strong>custodiis</strong></span> <span class='ocrx_word' id='word_1_273' title='bbox 897 3280 1058 3351; x_wconf 84' lang='lat' dir='ltr'><strong>rideretur,</strong></span> <span class='ocrx_word' id='word_1_274' title='bbox 1095 3282 1279 3342; x_wconf 91' lang='lat' dir='ltr'><strong>occurrimus</strong></span> <span class='ocrx_word' id='word_1_275' title='bbox 1311 3287 1472 3358; x_wconf 88' lang='lat' dir='ltr'><strong>nostroque</strong></span> <span class='ocrx_word' id='word_1_276' title='bbox 1499 3273 1618 3356; x_wconf 82' lang='lat' dir='ltr'><strong>periculo</strong></span> 
     </span>
     <span class='ocr_line' id='line_1_29' title="bbox 350 3380 1617 3460; baseline -0.007 -16"><span class='ocrx_word' id='word_1_277' title='bbox 350 3401 506 3448; x_wconf 88' lang='lat' dir='ltr'><strong>commune</strong></span> <span class='ocrx_word' id='word_1_278' title='bbox 529 3383 653 3444; x_wconf 89' lang='lat' dir='ltr'><strong>nationis</strong></span> <span class='ocrx_word' id='word_1_279' title='bbox 678 3382 766 3443; x_wconf 90' lang='lat' dir='ltr'><strong>buius</strong></span> <span class='ocrx_word' id='word_1_280' title='bbox 794 3382 962 3445; x_wconf 90' lang='lat' dir='ltr'><strong>incendium</strong></span> <span class='ocrx_word' id='word_1_281' title='bbox 990 3385 1179 3453; x_wconf 80' lang='lat' dir='ltr'><strong>extinximus,</strong></span> <span class='ocrx_word' id='word_1_282' title='bbox 1207 3381 1289 3443; x_wconf 92' lang='lat' dir='ltr'><strong>illum</strong></span> <span class='ocrx_word' id='word_1_283' title='bbox 1317 3388 1456 3460; x_wconf 88' lang='lat' dir='ltr'><strong>tanquam</strong></span> <span class='ocrx_word' id='word_1_284' title='bbox 1485 3380 1617 3441; x_wconf 88' lang='lat' dir='ltr'><strong>admotam</strong></span> 
     </span>
     <span class='ocr_line' id='line_1_30' title="bbox 349 3477 1618 3564; baseline -0.006 -18"><span class='ocrx_word' id='word_1_285' title='bbox 349 3486 465 3564; x_wconf 88' lang='lat' dir='ltr'><strong>imperii</strong></span> <span class='ocrx_word' id='word_1_286' title='bbox 486 3485 574 3546; x_wconf 90' lang='lat' dir='ltr'><strong>huius</strong></span> <span class='ocrx_word' id='word_1_287' title='bbox 596 3483 818 3563; x_wconf 82' lang='lat' dir='ltr'><strong>propugnaculo</strong></span> <span class='ocrx_word' id='word_1_288' title='bbox 840 3483 1007 3546; x_wconf 89' lang='lat' dir='ltr'><strong>machinam</strong></span> <span class='ocrx_word' id='word_1_289' title='bbox 1030 3484 1204 3556; x_wconf 91' lang='lat' dir='ltr'><strong>deiecimus,</strong></span> <span class='ocrx_word' id='word_1_290' title='bbox 1228 3485 1383 3546; x_wconf 81' lang='lat' dir='ltr'><strong>revisimus</strong></span> <span class='ocrx_word' id='word_1_291' title='bbox 1398 3501 1432 3544; x_wconf 87' lang='lat' dir='ltr'><strong>ac</strong></span> <span class='ocrx_word' id='word_1_292' title='bbox 1448 3498 1560 3562; x_wconf 88' lang='lat' dir='ltr'><strong>pessum</strong></span> <span class='ocrx_word' id='word_1_293' title='bbox 1574 3477 1618 3538; x_wconf 93' lang='lat' dir='ltr'><strong>de·</strong></span> 
     </span>
     <span class='ocr_line' id='line_1_31' title="bbox 281 3577 1646 3667; baseline -0.004 -21"><span class='ocrx_word' id='word_1_294' title='bbox 281 3601 338 3654; x_wconf 72' lang='lat' dir='ltr'><strong>aar.</strong></span> <span class='ocrx_word' id='word_1_295' title='bbox 349 3587 462 3656; x_wconf 78' lang='lat' dir='ltr'><strong>dimus:</strong></span> <span class='ocrx_word' id='word_1_296' title='bbox 485 3589 535 3667; x_wconf 90' lang='lat' dir='ltr'><strong>qui</strong></span> <span class='ocrx_word' id='word_1_297' title='bbox 556 3585 624 3650; x_wconf 86' lang='lat' dir='ltr'><strong>talia</strong></span> <span class='ocrx_word' id='word_1_298' title='bbox 639 3593 697 3648; x_wconf 90' lang='lat' dir='ltr'><strong>tam</strong></span> <span class='ocrx_word' id='word_1_299' title='bbox 714 3585 932 3658; x_wconf 86' lang='lat' dir='ltr'><strong>desiderabilia,</strong></span> <span class='ocrx_word' id='word_1_300' title='bbox 955 3577 1014 3648; x_wconf 76' lang='lat' dir='ltr'><strong>tam</strong></span> <span class='ocrx_word' id='word_1_301' title='bbox 1030 3587 1165 3648; x_wconf 89' lang='lat' dir='ltr'><strong>salutaria</strong></span> <span class='ocrx_word' id='word_1_302' title='bbox 1182 3593 1211 3648; x_wconf 91' lang='lat' dir='ltr'><strong>et</strong></span> <span class='ocrx_word' id='word_1_303' title='bbox 1226 3593 1340 3666; x_wconf 89' lang='lat' dir='ltr'><strong>optata,</strong></span> <span class='ocrx_word' id='word_1_304' title='bbox 1364 3584 1402 3644; x_wconf 97' lang='lat' dir='ltr'><strong>ob</strong></span> <span class='ocrx_word' id='word_1_305' title='bbox 1418 3584 1506 3666; x_wconf 84' lang='lat' dir='ltr'><strong>idque</strong></span> <span class='ocrx_word' id='word_1_306' title='bbox 1520 3584 1547 3642; x_wconf 90' lang='lat' dir='ltr'><strong>iu</strong></span> <span class='ocrx_word' id='word_1_307' title='bbox 1560 3591 1646 3659; x_wconf 75' lang='lat' dir='ltr'><strong>per-³t</strong></span> 
     </span>
     <span class='ocr_line' id='line_1_32' title="bbox 349 3683 1618 3769; baseline -0.008 -19"><span class='ocrx_word' id='word_1_308' title='bbox 349 3696 469 3769; x_wconf 90' lang='lat' dir='ltr'><strong>petuum</strong></span> <span class='ocrx_word' id='word_1_309' title='bbox 492 3689 681 3750; x_wconf 87' lang='lat' dir='ltr'><strong>memoranda</strong></span> <span class='ocrx_word' id='word_1_310' title='bbox 703 3707 737 3750; x_wconf 86' lang='lat' dir='ltr'><strong>oc</strong></span> <span class='ocrx_word' id='word_1_311' title='bbox 759 3686 936 3748; x_wconf 87' lang='lat' dir='ltr'><strong>celebranda</strong></span> <span class='ocrx_word' id='word_1_312' title='bbox 965 3685 1141 3759; x_wconf 54' lang='lat' dir='ltr'><strong>olfecimus:</strong></span> <span class='ocrx_word' id='word_1_313' title='bbox 1160 3690 1289 3768; x_wconf 86' lang='lat' dir='ltr'><strong>primurn</strong></span> <span class='ocrx_word' id='word_1_314' title='bbox 1316 3687 1445 3748; x_wconf 85' lang='lat' dir='ltr'><strong>arbitror</strong></span> <span class='ocrx_word' id='word_1_315' title='bbox 1471 3685 1507 3748; x_wconf 93' lang='lat' dir='ltr'><strong>ad</strong></span> <span class='ocrx_word' id='word_1_316' title='bbox 1533 3683 1618 3743; x_wconf 83' lang='lat' dir='ltr'><strong>omnia</strong></span> 
     </span>
     <span class='ocr_line' id='line_1_33' title="bbox 350 3773 1619 3872; baseline -0.007 -20"><span class='ocrx_word' id='word_1_317' title='bbox 350 3793 457 3872; x_wconf 89' lang='lat' dir='ltr'><strong>passim</strong></span> <span class='ocrx_word' id='word_1_318' title='bbox 479 3773 613 3853; x_wconf 77' lang='lat' dir='ltr'><strong>dirorum</strong></span> <span class='ocrx_word' id='word_1_319' title='bbox 626 3791 746 3862; x_wconf 85' lang='lat' dir='ltr'><strong>altaria,</strong></span> <span class='ocrx_word' id='word_1_320' title='bbox 769 3789 907 3852; x_wconf 91' lang='lat' dir='ltr'><strong>omuibus</strong></span> <span class='ocrx_word' id='word_1_321' title='bbox 921 3791 1038 3870; x_wconf 89' lang='lat' dir='ltr'><strong>templis</strong></span> <span class='ocrx_word' id='word_1_322' title='bbox 1052 3791 1281 3871; x_wconf 88' lang='lat' dir='ltr'><strong>supplicationes</strong></span> <span class='ocrx_word' id='word_1_323' title='bbox 1296 3789 1490 3852; x_wconf 91' lang='lat' dir='ltr'><strong>decernemus</strong></span> <span class='ocrx_word' id='word_1_324' title='bbox 1505 3793 1533 3849; x_wconf 92' lang='lat' dir='ltr'><strong>et</strong></span> <span class='ocrx_word' id='word_1_325' title='bbox 1545 3785 1619 3846; x_wconf 84' lang='lat' dir='ltr'><strong>clri-</strong></span> 
     </span>
     <span class='ocr_line' id='line_1_34' title="bbox 349 3891 1618 3972; baseline -0.006 -19"><span class='ocrx_word' id='word_1_326' title='bbox 349 3901 394 3953; x_wconf 84' lang='lat' dir='ltr'><strong>sto</strong></span> <span class='ocrx_word' id='word_1_327' title='bbox 416 3895 528 3972; x_wconf 90' lang='lat' dir='ltr'><strong>optimo</strong></span> <span class='ocrx_word' id='word_1_328' title='bbox 549 3895 677 3956; x_wconf 89' lang='lat' dir='ltr'><strong>maximo</strong></span> <span class='ocrx_word' id='word_1_329' title='bbox 699 3892 787 3954; x_wconf 90' lang='lat' dir='ltr'><strong>buius</strong></span> <span class='ocrx_word' id='word_1_330' title='bbox 809 3893 948 3963; x_wconf 87' lang='lat' dir='ltr'><strong>nationis,</strong></span> <span class='ocrx_word' id='word_1_331' title='bbox 972 3894 1059 3955; x_wconf 88' lang='lat' dir='ltr'><strong>buius</strong></span> <span class='ocrx_word' id='word_1_332' title='bbox 1080 3893 1195 3972; x_wconf 91' lang='lat' dir='ltr'><strong>imperii</strong></span> <span class='ocrx_word' id='word_1_333' title='bbox 1212 3911 1246 3954; x_wconf 91' lang='lat' dir='ltr'><strong>ac</strong></span> <span class='ocrx_word' id='word_1_334' title='bbox 1260 3892 1409 3954; x_wconf 91' lang='lat' dir='ltr'><strong>bonorum</strong></span> <span class='ocrx_word' id='word_1_335' title='bbox 1425 3891 1551 3953; x_wconf 88' lang='lat' dir='ltr'><strong>omnium</strong></span> <span class='ocrx_word' id='word_1_336' title='bbox 1564 3903 1618 3948; x_wconf 90' lang='lat' dir='ltr'><strong>ser·</strong></span> 
     </span>
     <span class='ocr_line' id='line_1_35' title="bbox 348 3993 1619 4076; baseline -0.007 -22"><span class='ocrx_word' id='word_1_337' title='bbox 348 3996 440 4056; x_wconf 78' lang='lat' dir='ltr'><strong>satori</strong></span> <span class='ocrx_word' id='word_1_338' title='bbox 463 4003 493 4057; x_wconf 88' lang='lat' dir='ltr'><strong>et</strong></span> <span class='ocrx_word' id='word_1_339' title='bbox 513 3996 621 4056; x_wconf 85' lang='lat' dir='ltr'><strong>vindici</strong></span> <span class='ocrx_word' id='word_1_340' title='bbox 643 3995 844 4075; x_wconf 86' lang='lat' dir='ltr'><strong>precationes,</strong></span> <span class='ocrx_word' id='word_1_341' title='bbox 878 3995 1003 4076; x_wconf 79' lang='lat' dir='ltr'><strong>hymnos</strong></span> <span class='ocrx_word' id='word_1_342' title='bbox 1033 4001 1061 4058; x_wconf 87' lang='lat' dir='ltr'><strong>et</strong></span> <span class='ocrx_word' id='word_1_343' title='bbox 1088 3995 1189 4056; x_wconf 90' lang='lat' dir='ltr'><strong>laudes</strong></span> <span class='ocrx_word' id='word_1_344' title='bbox 1216 3993 1416 4060; x_wconf 80' lang='lat' dir='ltr'><strong>ell‘undemus.</strong></span> <span class='ocrx_word' id='word_1_345' title='bbox 1452 4007 1567 4054; x_wconf 84' lang='lat' dir='ltr'><strong>munere</strong></span> <span class='ocrx_word' id='word_1_346' title='bbox 1594 3995 1619 4046; x_wconf 91' lang='lat' dir='ltr'><strong>et</strong></span> 
     </span>
     <span class='ocr_line' id='line_1_36' title="bbox 348 4094 1646 4177; baseline -0.003 -19"><span class='ocrx_word' id='word_1_347' title='bbox 348 4097 492 4167; x_wconf 91' lang='lat' dir='ltr'><strong>bonores,</strong></span> <span class='ocrx_word' id='word_1_348' title='bbox 516 4105 549 4159; x_wconf 89' lang='lat' dir='ltr'><strong>ut</strong></span> <span class='ocrx_word' id='word_1_349' title='bbox 571 4099 629 4158; x_wconf 87' lang='lat' dir='ltr'><strong>rcti</strong></span> <span class='ocrx_word' id='word_1_350' title='bbox 651 4097 775 4176; x_wconf 88' lang='lat' dir='ltr'><strong>quisque</strong></span> <span class='ocrx_word' id='word_1_351' title='bbox 797 4116 866 4160; x_wconf 88' lang='lat' dir='ltr'><strong>reus</strong></span> <span class='ocrx_word' id='word_1_352' title='bbox 889 4105 947 4167; x_wconf 87' lang='lat' dir='ltr'><strong>est,</strong></span> <span class='ocrx_word' id='word_1_353' title='bbox 972 4099 1146 4165; x_wconf 80' lang='lat' dir='ltr'><strong>oderemus,</strong></span> <span class='ocrx_word' id='word_1_354' title='bbox 1175 4097 1330 4177; x_wconf 82' lang='lat' dir='ltr'><strong>ipsumque</strong></span> <span class='ocrx_word' id='word_1_355' title='bbox 1351 4094 1541 4174; x_wconf 87' lang='lat' dir='ltr'><strong>implorantes</strong></span> <span class='ocrx_word' id='word_1_356' title='bbox 1558 4103 1646 4169; x_wconf 67' lang='lat' dir='ltr'><strong>pre-²³</strong></span> 
     </span>
     <span class='ocr_line' id='line_1_37' title="bbox 184 4191 1618 4278; baseline -0.009 -12"><span class='ocrx_word' id='word_1_357' title='bbox 184 4251 189 4266; x_wconf 83' lang='lat'><em>.</em></span> <span class='ocrx_word' id='word_1_358' title='bbox 295 4202 307 4222; x_wconf 79' lang='grc'><em>“</em></span> <span class='ocrx_word' id='word_1_359' title='bbox 350 4198 483 4261; x_wconf 88' lang='lat' dir='ltr'><strong>cabimur</strong></span> <span class='ocrx_word' id='word_1_360' title='bbox 506 4206 537 4260; x_wconf 92' lang='lat' dir='ltr'><strong>ut</strong></span> <span class='ocrx_word' id='word_1_361' title='bbox 558 4198 805 4278; x_wconf 91' lang='lat' dir='ltr'><strong>quemadmodum</strong></span> <span class='ocrx_word' id='word_1_362' title='bbox 828 4202 937 4261; x_wconf 87' lang='lat' dir='ltr'><strong>lactum</strong></span> <span class='ocrx_word' id='word_1_363' title='bbox 964 4198 1021 4261; x_wconf 92' lang='lat' dir='ltr'><strong>boc</strong></span> <span class='ocrx_word' id='word_1_364' title='bbox 1045 4200 1159 4276; x_wconf 88' lang='lat' dir='ltr'><strong>pietatis</strong></span> <span class='ocrx_word' id='word_1_365' title='bbox 1187 4208 1216 4259; x_wconf 89' lang='lat' dir='ltr'><strong>et</strong></span> <span class='ocrx_word' id='word_1_366' title='bbox 1242 4199 1330 4260; x_wconf 90' lang='lat' dir='ltr'><strong>olllcii</strong></span> <span class='ocrx_word' id='word_1_367' title='bbox 1352 4197 1472 4277; x_wconf 89' lang='lat' dir='ltr'><strong>plenum</strong></span> <span class='ocrx_word' id='word_1_368' title='bbox 1494 4196 1560 4257; x_wconf 89' lang='lat' dir='ltr'><strong>adeo</strong></span> <span class='ocrx_word' id='word_1_369' title='bbox 1579 4191 1618 4250; x_wconf 85' lang='lat' dir='ltr'><strong>dr-</strong></span> 
     </span>
     <span class='ocr_line' id='line_1_38' title="bbox 350 4295 1619 4381; baseline -0.006 -22"><span class='ocrx_word' id='word_1_370' title='bbox 350 4301 414 4362; x_wconf 86' lang='lat' dir='ltr'><strong>rina</strong></span> <span class='ocrx_word' id='word_1_371' title='bbox 436 4319 493 4381; x_wconf 95' lang='lat' dir='ltr'><strong>ope</strong></span> <span class='ocrx_word' id='word_1_372' title='bbox 515 4319 566 4363; x_wconf 88' lang='lat' dir='ltr'><strong>sua</strong></span> <span class='ocrx_word' id='word_1_373' title='bbox 589 4301 712 4371; x_wconf 87' lang='lat' dir='ltr'><strong>adiurit,</strong></span> <span class='ocrx_word' id='word_1_374' title='bbox 733 4307 766 4361; x_wconf 92' lang='lat' dir='ltr'><strong>ut</strong></span> <span class='ocrx_word' id='word_1_375' title='bbox 787 4301 866 4362; x_wconf 85' lang='lat' dir='ltr'><strong>risus</strong></span> <span class='ocrx_word' id='word_1_376' title='bbox 887 4303 937 4370; x_wconf 90' lang='lat' dir='ltr'><strong>sit,</strong></span> <span class='ocrx_word' id='word_1_377' title='bbox 962 4302 1074 4362; x_wconf 90' lang='lat' dir='ltr'><strong>etiarnsi</strong></span> <span class='ocrx_word' id='word_1_378' title='bbox 1095 4319 1149 4362; x_wconf 90' lang='lat' dir='ltr'><strong>uos</strong></span> <span class='ocrx_word' id='word_1_379' title='bbox 1164 4301 1388 4371; x_wconf 79' lang='lat' dir='ltr'><strong>defecissemus,</strong></span> <span class='ocrx_word' id='word_1_380' title='bbox 1412 4300 1577 4362; x_wconf 89' lang='lat' dir='ltr'><strong>sullecturus</strong></span> <span class='ocrx_word' id='word_1_381' title='bbox 1594 4295 1619 4352; x_wconf 92' lang='lat' dir='ltr'><strong>et</strong></span> 
     </span>
     <span class='ocr_line' id='line_1_39' title="bbox 350 4401 1618 4482; baseline -0.002 -19"><span class='ocrx_word' id='word_1_382' title='bbox 350 4410 472 4465; x_wconf 88' lang='lat' dir='ltr'><strong>conatus</strong></span> <span class='ocrx_word' id='word_1_383' title='bbox 493 4403 663 4465; x_wconf 87' lang='lat' dir='ltr'><strong>firmaturus</strong></span> <span class='ocrx_word' id='word_1_384' title='bbox 686 4409 803 4464; x_wconf 89' lang='lat' dir='ltr'><strong>nostros</strong></span> <span class='ocrx_word' id='word_1_385' title='bbox 830 4421 864 4464; x_wconf 89' lang='lat' dir='ltr'><strong>ao</strong></span> <span class='ocrx_word' id='word_1_386' title='bbox 892 4405 968 4464; x_wconf 89' lang='lat' dir='ltr'><strong>vires</strong></span> <span class='ocrx_word' id='word_1_387' title='bbox 995 4401 1199 4482; x_wconf 86' lang='lat' dir='ltr'><strong>suppleturus,</strong></span> <span class='ocrx_word' id='word_1_388' title='bbox 1228 4403 1270 4464; x_wconf 90' lang='lat' dir='ltr'><strong>sic</strong></span> <span class='ocrx_word' id='word_1_389' title='bbox 1292 4401 1428 4481; x_wconf 90' lang='lat' dir='ltr'><strong>posthac</strong></span> <span class='ocrx_word' id='word_1_390' title='bbox 1448 4401 1583 4462; x_wconf 81' lang='lat' dir='ltr'><strong>adsertam</strong></span> <span class='ocrx_word' id='word_1_391' title='bbox 1604 4411 1618 4452; x_wconf 79' lang='lat'>³</span> 
     </span>
    </p>
   </div>
   <div class='ocr_carea' id='block_1_3' title="bbox 317 4519 552 4550">
    <p class='ocr_par' dir='ltr' id='par_1_3' title="bbox 317 4519 552 4550">
     <span class='ocr_line' id='line_1_40' title="bbox 317 4519 552 4550; baseline -0.009 0"><span class='ocrx_word' id='word_1_392' title='bbox 317 4519 326 4535; x_wconf 58' lang='grc' dir='ltr'>ι</span> <span class='ocrx_word' id='word_1_393' title='bbox 351 4535 552 4550; x_wconf 65' lang='grc' dir='ltr'><strong>-ι--ι-ί-ι-</strong></span> 
     </span>
    </p>
   </div>
   <div class='ocr_carea' id='block_1_4' title="bbox 349 4618 1618 4850">
    <p class='ocr_par' dir='ltr' id='par_1_4' title="bbox 349 4618 1618 4850">
     <span class='ocr_line' id='line_1_41' title="bbox 417 4618 1618 4696; baseline -0.004 -20"><span class='ocrx_word' id='word_1_394' title='bbox 417 4623 428 4657; x_wconf 79' lang='lat'>&#39;</span> <span class='ocrx_word' id='word_1_395' title='bbox 446 4623 488 4676; x_wconf 84' lang='lat' dir='ltr'><strong>cl.</strong></span> <span class='ocrx_word' id='word_1_396' title='bbox 503 4623 557 4679; x_wconf 85' lang='lat' dir='ltr'><strong>vol.</strong></span> <span class='ocrx_word' id='word_1_397' title='bbox 570 4624 593 4674; x_wconf 92' lang='lat'><strong>1.</strong></span> <span class='ocrx_word' id='word_1_398' title='bbox 605 4622 702 4696; x_wconf 50' lang='lat' dir='ltr'><strong>pstild.</strong></span> <span class='ocrx_word' id='word_1_399' title='bbox 715 4625 738 4685; x_wconf 70' lang='lat'><strong>§-</strong></span> <span class='ocrx_word' id='word_1_400' title='bbox 752 4623 775 4675; x_wconf 80' lang='lat'><strong>7.</strong></span> <span class='ocrx_word' id='word_1_401' title='bbox 787 4641 814 4691; x_wconf 88' lang='lat' dir='ltr'><strong>p.</strong></span> <span class='ocrx_word' id='word_1_402' title='bbox 826 4625 885 4676; x_wconf 75' lang='lat'>264.</span> <span class='ocrx_word' id='word_1_403' title='bbox 903 4625 927 4687; x_wconf 65' lang='grc' dir='ltr'><strong>ξ.</strong></span> <span class='ocrx_word' id='word_1_404' title='bbox 940 4624 964 4677; x_wconf 82' lang='lat' dir='ltr'><strong>d.</strong></span> <span class='ocrx_word' id='word_1_405' title='bbox 1022 4623 1043 4660; x_wconf 84' lang='lat'><strong>¹⁴</strong></span> <span class='ocrx_word' id='word_1_406' title='bbox 1061 4625 1107 4694; x_wconf 87' lang='lat' dir='ltr'><strong>qui</strong></span> <span class='ocrx_word' id='word_1_407' title='bbox 1125 4632 1185 4676; x_wconf 84' lang='lat' dir='ltr'><strong>onte</strong></span> <span class='ocrx_word' id='word_1_408' title='bbox 1203 4625 1307 4691; x_wconf 86' lang='lat' dir='ltr'><strong>pernic.</strong></span> <span class='ocrx_word' id='word_1_409' title='bbox 1322 4627 1346 4676; x_wconf 82' lang='lat' dir='ltr'><strong>l.</strong></span> <span class='ocrx_word' id='word_1_410' title='bbox 1365 4625 1444 4675; x_wconf 81' lang='lat' dir='ltr'><strong>deleo.</strong></span> <span class='ocrx_word' id='word_1_411' title='bbox 1458 4629 1487 4674; x_wconf 80' lang='lat' dir='ltr'><strong>ll.</strong></span> <span class='ocrx_word' id='word_1_412' title='bbox 1542 4618 1563 4652; x_wconf 80' lang='lat'><strong>¹⁸</strong></span> <span class='ocrx_word' id='word_1_413' title='bbox 1576 4627 1618 4680; x_wconf 71' lang='grc' dir='ltr'><strong>ορ·</strong></span> 
     </span>
     <span class='ocr_line' id='line_1_42' title="bbox 350 4699 1617 4777; baseline -0.009 -15"><span class='ocrx_word' id='word_1_414' title='bbox 350 4709 524 4777; x_wconf 66' lang='lat' dir='ltr'><strong>probriumb.</strong></span> <span class='ocrx_word' id='word_1_415' title='bbox 578 4710 625 4775; x_wconf 90' lang='lat' dir='ltr'><strong>qui</strong></span> <span class='ocrx_word' id='word_1_416' title='bbox 643 4711 763 4760; x_wconf 68' lang='lat' dir='ltr'><strong>delean.</strong></span> <span class='ocrx_word' id='word_1_417' title='bbox 817 4709 839 4743; x_wconf 77' lang='lat'><strong>¹²</strong></span> <span class='ocrx_word' id='word_1_418' title='bbox 857 4725 874 4760; x_wconf 83' lang='lat' dir='ltr'><strong>a</strong></span> <span class='ocrx_word' id='word_1_419' title='bbox 892 4713 995 4761; x_wconf 70' lang='lat' dir='ltr'><strong>addit.</strong></span> <span class='ocrx_word' id='word_1_420' title='bbox 1047 4707 1068 4744; x_wconf 81' lang='lat'><strong>²¹</strong></span> <span class='ocrx_word' id='word_1_421' title='bbox 1087 4710 1198 4775; x_wconf 86' lang='lat' dir='ltr'><strong>poedore</strong></span> <span class='ocrx_word' id='word_1_422' title='bbox 1217 4713 1272 4760; x_wconf 81' lang='lat' dir='ltr'><strong>l.2.</strong></span> <span class='ocrx_word' id='word_1_423' title='bbox 1322 4707 1346 4742; x_wconf 77' lang='lat'><strong>¹¹</strong></span> <span class='ocrx_word' id='word_1_424' title='bbox 1362 4717 1444 4776; x_wconf 84' lang='lat' dir='ltr'><strong>posse</strong></span> <span class='ocrx_word' id='word_1_425' title='bbox 1458 4713 1515 4760; x_wconf 76' lang='lat' dir='ltr'><strong>erate</strong></span> <span class='ocrx_word' id='word_1_426' title='bbox 1528 4699 1617 4757; x_wconf 79' lang='lat' dir='ltr'><strong>custod</strong></span> 
     </span>
     <span class='ocr_line' id='line_1_43' title="bbox 349 4791 828 4850; baseline -0.019 0"><span class='ocrx_word' id='word_1_427' title='bbox 349 4799 410 4850; x_wconf 83' lang='lat' dir='ltr'><strong>add.</strong></span> <span class='ocrx_word' id='word_1_428' title='bbox 423 4802 453 4848; x_wconf 78' lang='lat' dir='ltr'><strong>li.</strong></span> <span class='ocrx_word' id='word_1_429' title='bbox 505 4793 527 4828; x_wconf 58' lang='grc' dir='ltr'><strong>θ’</strong></span> <span class='ocrx_word' id='word_1_430' title='bbox 545 4801 573 4847; x_wconf 88' lang='lat' dir='ltr'><strong>et</strong></span> <span class='ocrx_word' id='word_1_431' title='bbox 590 4796 712 4846; x_wconf 75' lang='lat' dir='ltr'><strong>delenit.</strong></span> <span class='ocrx_word' id='word_1_432' title='bbox 824 4791 828 4800; x_wconf 89' lang='grc'><em>“</em></span> 
     </span>
    </p>
   </div>
   <div class='ocr_carea' id='block_1_5' title="bbox 0 0 1712 5524">
    <p class='ocr_par' dir='ltr' id='par_1_5' title="bbox 0 0 1712 5524">
     <span class='ocr_line' id='line_1_44' title="bbox 0 0 1712 5524; baseline 0 0"><span class='ocrx_word' id='word_1_433' title='bbox 0 0 1712 5524; x_wconf 95' lang='lat' dir='ltr'><strong> </strong></span> 
     </span>
    </p>
   </div>
  </div>
 </body>
</html>
