3468 5512
512 437 621 477 CONTRA
634 439 728 477 vavrt
741 399 918 476 PABfllHOlllAE
932 435 1009 476 ΜΗ.
1325 409 1399 482 465

114 603 238 671 egentes
261 596 351 674 fugiat
374 603 401 656 et
432 593 603 664 abstemios,
629 595 711 674 apud
740 596 842 657 divitas
868 595 1027 674 plurimum
1059 595 1183 664 haereat,
1214 595 1399 674 crapulunra,

114 696 217 758 ebrias
241 705 270 759 et
292 697 466 768 delitiarios,
482 700 555 777 oui,
578 704 610 757 ut
631 697 709 759 idem
731 706 816 777 poeta
840 699 941 777 inquit,

375 798 489 862 Interea
513 807 614 878 gustus
636 798 778 861 elementa
801 817 856 879 per
877 802 974 860 anania
998 805 1141 878 quarunt.

115 899 219 980 ltaque
242 919 307 961 cum
330 902 438 962 affatim
460 901 604 980 producat
625 902 688 962 hac
710 909 788 962 terra
813 903 877 961 ritae
899 903 1077 970 necessaria,
1100 907 1196 961 tamen
1219 903 1300 980 quasi
1316 919 1332 961 a
1348 919 1396 962 na·
1409 919 1468 970 §.aa

91 1009 181 1062 atnra
205 1001 352 1064 derelictis
373 1003 409 1064 ad
433 1013 551 1064 externa
575 1004 760 1080 confugiunt,
784 1011 891 1074 vestes,
916 1003 1011 1075 cibos,
1034 1003 1207 1064 medicinam
1229 999 1267 1062 ab
1288 1003 1400 1064 Hercu·

114 1103 153 1162 lis
176 1099 335 1172 calumnis,
365 1124 381 1166 a
410 1103 584 1183 Taprobane
616 1104 724 1174 insula,
753 1125 769 1166 a
793 1107 892 1182 Ganga
914 1105 1001 1165 llurio
1023 1113 1073 1166 ant
1094 1123 1159 1183 quae
1181 1103 1244 1165 luca
1266 1106 1329 1165 istis
1351 1105 1401 1166 ad·

114 1205 175 1265 huc
193 1204 360 1286 longinqua
389 1208 481 1284 magis
509 1213 591 1277 sunt,
622 1214 650 1268 et
677 1227 693 1266 a
716 1206 771 1268 Nili
798 1221 891 1285 prope
918 1214 985 1268 ortu
1015 1213 1156 1286 petentes.
1200 1207 1245 1267 llil
1274 1211 1397 1270 mortuis
1407 1224 1469 1275 §.aa

113 1307 282 1370 irascantur
304 1311 354 1387 qui
376 1308 433 1370 hoc
454 1311 483 1369 in
500 1307 693 1391 *Germaniam
716 1308 825 1371 malum
848 1309 1028 1370 admiserunt
1049 1310 1152 1387 primi:
1181 1326 1245 1369 rem
1269 1309 1401 1371 lecerunt

114 1411 194 1469 anim
218 1409 366 1488 indignam
390 1412 535 1472 Germana
558 1413 712 1489 gravitate:
735 1429 802 1471 nam
825 1409 898 1470 tales
921 1410 999 1472 haud
1021 1411 1140 1470 luerunt
1161 1409 1202 1470 illi
1226 1419 1347 1482 veteres,
1370 1411 1400 1472 id

78 1510 336 1588 raqtradmecum
359 1514 513 1590 increpare
535 1512 621 1574 decet
642 1513 783 1592 optimum
806 1529 968 1590 quemque,
992 1521 1020 1574 at
1042 1514 1091 1591 qui

870 1615 1000 1694 potiores

383 1716 518 1778 Herculis
540 1735 685 1778 aerumnas
707 1718 809 1778 credat
830 1733 980 1796 saevosque
1000 1716 1117 1778 labores

383 1818 419 1878 Et
443 1817 555 1880 Venere
577 1827 606 1879 et
628 1822 718 1880 amnis
740 1828 769 1880 et
790 1819 897 1897 plumis
920 1818 1120 1896 Sardanapali.

115 1922 154 1979 ht
176 1936 195 1977 o
218 1918 347 1986 Christe.
371 1937 459 1997 quam
482 1921 620 1991 delicata,
644 1939 731 2000 quarn
753 1918 882 1981 salubria
904 1920 1038 1981 alimenta
1062 1929 1130 1981 sunt
1153 1940 1188 1982 ex
1211 1920 1327 1998 siligine
1349 1929 1467 1988 autaca.
1566 1959 1568 1964 .

80 2022 216 2081 artritica
238 2023 338 2100 panis,
369 2039 403 2082 ex
427 2021 520 2091 milio,
551 2025 629 2084 oriza
657 2025 784 2100 ptisana,
815 2027 843 2082 et
865 2039 954 2084 avena
977 2021 1081 2100 pultes.
1126 2022 1200 2084 adde
1223 2022 1336 2084 olerum
1359 2031 1402 2084 tot

113 2123 247 2208 species,
271 2124 345 2184 adde
367 2123 515 2184 hortensia
539 2125 740 2195 condimenta,
769 2125 899 2192 anisum,
919 2109 1132 2194 coriandrum,
1161 2125 1325 2203 cyminum,
1349 2123 1401 2184 loe·

114 2209 266 2294 nicti'lum;
291 2224 366 2285 adde
388 2227 495 2304 sinapi,
528 2243 662 2295 erucam,
692 2243 781 2304 cepe,
804 2243 942 2304 porrum,
971 2223 1070 2285 allium
1094 2233 1124 2284 et
1145 2226 1246 2303 quad·
1262 2228 1286 2286 si
1307 2225 1400 2286 Plinio

114 2325 324 2397 crederemus,
348 2326 526 2406 peculiarem
549 2329 578 2388 in
602 2327 794 2388 condimentis
816 2330 939 2404 gratiam
962 2326 1071 2387 habere
1095 2325 1211 2396 debuit,
1236 2328 1348 2405 apium,
1372 2334 1401 2388 et

112 2435 205 2508 potus
228 2429 289 2488 vica
313 2429 497 2498 cerevisiam
520 2430 594 2491 adda
617 2423 703 2490 etiam
725 2445 780 2508 pro
803 2427 939 2489 divitibus
960 2430 1074 2498 vinum,
1098 2429 1259 2509 simplicem
1282 2436 1310 2490 et
1332 2445 1467 2508 syn-am.
1493 2489 1499 2498 ,
1527 2413 1531 2422 ’

77 2545 234 2596 nocerem.
258 2538 290 2590 ut
311 2530 483 2609 Apollonius
505 2533 606 2601 sentit,
629 2539 717 2593 terrae
739 2533 903 2610 potionem
926 2530 1013 2610 idque
1036 2549 1124 2610 parce
1139 2529 1270 2600 bibatur,
1294 2532 1398 2592 sivein

114 2631 241 2692 Francis
262 2640 362 2694 natum
385 2634 445 2693 sive
474 2633 509 2693 ad
533 2633 627 2694 Rheni
657 2634 751 2712 ripas;
781 2633 854 2708 adde
883 2652 918 2694 ex
946 2633 1054 2693 nostris
1081 2631 1256 2694 animalibus
1284 2646 1466 2703 carnosum.

114 2733 187 2796 hinc
209 2735 360 2804 uictarum,
390 2734 458 2796 inde
481 2736 605 2805 larinas,
635 2735 794 2796 iniucunda
812 2751 1005 2813 ,nequaquam
1029 2753 1149 2813 sapore:
1178 2751 1234 2794 nec
1257 2733 1397 2795 arborum

114 2835 324 2896 contemnendi
346 2837 470 2898 fructus.
515 2835 607 2906 thiam
631 2837 711 2898 dives
733 2843 778 2898 est
798 2837 969 2905 Germania,
999 2839 1086 2916 qharu
1109 2835 1237 2896 abundat
1258 2837 1324 2896 ritae
1346 2836 1468 2899 ali-§.rc

114 2939 238 3005 mentis,
262 2955 350 3014 quam
373 2939 480 3000 allatim
503 2940 634 3016 suggerit
655 2938 833 3000 necessaria!
856 2939 953 2998 hlenm
967 2939 1057 3016 igitur
1072 2956 1219 3000 summurn
1235 2945 1331 3000 votum
1348 2948 1400 3006 est,

77 3065 105 3104 aa
117 3056 156 3099 na
180 3055 309 3117 unquam
332 3038 477 3118 podagra,
502 3057 629 3120 unquam
653 3041 757 3102 morbo
780 3040 890 3101 Gallico
906 3049 1025 3101 careant
1040 3042 1089 3118 qui
1106 3041 1208 3119 pipere
1224 3057 1326 3102 carere
1341 3058 1400 3100 non

113 3147 255 3218 possunt,
286 3147 315 3201 et
343 3133 551 3222 utaliquando
573 3143 680 3203 misere
703 3143 808 3204 tamem
833 3143 910 3206 terre
933 3149 1075 3220 cogantur
1098 3144 1147 3220 qui
1170 3159 1250 3201 nunc
1272 3143 1400 3221 undique

113 3259 176 3300 nnn
199 3240 298 3302 cibum
321 3261 379 3323 quo
402 3244 513 3326 vivant,
543 3245 594 3304 sed
623 3244 730 3322 quibus
758 3243 855 3321 gulam
884 3245 998 3304 irritent
1026 3261 1059 3302 ac
1088 3246 1249 3321 appetitum
1278 3244 1399 3304 invitent

114 3341 272 3404 illecebras
300 3352 443 3423 quarunt.
488 3352 575 3423 atque
602 3344 648 3405 his
676 3361 764 3424 quam
791 3353 890 3405 sancte
921 3344 1021 3404 invidit
1044 3343 1185 3412 Galenus,
1214 3344 1332 3423 quando
1360 3345 1468 3410 aban.

115 3547 154 3604 Se
173 3559 228 3598 nun
246 3546 316 3614 catat
335 3551 403 3601 tanat
421 3543 630 3612 ura'nurutttta
648 3541 725 3612 araim
743 3547 838 3611 [patin.
858 3561 908 3599 maa
925 3547 957 3610 itt
974 3560 1000 3598 aa
1017 3556 1060 3600 aar
1079 3546 1167 3610 [petuo
1187 3543 1219 3599 uri
1234 3555 1330 3610 catania
1349 3558 1397 3598 aaa
1408 3552 1466 3603 §.aa

78 3635 160 3688 neena
176 3631 240 3698 uitat
257 3633 313 3684 matt
331 3635 375 3696 aar
390 3621 539 3698 abbricum,
555 3633 658 3686 uerunt
677 3633 738 3698 [rim
756 3622 882 3695 artltirdpr
901 3633 943 3684 alc
959 3632 998 3683 air
1016 3631 1098 3694 antur
1115 3632 1140 3697 [a
1152 3630 1263 3694 hairtins
1274 3638 1323 3684 anu
1335 3631 1398 3694 mo-
1409 3637 1467 3688 aaa.

182 3816 373 3868 ¹deliciarioa
390 3820 463 3869 8.10.
523 3817 573 3886 id.]
592 3819 716 3869 Iuvenul.
729 3824 781 3870 sat.
796 3818 841 3868 XI.
858 3817 896 3867 14,
949 3815 1106 3866 sderelicti
1123 3819 1194 3868 8.10.
1260 3817 1281 3852 ¹⁰
1299 3833 1400 3884 quanq3

115 3907 173 3954 1.2.
189 3908 244 3953 etc.
290 3900 316 3935 '¹¹
336 3901 716 3968 luvanst.sac.x.360.eqq.
761 3901 781 3934 ¹⁴
801 3902 957 3968 siligene2.
1005 3900 1025 3932 ¹⁵
1044 3901 1119 3951 arian
1132 3904 1157 3951 2.
1177 3917 1259 3965 oryza
1272 3899 1397 3966 (7.)8.10.

114 3986 136 4020 ¹⁶
157 3989 296 4036 cuminum
316 3992 354 4037 10.
420 3986 441 4020 ¹²
460 3987 543 4037 alium
562 3991 602 4038 10.
662 3988 726 4038 Ptin.
739 3987 776 4036 H.
791 3987 823 4037 N.
837 3989 910 4038 XXI.
924 3987 949 4035 7.
962 3995 1025 4037 aect.
1041 3985 1079 4038 18.
1100 3985 1320 4048 „odoratissima
1339 4003 1398 4052 quaa

114 4075 211 4134 sicca,
231 4077 261 4121 nt
279 4077 353 4133 ruta,
374 4077 481 4132 menta,
506 4073 622 4136 apium,''
644 4073 681 4135 Cf.
696 4073 769 4121 ettad.
784 4072 856 4120 XIX.
870 4070 895 4120 8.
908 4077 971 4122 sect.
984 4069 1026 4121 53.
1096 4067 1148 4102 ¹⁹³⁰
1166 4085 1307 4134 syncerum
1327 4075 1397 4123 1...a.

114 4158 252 4206 sinceram
271 4155 396 4219 (addito.
465 4155 488 4189 ¹⁰
505 4154 675 4222 Apollonius]
695 4158 798 4207 Lucum
816 4157 918 4206 trustra
937 4154 1065 4220 quaesivi,
1085 4153 1178 4218 itaque
1197 4157 1291 4204 nascio
1308 4160 1400 4206 utrum

112 4239 277 4307 Apollonius
295 4239 441 4306 empiricus
459 4241 506 4308 qui
524 4240 609 4291 libros
632 4239 687 4292 cala
705 4234 888 4305 εὐπορίστων,
914 4241 946 4290 de
966 4237 1051 4289 facila
1070 4237 1252 4304 parabilibna,
1276 4241 1397 4306 scripsit,

115 4341 133 4376 a
152 4325 260 4376 Galeno
284 4339 358 4390 aoepe
383 4329 561 4386 memoratus,
586 4339 621 4375 un
638 4324 784 4390 Herophili
805 4324 956 4391 discipulus
979 4340 996 4375 a
1018 4323 1168 4374 Plutarcho
1190 4323 1308 4389 (quaeatt.
1328 4333 1397 4377 nata.

114 4427 140 4476 p.
153 4407 215 4460 ata.
228 4409 322 4461 Raiak.
336 4409 383 4459 1x.
396 4407 467 4472 614.)
485 4409 620 4460 laudatus.
658 4409 784 4460 Ceterum
802 4409 839 4459 cl.
858 4408 955 4460 Galen.
975 4407 1045 4473 quod
1063 4409 1147 4459 animi
1164 4420 1252 4459 morea
1271 4425 1293 4459 e.
1307 4409 1331 4460 3.
1345 4412 1363 4459 i.
1378 4412 1397 4462 l.

114 4494 148 4544 de
172 4493 267 4560 probis
288 4495 434 4559 pravisque
459 4491 613 4544 elimentur.
627 4496 718 4545 suecia
737 4509 760 4544 c.
775 4492 814 4544 ll.
884 4499 965 4544 terrae
983 4508 1080 4556 amaea,
1103 4500 1129 4543 et
1151 4509 1242 4545 uereor
1264 4510 1295 4543 ae
1317 4503 1395 4558 reete,

113 4586 142 4628 ut
158 4583 239 4629 tarrae
257 4577 332 4644 potio
343 4579 467 4643 aipaiflcet
478 4579 595 4643 patriam
608 4579 744 4643 potionem
757 4591 811 4643 qua
823 4579 946 4644 regionls
959 4577 1057 4628 incolae
1068 4582 1189 4641 utuntur,
1204 4570 1337 4646 ἐγχώριον
1348 4595 1397 4628 πο-

114 4655 172 4714 τόν.
230 4659 252 4694 ²¹
272 4662 464 4712 contemnendi
483 4667 507 4711 2.
572 4662 689 4725 tructus,
706 4671 790 4728 quam
809 4665 868 4714 edd.
931 4660 953 4694 ²⁴
971 4679 1051 4728 qnam
1071 4666 1142 4716 enim
1160 4668 1185 4716 8.
1245 4660 1268 4694 ²⁸
1286 4660 1394 4727 Galen]

115 4749 142 4796 nn
163 4747 340 4812 Hippocrate
358 4734 489 4796 iumorra.
504 4747 539 4797 11.
553 4745 595 4797 aa.
610 4747 712 4810 (nain.
726 4747 798 4797 xv1.
812 4763 838 4812 p.
852 4745 926 4814 aaa.)

177 4817 310 4884 liverani
329 4830 398 4882 Ora.
416 4847 479 4882 von.
494 4831 526 4880 V.
875 4874 880 4884 .
1134 4833 1174 4894 30
