3464 5526
606 326 624 363 0

336 405 359 476 6
485 432 608 470 aversan
626 431 657 468 ΙΙ
675 430 819 468 ΎΒΒΙΟΕΥΙ
837 429 1117 479 viennensum
1136 427 1239 466 onusto
1258 428 1277 465 1.
1295 427 1363 464 ΜΤ.
1376 426 1402 464 Α.
1417 420 1474 466 ibid·

335 589 532 652 crediderunt
569 603 627 667 qua
650 587 736 646 inre
762 598 913 663 nunquam
935 603 983 646 me
1005 583 1104 655 dolor,
1127 603 1162 646 ex
1184 601 1244 662 quo
1264 585 1360 644 omnis
1378 581 1501 663 profluit
1517 583 1621 652 oratio,

335 691 465 758 deliciata
491 687 541 750 illa
569 689 663 766 magis
691 705 756 767 qnae
784 687 820 748 ad
849 685 1062 748 ostendendum
1091 701 1159 748 eum
1185 685 1334 764 pertinent
1354 678 1621 766 desv'derahuntur,

335 789 574 873 quandoquidem
596 789 683 866 digna
707 789 753 850 his
774 787 950 850 criminibus
971 789 1066 850 oratio
1087 788 1211 850 inveniri
1231 805 1291 848 non
1313 793 1423 866 potest:
1450 785 1541 848 verba
1562 805 1623 846 non

334 897 507 972 suppetunt;
528 889 635 952 nullius
655 897 734 950 tanta
757 891 799 950 vis
819 889 960 960 oratoris,
982 907 1047 970 qum
1068 890 1119 952 rei*
1132 891 1202 950 satis
1221 889 1273 950 sit:
1304 890 1439 968 experiar
1459 895 1573 959 tamen,
1597 890 1627 950 si

335 994 392 1057 hoc
419 996 503 1078 prius
529 994 740 1072 impetravero,
770 1001 803 1052 ut
830 991 917 1070 paulo
945 991 1032 1052 altius
1052 993 1197 1071 repetenti
1219 990 1291 1053 milri
1313 993 1512 1052 narrationem
1533 991 1643 1060 henas

336 1096 495 1173 benignas,
526 1101 560 1156 ut
580 1094 687 1164 tacitis,
717 1112 804 1156 aures
826 1091 1027 1175 praebueritis:
1055 1092 1152 1154 dicam
1176 1095 1239 1174 ipse
1267 1111 1335 1156 vere
1348 1141 1356 1160 ,
1371 1085 1474 1156 ¹dicam
1500 1111 1555 1172 pro
1577 1094 1623 1154 rei

267 1209 326 1260 §.tt
336 1198 537 1278 magnitudine
558 1196 697 1258 breviter.
733 1196 865 1258 Primum
885 1197 1017 1258 omnium
1040 1195 1278 1260 arctissimaluit
1298 1194 1453 1275 aliquando
1475 1209 1550 1256 cum·
1565 1193 1623 1256 hoc

334 1300 464 1369 latrone,
492 1301 546 1380 qui
571 1299 666 1362 donec
688 1299 755 1360 vitia
777 1297 921 1368 latebant,
949 1285 1044 1359 honus
1064 1271 1206 1377 fflnceps
1228 1295 1401 1376 putabatur,
1427 1298 1474 1360 isti
1496 1296 1622 1358 Ludovi·

335 1401 391 1462 ciro
414 1402 549 1463 amicitia.
586 1403 686 1479 itaque
713 1401 744 1462 in
770 1401 885 1478 magnis
912 1418 990 1480 saepe
1017 1409 1047 1461 et
1073 1398 1246 1462 necessariis
1272 1398 1363 1460 rebus
1384 1399 1463 1460 dedit
1488 1417 1548 1460 non
1568 1396 1623 1458 oi)-

336 1513 422 1565 scura
446 1501 655 1565 benevolentias
677 1519 747 1582 erga
767 1503 916 1564 hominem
930 1519 991 1564 snae
1008 1502 1196 1570 documenta,
1219 1499 1428 1580 sparsimque,
1450 1508 1484 1562 ut
1498 1519 1551 1580 par
1566 1506 1622 1576 est,
1634 1516 1657 1556 ιο

336 1605 459 1667 invicem
479 1606 542 1684 ipse
561 1604 681 1675 eadem;
705 1622 802 1683 neque
823 1604 871 1666 iric
893 1622 953 1665 non
970 1603 1086 1666 dicebat
1099 1601 1283 1681 faciebatque
1301 1603 1413 1674 omnia,
1433 1604 1529 1665 dicam
1543 1604 1624 1665 enim

337 1712 371 1768 ut
392 1725 441 1768 res
469 1705 573 1778 hahet,
606 1723 672 1786 quae
698 1707 735 1768 ad
763 1706 898 1768 amicitiae
919 1707 1006 1769 tidem
1028 1725 1063 1768 ac
1083 1713 1214 1768 mutuam
1228 1704 1470 1778 ‚benevolentiam
1493 1705 1624 1785 pertine·

268 1815 413 1868 curent.
452 1807 558 1870 Fretvvs
580 1827 614 1870 ea
633 1809 827 1870 familiaritate
850 1827 884 1869 ao
909 1809 1017 1886 optima
1039 1825 1127 1888 quam
1149 1807 1185 1870 de
1206 1807 1265 1868 lvoc
1284 1813 1462 1886 conceperat
1484 1807 1625 1887 opinione

336 1926 440 1979 senex,
459 1928 519 1989 quo
534 1918 605 1972 tune
622 1910 694 1972 nihil
712 1910 879 1990 pulchrius,
899 1909 971 1994 nihil
985 1911 1083 1974 carius
1097 1908 1240 1979 habebat,
1259 1927 1295 1970 ex
1311 1915 1436 1989 quatuor
1451 1905 1517 1971 liliis
1530 1926 1625 1970 unum

335 2012 366 2074 in
385 2009 510 2074 aulicam
533 2012 672 2074 familiam
691 2013 761 2074 huic
781 2012 942 2082 commisit,
965 2017 999 2072 ut
1020 2030 1055 2072 eo
1073 2013 1240 2074 convictore
1256 2029 1324 2074 cum
1343 2017 1491 2080 uteretur,
1514 2016 1545 2072 et
1559 2011 1659 2090 ipsers

335 2113 545 2178 iucundissime
567 2119 668 2193 ageret
691 2115 764 2189 (erat
786 2115 879 2185 enim,
893 2145 894 2150 κ
907 2119 942 2175 ut
962 2115 1069 2185 nostis;
1095 2113 1248 2184 Germani,
1277 2113 1349 2174 nihil
1370 2115 1528 2184 amenius,
1552 2113 1626 2176 nihil

336 2216 454 2276 suavim
479 2217 592 2278 iuvenis
613 2215 756 2298 moribus)
786 2223 816 2278 et
837 2233 987 2296 nunquam
1010 2215 1119 2295 aliquid
1146 2215 1182 2278 de
1209 2234 1310 2278 amore
1331 2218 1362 2276 in
1383 2223 1513 2295 patrem,
1541 2219 1627 2277 cuius

266 2315 402 2396 ornans
423 2325 502 2380 esset
517 2319 606 2388 tilius,
627 2321 802 2382 remitteret.¹
836 2317 939 2380 Videte
955 2318 1104 2396 ingentem
1121 2318 1249 2380 hominis
1263 2317 1488 2397 benignitatem
1507 2323 1542 2379 ut
1555 2318 1628 2379 hnic

336 2420 567 2498 gratificaretur,
589 2429 722 2484 exnemo
737 2421 896 2485 senectutis
910 2439 971 2482 suas
985 2418 1199 2512 oblectamento
1214 2437 1317 2482 carere
1335 2419 1439 2488 voluit;
1464 2425 1497 2480 ut
1509 2437 1627 2482 summe

336 2520 416 2584 hunc
430 2539 529 2584 amare
545 2518 708 2594 videretur,
726 2523 869 2586 fraudavit
885 2541 919 2586 se
938 2523 1097 2586 domestica
1111 2522 1291 2591 amoenitate:
1311 2539 1378 2583 suas
1393 2520 1521 2593 delitias,
1536 2539 1659 2584 suumeo

266 2633 484 2686 §.rusummum
507 2623 641 2686 solatium
662 2625 732 2686 huic
752 2626 920 2704 impertivit.
965 2625 1078 2686 interea
1105 2643 1137 2686 se
1157 2629 1299 2713 smennue
1326 2641 1362 2684 ac
1381 2623 1495 2685 lortiter
1523 2622 1629 2687 habuit

335 2724 412 2802 apud
433 2725 513 2787 hune
535 2727 661 2788 invenis:
688 2727 862 2806 equitando,
891 2725 1062 2796 iaculando,
1088 2727 1118 2787 in
1141 2728 1220 2788 omni
1241 2727 1319 2787 serio
1340 2744 1376 2787 ac
1397 2721 1467 2787 ludo
1488 2730 1629 2789 exerceri

335 2825 566 2906 ante-equalem
589 2827 641 2890 ubl
661 2835 807 2892 certatum
827 2825 1027 2899 essetstsflossss
1040 2829 1153 2906 primus
1166 2828 1283 2895 haberi.
1307 2828 1358 2890 tabi
1373 2829 1503 2899 vicisset,
1526 2847 1642 2909 neque.

334 2928 443 2990 iactare
471 2929 535 3008 ipse
562 2947 593 2991 se
621 2943 717 3010 neque
745 2936 934 2998 contemnere
957 2925 1044 3000 alios;
1072 2931 1170 2992 vivere
1197 2947 1265 2992 curn
1287 2929 1424 2992 omnibns
1444 2932 1628 2996 coniunctis·

267 3031 423 3100 trasime,
446 3038 528 3092 extra
549 3031 701 3108 invidiam,
723 3050 790 3094 cum
810 3031 896 3094 laude
920 3049 1043 3116 summa.
1087 3033 1128 3120 Ea
1151 3033 1226 3094 lema
1248 3033 1414 3094 universam
1436 3015 1533 3094 statim
1549 3036 1660 3096 Ger-as

336 3132 463 3192 maniam
484 3132 669 3214 impleverat:
692 3151 791 3196 amare
814 3153 917 3198 omnes
939 3133 1037 3205 dium,
1059 3135 1234 3214 desyderare
1255 3131 1368 3204 videre,
1390 3133 1554 3212 adiungere
1569 3136 1629 3197 sibi

335 3234 477 3304 amicitia,
499 3233 637 3306 laudare,
660 3235 800 3298 extollere
820 3256 855 3298 ac
875 3238 987 3315 ingenti
1009 3215 1140 3299 certatim
1157 3237 1306 3316 preconio
1320 3237 1435 3298 ellerre.
1469 3254 1539 3298 nam
1554 3239 1629 3318 quid

334 3335 429 3398 dicam
442 3325 507 3415 'ego
532 3356 621 3417 quam
642 3338 800 3400 carus·hic
820 3334 921 3401 Suavis
947 3339 1050 3409 licerit,
1079 3357 1166 3419 quarn
1189 3356 1277 3400 nemo
1299 3338 1340 3400 ibi
1366 3339 1526 3418 peregrino
1554 3354 1629 3420 pro·

334 3445 400 3517 pter
420 3441 557 3502 virtutem
579 3440 732 3510 inviderit,
759 3457 847 3519 qnam
873 3458 976 3502 omnes
997 3447 1119 3518 propter
1148 3441 1321 3503 modestiam
1347 3439 1516 3502 dilexerint:
1540 3441 1630 3504 facile

333 3542 363 3601 in
385 3541 440 3602 lrac
461 3541 624 3604 calamitate
645 3552 835 3622 perspectum
856 3551 914 3612 est,
937 3541 1086 3622 quomodo
1108 3543 1202 3604 allecti
1224 3541 1364 3604 adversus
1392 3542 1535 3604 viventem
1557 3543 1662 3606 lue-so

232 3701 236 3712 .
264 3657 325 3709 tte.
337 3645 396 3705 rint
427 3643 479 3722 qui
501 3645 543 3706 sic
573 3644 674 3724 lugent
701 3651 860 3706 mortuum.
915 3645 971 3706 llic
998 3663 1084 3716 varo,
1102 3647 1172 3707 eive
1199 3646 1239 3706 ita
1265 3652 1336 3705 tunc
1361 3643 1482 3706 allectus
1503 3645 1564 3708 sive
1591 3648 1629 3709 ad

334 3751 449 3823 tempus
468 3745 610 3814 simulans
625 3765 699 3816 sese,
721 3747 895 3826 perfidiosus
917 3747 1049 3808 iuvenilis
1069 3749 1182 3811 virtutis
1198 3747 1368 3815 insidiator,
1391 3746 1527 3808 omnibus
1543 3757 1630 3812 ante·

333 3864 460 3930 ponere,
486 3854 633 3910 ostentare
656 3850 733 3930 apud
755 3855 885 3918 exteros,
908 3847 1108 3911 fidelissimum
1130 3847 1294 3930 appellare;
1309 3863 1310 3866 ’
1323 3851 1351 3910 ei
1372 3848 1557 3910 committere
1578 3869 1642 3912 ar·-

334 3965 422 4016 cana;
446 3948 711 4012 secretissimarum
734 3969 834 4012 rerum
856 3967 933 4040 saepe
955 3953 1074 4012 unicum
1096 3950 1207 4012 habere
1222 3950 1382 4022 arbitrum,
1406 3969 1473 4013 curn
1494 3969 1531 4012 eo
1553 3969 1630 4013 con·

333 4050 413 4111 terre
445 4050 573 4122 occulta,
605 4052 794 4114 consiliorum
828 4070 862 4113 ac
891 4053 1036 4124 laetorum
1069 4055 1218 4114 conscium
1252 4044 1350 4115 lacere
1373 4049 1406 4114 'et
1437 4053 1663 4134 participem,as

264 4168 324 4219 §.aa
336 4151 508 4214 familiarem
538 4172 572 4214 ac
603 4156 736 4244 ultimum
764 4153 883 4215 habere.
928 4153 980 4216 ille
1008 4161 1108 4216 eontra
1134 4156 1263 4218 intentus
1290 4173 1356 4218 esse
1381 4156 1417 4218 ad
1444 4157 1542 4217 omnia
1576 4175 1628 4218 ex·

334 4253 480 4331 equenda,
502 4255 604 4317 sedulo
626 4255 783 4318 observare
804 4274 890 4317 suum
912 4257 1094 4338 principem,
1118 4258 1247 4319 studiose
1262 4259 1384 4328 sectari,
1406 4255 1557 4336 vigilanter
1574 4275 1627 4319 cu·

334 4355 458 4426 stodire,
484 4358 560 4418 tueri
581 4357 721 4427 fideliter,
744 4357 831 4420 huius
853 4357 975 4420 salutem
1002 4377 1062 4420 suae
1084 4357 1244 4430 anteferre,
1275 4355 1458 4420 committere
1486 4377 1518 4422 se
1546 4361 1627 4439 peri·

398 4573 429 4608 δ”
448 4556 587 4628 Ludovico
600 4580 625 4628 2.
639 4577 705 4644 oblq.
718 4579 848 4645 Pingitur
859 4581 984 4655 parantis
996 4581 1157 4646 interempti
1170 4581 1283 4631 Ioannis
1294 4579 1452 4647 praeseutia.
1494 4576 1550 4612 ¹¹⁴⁸
1559 4593 1626 4646 per·

330 4661 428 4711 fiuent.
442 4667 471 4713 ll.
519 4659 539 4695 Ι·
557 4661 730 4728 gratificaret
749 4667 772 4712 2.
826 4663 846 4697 ²¹
867 4670 978 4716 strenue
992 4668 1017 4714 2.
1061 4661 1219 4731 peregrino]
1234 4664 1399 4716 notrSuevo.
1434 4661 1454 4696 ⁸¹
1473 4659 1541 4730 Hie]
1562 4665 1626 4716 an

330 4745 449 4798 Ulricus.
501 4745 522 4779 ‘⁸
541 4743 587 4815 ao]
608 4752 636 4798 et
653 4751 682 4798 11.
718 4745 757 4816 at]
778 4764 811 4799 eo
829 4754 857 4800 tl.
911 4747 974 4816 Ille]
994 4751 1052 4800 Ioe.
1072 4751 1219 4800 Hnttenus.
1272 4747 1404 4814 ⁸⁸l1uins]
1424 4749 1530 4799 cincti.
1613 4755 1616 4760 “
