3410 5524
235 425 242 443 '
334 409 382 482 90
460 440 583 476 uvrrrru
602 440 630 476 ιιι
649 439 742 476 arcera
761 439 1037 477 uvarsnrsaoarvsau
1055 441 1157 478 enarro
1177 441 1203 478 v.
1222 429 1493 494 u.uer.(t)a.ts1v.

262 584 265 595 ’
333 595 417 668 facilc
438 597 566 676 patimur
588 597 720 666 interim,
751 601 784 656 nt
805 603 873 658 sunt
894 603 1042 675 tempora,
1076 599 1108 658 ln
1136 613 1193 674 nos
1218 599 1290 668 dici,
1319 599 1398 678 quod
1417 598 1491 670 balli
1513 600 1617 662 virtute

333 700 552 764 coercuerimus
573 715 661 778 quem
683 696 781 777 legum
802 698 927 760 vinculis
949 701 1110 778 constringi
1131 703 1278 780 oportuit,
1302 699 1384 786 quod
1396 717 1550 766 armorum
1557 702 1616 762 im·

332 807 403 880 petu
424 807 589 878 prostratus
610 801 647 862 sit
668 801 725 879 qui.
741 799 916 861 iudiciorum
938 799 1059 863 fulmine
1081 801 1167 862 deiici
1189 801 1304 871 debuit:
1327 803 1456 882 satbque
1478 821 1616 881 magnvrm

332 903 511 983 adsequutos
532 919 590 962 nos
609 904 762 980 praemium
786 901 931 973 arbitror,
953 901 1033 982 qnod
1055 921 1071 964 a
1094 903 1205 981 iugulis
1226 906 1335 966 nostris
1356 903 1420 964 illos
1435 906 1486 966 diu
1502 906 1560 966 iam
1575 905 1616 966 in·

333 1011 428 1070 lentos
450 1003 755 1084 reieclmus-gladios,
778 1003 861 1068 ibrum
883 1005 914 1064 in
935 1001 1030 1065 bonos
1051 1005 1128 1066 viros
1150 1005 1312 1067 districtum
1341 1022 1515 1068 mucronem
1538 1013 1633 1067 retu-⁵

332 1107 444 1177 durus,
467 1107 546 1185 quod
569 1105 647 1168 illam
670 1103 761 1168 multo
784 1115 851 1167 ante
873 1113 1031 1186 concepto,
1051 1107 1141 1185 'quod
1167 1109 1198 1170 in
1221 1109 1386 1172 Germaniae
1407 1109 1527 1170 exitium
1551 1126 1615 1173 evo·

332 1216 440 1278 meret,
463 1222 579 1270 veneno
600 1216 740 1270 armatam
763 1215 876 1288 pestem
899 1209 922 1268 si
945 1215 1005 1270 non
1027 1209 1223 1281 confecimus,
1247 1209 1352 1290 (neque
1371 1210 1449 1272 enun
1465 1227 1541 1288 opus
1556 1217 1617 1272 erat

332 1301 423 1376 se'tuel
445 1310 591 1372 conficere
612 1329 700 1390 quem
722 1313 828 1372 misere
851 1310 901 1388 diu
924 1313 1021 1372 vivere
1043 1313 1134 1372 satius
1154 1314 1208 1390 est)
1225 1313 1249 1372 si
1269 1329 1329 1374 non
1352 1305 1551 1380 confecimus,
1574 1313 1614 1372 in·

333 1429 435 1492 quam,
459 1419 540 1476 certe
562 1414 789 1482 exarmavimus,
813 1415 900 1491 vique
922 1430 958 1474 ac
979 1411 1090 1474 riribvis
1112 1413 1173 1472 suis
1194 1413 1331 1476 omnibus
1352 1413 1512 1483 nudatam,
1535 1431 1614 1476 nran-

265 1515 398 1577 l·²³·caru
421 1519 450 1576 ct
470 1513 637 1578 destitutam
660 1514 738 1576 iuras
759 1515 942 1594 propulimus
965 1521 994 1576 et
1016 1513 1252 1584 exturbarimus;
1275 1509 1340 1596 quas
1363 1515 1459 1576 donec
1480 1516 1510 1576 in
1523 1531 1643 1594 regnora

334 1616 401 1686 luit,
423 1633 484 1676 non
506 1599 591 1677 aliter
613 1617 764 1686 sollicitem
787 1616 889 1678 babuit
910 1617 1097 1688 Germaniam
1119 1633 1208 1696 quam
1230 1617 1347 1677 in'sinu
1369 1634 1424 1676 suo
1445 1623 1615 1678 venenatam

333 1723 515 1796 serpentem,
540 1716 722 1796 pestilentem
744 1721 893 1798 scorpium
914 1720 939 1778 si
954 1721 1019 1798 quis
1034 1725 1147 1780 teneare
1170 1717 1219 1780 ille
1234 1719 1344 1782 eiectus
1359 1727 1404 1780 ost
1418 1719 1522 1796 igitur,
1546 1719 1614 1781 uer·

334 1821 427 1889 mani,
456 1815 504 1881 ille
526 1819 637 1886 fractus
659 1827 688 1881 et
709 1801 866 1890 contusus,
889 1823 938 1900 qui
961 1821 1112 1881 interitum
1133 1819 1232 1881 multis
1262 1819 1475 1889 meditabatur,
1507 1819 1614 1882 &dem

274 1947 282 1958 ·
334 1921 509 1991 intentabat,
538 1922 698 1999 perniciem
725 1921 910 1992 minabatur:
938 1925 988 2001 qni
1016 1939 1070 1982 nos
1098 1929 1227 2000 segetem
1256 1920 1403 1982 latrocinii
1432 1922 1614 2002 colocando

334 2023 452 2104 quando
475 2030 552 2086 esset
572 2025 688 2084 occasio
711 2029 823 2086 metere
845 2022 983 2104 parabat;
1012 2025 1096 2085 cuites
1123 2023 1171 2085 illa
1200 2022 1349 2094 horribilis
1377 2031 1407 2084 et
1428 2023 1516 2104 plena
1538 2031 1644 2084 atro-vs

265 2126 429 2188 bit-citatis
450 2143 507 2187 vox
527 2124 626 2186 audita
649 2131 707 2194 est,
732 2143 835 2188 omncs
856 2125 1000 2214 lluttenos
1022 2127 1047 2186 si
1073 2125 1181 2186 babeat
1207 2125 1447 2194 interfecturum
1476 2127 1507 2186 in
1535 2126 1616 2186 cuius

333 2225 469 2288 cubiculo
492 2225 690 2290 memorabilis
713 2227 761 2288 ille
783 2227 929 2290 rationum
952 2229 1088 2288 inventus
1111 2234 1154 2288 est
1177 2226 1252 2289 liber
1274 2229 1324 2306 quvi
1340 2213 1575 2306 proscriptorum
1590 2235 1616 2288 et

333 2348 435 2392 eorum
458 2347 532 2408 quos
554 2329 717 2391 furorirille
739 2347 793 2390 suo
815 2329 1024 2397 destinaverat,
1048 2331 1167 2388 nomina
1189 2329 1375 2400 continebat,
1404 2331 1547 2394 comitum
1569 2327 1616 2388 ali·

334 2437 420 2510 quot,
450 2432 581 2510 equitum
605 2431 671 2510 plus
693 2431 906 2499 ducentorum,
935 2437 1042 2492 nostre
1071 2427 1187 2493 familie
1214 2433 1264 2510 qui
1291 2449 1373 2492 arma
1396 2431 1474 2493 ferre
1495 2437 1616 2510 possent

266 2515 481 2602 §.munaum
503 2533 718 2612 aequemur
744 2534 857 2612 primos
878 2533 984 2611 patris;
1016 2530 1065 2594 ille
1087 2531 1262 2611 prolligatus
1282 2541 1343 2602 est,
1372 2535 1506 2611 ingeram,
1536 2533 1644 2594 cuiusce

332 2637 428 2696 omnis
448 2633 479 2696 iu
501 2635 558 2696 boc
581 2623 640 2698 uno
663 2634 816 2696 constabat
836 2634 994 2702 industria,
1023 2640 1057 2704 nt,
1082 2635 1251 2695 universam
1279 2633 1465 2699 Germaniam
1494 2642 1614 2698 conwn-

332 2736 477 2806 tionibus,
506 2736 659 2798 discordiis
679 2742 718 2798 ‘et
744 2735 934 2798 seditionibus
956 2735 1109 2814 impleret,
1137 2743 1171 2798 ut
1196 2738 1349 2815 occupatis
1374 2736 1512 2822 intestino
1540 2734 1616 2796 bello

333 2837 605 2900 circum-omuibus
626 2839 688 2916 ipae
710 2845 772 2900 tuto
795 2839 890 2908 oaede,
913 2839 1015 2918 rapina
1039 2843 1068 2898 ct
1089 2837 1241 2899 latrocinio
1264 2855 1351 2918 quam
1374 2837 1514 2898 latissime
1535 2853 1616 2914 gras·

334 2945 466 3008 sanetum
489 2940 539 3017 qui
561 2956 630 2999 suos
652 2941 744 3000 ternis
767 2939 922 3018 quotannis
944 2937 1144 3004 exactionibus
1165 2939 1333 3010 divexabat,
1364 2941 1442 3001 cives
1464 2937 1615 3018 depecula-

334 3039 437 3111 batur,
460 3039 619 3120 populares
642 3040 832 3120 compilabat,
856 3043 905 3120 qui
928 3041 1038 3102 cadem
1061 3049 1091 3100 et
1112 3042 1245 3120 rapinam
1267 3040 1375 3110 vultu„¹
1385 3040 1501 3119 lingua,
1530 3057 1644 3102 manus
1695 3031 1696 3104 l

264 3149 500 3222 §.enpromptam
522 3141 639 3210 babuit;
663 3144 712 3222 qui
735 3142 944 3206 nobilissimam
967 3159 1002 3204 ac
1024 3141 1258 3228 honestissimam
1279 3142 1428 3204 immittam
1450 3159 1533 3206 suam
1548 3159 1615 3204 ccc·

333 3245 430 3321 iugem
451 3244 555 3305 monis
577 3249 656 3308 metu
678 3243 766 3306 dumo
789 3246 900 3321 exegit,
923 3246 1153 3324 impurissimam
1175 3243 1336 3313 moecbam,
1359 3246 1444 3306 cuius
1459 3243 1499 3304 ob
1512 3244 1542 3305 id
1558 3261 1615 3320 vpa-

332 3347 420 3414 ritum
442 3352 509 3408 ante
531 3345 693 3415 occiderat,
723 3353 851 3424 quatuor
873 3349 951 3408 iuxta
975 3364 1067 3438 annos
1089 3347 1118 3406 in
1141 3363 1195 3407 suo
1218 3344 1370 3414 cubiculo,
1402 3347 1433 3406 in
1460 3344 1511 3408 illo
1532 3345 1615 3405 viduo

332 3447 419 3510 thoro
441 3447 511 3508 fovit
532 3455 562 3508 et
583 3447 754 3527 complexus
775 3455 834 3515 est:
858 3449 908 3527 qui
930 3467 1012 3510 suam
1035 3447 1157 3510 domum
1179 3446 1325 3526 probitate
1348 3463 1416 3508 cum
1439 3454 1613 3514 evacuasset

333 3548 493 3612 sceleribus
515 3547 697 3628 adimplevit:
726 3567 794 3612 nam
817 3551 937 3627 quicum
957 3550 1012 3613 fuit
1033 3549 1073 3610 illi
1096 3567 1153 3628 pax
1175 3557 1204 3610 et
1230 3548 1412 3612 consuetudo
1441 3565 1530 3628 quam
1551 3565 1644 3608 eumn

332 3653 422 3714 merie
444 3651 593 3720 veneficis,
616 3649 795 3722 latronibus,
818 3653 948 3721 sicariis,
971 3652 1140 3730 parricidis,
1162 3649 1318 3719 adulteris,
1348 3649 1471 3728 perditis
1493 3650 1615 3728 denique

264 3752 487 3822 §.maronibus
510 3759 598 3831 atque
619 3752 676 3814 illis
697 3753 771 3814 adeo
793 3751 956 3814 tortoribus
978 3759 1008 3814 et
1030 3753 1236 3816 carnificibus?
1264 3753 1319 3820 uisi
1348 3751 1405 3812 boc
1433 3752 1504 3830 fingi
1533 3769 1549 3812 a
1569 3769 1615 3810 me

333 3861 416 3934 putat
436 3854 555 3932 aliquis,
580 3861 609 3916 et
631 3855 738 3916 audivit
759 3855 876 3916 iuterim
899 3872 966 3915 eum
989 3856 1040 3934 qui
1055 3853 1178 3934 probam
1195 3854 1349 3916 mulierem
1364 3871 1449 3914 suam
1465 3855 1615 3930 coniugem

331 3957 390 4018 iam
422 3963 485 4018 tum
514 3955 663 4034 gravidam
691 3973 749 4022 una
779 3975 846 4018 cum
874 3957 1047 4036 pedissequa
1072 3947 1194 4034 gravida
1224 3963 1253 4018 et
1280 3953 1390 4016 famulo
1424 3973 1485 4016 ano
1518 3953 1614 4016 eadem

398 4243 409 4278 ⁸
428 4243 512 4296 deiici
530 4247 555 4295 1.
574 4245 672 4312 proiici
689 4259 758 4296 eurr.
772 4251 803 4296 Π.
855 4242 887 4276 ⁵⁴⁵
905 4245 1057 4318 retradidius
1075 4246 1100 4294 1.
1118 4244 1267 4312 repulimus
1279 4260 1348 4312 corr.
1362 4249 1392 4295 a.
1445 4243 1457 4275 ⁸
1476 4242 1613 4310 quadrata

333 4327 411 4383 illam
428 4331 497 4380 ornis.
512 4333 536 4380 1.
555 4329 615 4382 cdd.
630 4337 658 4378 Η.
711 4331 813 4380 ⁷enim
831 4331 860 4380 in
878 4335 985 4382 tanturn
1003 4332 1027 4379 1.
1046 4330 1094 4380 sed
1110 4330 1165 4380 duee
1184 4332 1232 4380 daco
1251 4330 1329 4380 cerba
1347 4332 1471 4382 deleuit.
1534 4325 1553 4359 ¹⁸
1570 4325 1612 4375 Cf.

333 4415 415 4477 Hepd
431 4414 453 4463 Ι.
473 4429 498 4478 p.
514 4413 573 4464 553.
631 4413 651 4446 ¹⁹
670 4419 771 4465 nostrae
790 4407 818 4482 (ij
837 4417 860 4464 1.
878 4406 904 4477 ‘li
922 4415 1043 4464 delean.
1102 4413 1125 4446 ὓ
1144 4411 1220 4476 Quo'd
1237 4415 1357 4466 senioris
1376 4412 1485 4465 Ulrlcbi
1503 4411 1614 4462 Hutteni

334 4513 433 4548 nomen
451 4499 524 4555 inter
541 4499 642 4563 primos
658 4500 840 4565 proscriptum
863 4499 949 4550 fuisso
967 4500 1099 4562 refertur,
1119 4515 1173 4550 non
1191 4499 1244 4550 nisi
1257 4497 1297 4549 'ex
1315 4500 1390 4550 senis
1408 4503 1493 4549 aetate
1506 4511 1555 4562 que
1568 4511 1612 4544 ee-

333 4589 408 4636 teros
427 4582 547 4648 gentiles
564 4589 719 4649 superaret,
740 4584 946 4650 explicaverim.
1015 4582 1038 4618 ²⁴
1056 4581 1232 4651 depeculeb.]
1259 4585 1298 4646 Cf.
1313 4585 1394 4654 diepa!
1409 4585 1447 4634 11.
1467 4599 1492 4648 p.
1507 4580 1543 4632 td.
1555 4595 1614 4644 sqq.

333 4665 432 4734 uque]
452 4667 524 4730 Quid
542 4673 566 4720 f.
584 4670 654 4734 praed
669 4672 781 4720 mendum
799 4675 852 4734 ipse
870 4674 900 4718 H.
917 4673 1027 4720 suatalit.
1096 4667 1119 4702 ⁸⁰
1136 4669 1255 4732 Quicum
1308 4685 1362 4734 pax
1381 4669 1454 4720 anim
1467 4672 1491 4718 f.
1507 4667 1574 4718 Nam

335 4769 389 4822 pax
407 4769 475 4804 ecrr.
488 4759 518 4803 11.
570 4751 592 4786 ³⁸
610 4750 683 4822 eum]
703 4753 924 4806 lleiachachium.
945 4755 984 4818 Os.
997 4771 1098 4805 ecrmea
1116 4753 1168 4805 vol.
1182 4755 1204 4805 1.
1221 4770 1248 4820 p.
1261 4755 1321 4806 stt.
1333 4756 1360 4816 ξι
1372 4753 1411 4804 lt.
1431 4769 1458 4820 p.
1471 4749 1527 4804 258.
1540 4765 1579 4814 aq·
