3434 5512
342 382 418 460 260
453 413 589 452 neutuna
603 413 774 450 aanunount
788 413 891 449 onnrto
903 413 939 448 D!
952 411 1140 452 BXPBDI'HOM!
1153 412 1263 449 coram
1274 411 1382 448 ἸιἸΟΔῢ
1396 409 1581 448 finemund-

274 573 440 636 §.saturosl
462 573 536 630 hddo
559 572 709 628 animorum
731 579 883 628 vestrorum
906 569 1116 644 magnitudinem
1138 579 1166 626 et
1188 569 1240 628 iam
1262 571 1404 628 llorentern
1426 571 1454 626 in
1475 569 1549 626 robis
1569 571 1615 626 vir·

342 667 440 723 tutem:
464 658 532 714 addo
554 657 692 713 ardentem
714 657 742 712 iu
764 655 869 730 magnis
890 655 1035 729 arduisque
1057 654 1139 712 rebus
1159 654 1332 728 perficiundis
1352 655 1539 730 cupiditatem,
1561 673 1615 728 qun

340 743 449 818 quidem
471 744 499 798 in
522 743 573 798 ista
595 749 682 798 vestra
705 741 896 796 florentissima
925 747 1018 804 etate,
1046 757 1108 814 quoe
1136 739 1282 800 illustrium
1312 740 1446 797 lactoruin
1475 739 1615 796 adoetanir

339 845 400 885 esse
422 823 506 890 solet,
528 834 655 900 unquam
676 826 704 882 in
726 825 866 900 speculum
889 825 1057 882 intuentihus
1072 833 1318 900 representantur:
1341 824 1409 882 addo
1424 823 1540 898 denique
1554 824 1616 880 loli·

338 901 447 970 citatem
475 929 566 968 rerum
589 911 779 974 humanarum,
809 923 887 985 quam
915 927 976 966 cum
1003 909 1103 966 virtute
1131 919 1190 967 turn
1218 911 1327 966 lortuna
1357 917 1462 984 partam
1494 911 1553 984 quis
1574 917 1632 964 anta

340 997 467 1054 diuinitus
489 1005 536 1052 aut
557 997 613 1052 lato
636 1012 687 1070 pro
708 994 852 1056 Christiani
873 995 990 1052 nominis
1012 993 1138 1052 libertate
1160 995 1186 1050 in
1208 994 1285 1050 robis
1307 993 1467 1052 eubecaram
1489 1011 1548 1050 esse
1565 1011 1615 1048 non

272 1081 507 1148 §.aaarhitretur‘l
529 1081 558 1137 ln
581 1097 613 1136 ec
637 1087 725 1136 tamen
748 1077 919 1153 potissimum
941 1087 1030 1136 vestra
1058 1080 1151 1136 lutura
1178 1079 1267 1152 gloria
1295 1097 1326 1136 ac
1352 1095 1452 1136 nomen
1473 1078 1616 1135 immortale

337 1167 458 1240 positum
478 1167 600 1228 videtur,
624 1164 696 1237 quod
719 1163 901 1237 singularibus
923 1173 951 1220 et
972 1164 1068 1221 divinis
1090 1164 1237 1221 virtutihus
1259 1164 1356 1220 vestris
1378 1181 1409 1220 ac
1430 1153 1548 1220 inmunis
1568 1163 1616 1220 da*

338 1268 440 1313 sarem,
463 1252 582 1307 omnium
605 1248 760 1305 mortalium
781 1249 1021 1324 prudentissimum
1043 1267 1074 1306 ac
1096 1247 1289 1310 lentissimum,
1313 1242 1494 1306 mnivolenrsa
1517 1257 1544 1303 et
1558 1263 1615 1322 pro-

261 1357 267 1364 ·
337 1336 489 1430 pinquitate
504 1334 684 1392 ¹coniunctum
706 1349 767 1390 esse
788 1333 937 1396 cernimus,
961 1343 989 1390 ct
1011 1335 1048 1390 ita
1069 1334 1258 1396 coniunctum,
1282 1341 1326 1398 ut,
1349 1333 1400 1390 nisi
1423 1334 1461 1389 dii
1476 1341 1557 1406 atque
1571 1333 1642 1388 hob

339 1421 425 1476 mines
447 1419 527 1476 aliter
548 1426 683 1482 statuant,
707 1417 739 1476 ad
761 1417 904 1474 Christiani
928 1419 1045 1476 nominis
1071 1426 1260 1492 angmentum.
1291 1419 1323 1475 ad
1351 1435 1499 1492 perennem
1527 1417 1615 1474 lamam

254 1524 329 1574 ·§..no
340 1504 406 1561 nihil
422 1512 468 1561 ant
484 1504 647 1580 praesentius
662 1511 708 1560 aut
722 1503 887 1576 auspicatius
903 1504 1029 1560 accedere
1044 1504 1174 1597 potuerit.
1211 1521 1291 1577 qnam
1306 1502 1353 1559 oh·
1357 1519 1415 1560 rem
1432 1502 1521 1558 danda
1540 1518 1614 1595 opera

320 1598 391 1653 ·,est
414 1589 533 1647 utillud
557 1589 654 1644 iterum
677 1595 810 1662 repetam.
833 1604 867 1644 ne
890 1588 963 1662 quod
984 1605 1045 1646 curn
1068 1588 1179 1646 maxima
1203 1597 1291 1644 vestra
1312 1588 1391 1645 laude
1411 1605 1443 1646 ac
1457 1589 1550 1660 potius
1565 1587 1615 1660 pie·

338 1682 393 1730 tate
415 1689 479 1750 erga
502 1673 679 1730 Christianam
701 1690 757 1729 rem
780 1671 915 1746 publicam
941 1673 1148 1735 construxistis,
1177 1671 1244 1728 illud
1271 1689 1332 1730 cum
1360 1673 1473 1731 maxima
1503 1680 1567 1728 nota
1590 1679 1614 1726 et

337 1758 500 1815 detrimento
522 1758 692 1814 nraiestntum
713 1765 924 1814 restrarnm=ac
950 1759 1031 1815 etiam
1059 1775 1127 1816 verae
1155 1757 1304 1833 impietatis
1325 1759 1424 1816 indicio
1454 1757 1640 1813 destructone

337 1860 398 1899 nam
419 1851 451 1900 ut
472 1843 499 1900 in
521 1859 586 1919 pace
609 1843 728 1900 omnium
750 1859 842 1899 rerum
863 1843 1031 1900 commodum
1056 1843 1161 1916 imperii
1183 1860 1214 1898 ac
1228 1842 1372 1899 Christiani
1394 1843 1514 1902 nominis
1537 1841 1613 1898 inue-

336 1935 471 1990 mentum,
494 1935 525 1984 ut
546 1935 634 1984 rostra
657 1927 725 1984 lama
748 1945 778 1984 ac
799 1925 888 2006 gloria
910 1928 996 1987 maior
1019 1935 1047 1984 et
1069 1928 1135 1984 oriri
1157 1936 1186 1983 et
1207 1927 1300 2000 augeri
1322 1934 1428 2002 potest,
1458 1927 1499 1982 sic
1520 1925 1614 1982 discor·

335 2012 379 2068 dia
401 2011 586 2078 achellorum
609 2010 781 2086 tempestate,
807 2020 838 2068 nt
860 2012 984 2086 superins
1007 2030 1021 2068 a
1044 2029 1086 2070 me
1107 2013 1273 2086 disputatum
1301 2019 1357 2074 est,
1385 2010 1476 2067 omnia
1506 2011 1613 2066 allerun·

337 2104 382 2153 lur
404 2097 586 2160 incommoda,
609 2097 804 2154 erlrauriuntur
827 2113 975 2170 regnorum
995 2097 1080 2159 vires,
1103 2113 1153 2154 nec
1167 2097 1226 2154 sine
1243 2105 1297 2153 tum
1314 2096 1430 2152 nominis
1446 2101 1505 2151 tum
1520 2095 1614 2168 magni·

335 2182 438 2238 tudinis
459 2189 555 2239 rostrae
576 2183 678 2240 iactura
690 2183 731 2239 'ac
753 2181 849 2237 invidia
872 2189 899 2238 ol
914 2181 1053 2238 hominurn
1068 2189 1096 2237 et
1110 2181 1222 2238 deorum
1243 2180 1434 2240 immortalium
1449 2179 1640 2236 Christianusn

268 2268 449 2340 gnosauguis
471 2267 627 2324 effunditur.
671 2265 748 2334 Quod
770 2274 860 2323 autern
881 2266 914 2323 de
936 2267 1133 2342 potentissimis
1155 2266 1266 2339 regibus
1288 2283 1302 2322 a
1324 2283 1367 2325 me
1388 2266 1491 2322 dictum
1514 2273 1613 2326 estne

334 2349 443 2425 longius
466 2369 526 2408 cum
548 2352 705 2410 absentibus
727 2351 841 2426 loquar,
864 2351 933 2408 idem
955 2349 1087 2407 devehis
1114 2351 1220 2414 sentio,
1247 2350 1438 2408 animosissimi
1466 2349 1613 2423 principes:

336 2444 443 2510 tempus
466 2437 537 2494 enim
560 2438 636 2494 adest
656 2444 697 2498 el,
720 2444 752 2494 ut
773 2435 959 2498 intellexistis,
982 2437 1143 2500 necessitas,
1165 2434 1355 2510 utaliquando
1370 2442 1398 2491 et
1413 2434 1613 2509 vosresipisca·

334 2520 369 2576 tis
403 2521 616 2596 existimetisque
650 2519 727 2578 nullo
761 2537 877 2595 unquam
907 2529 1029 2595 ternpore
1058 2519 1138 2578 talem
1166 2520 1243 2577 vohis
1260 2521 1303 2576 ad
1330 2517 1489 2576 admirabile
1518 2517 1612 2592 aliquid

333 2606 466 2679 agendum
489 2607 656 2662 occasionem
679 2605 840 2679 contigisse:
868 2605 956 2661 omnia
986 2605 1062 2662 robis
1084 2605 1270 2662 adiuvantibus
1298 2621 1330 2662 ex
1357 2604 1463 2663 Goesare
1491 2603 1638 2678 pendente

335 2690 424 2746 cannia
446 2692 473 2746 in
496 2691 557 2764 ipso
580 2700 707 2765 tanquam
727 2691 755 2746 in
771 2697 898 2752 summo,
920 2691 1133 2763 prudentissimo
1155 2707 1186 2747 ac
1207 2689 1359 2746 fortissimo
1381 2690 1547 2763 imperatore
1567 2688 1613 2743 sita

334 2772 520 2848 collocataque
542 2783 620 2831 sunt:
643 2776 715 2832 hunc
737 2792 804 2848 ergo
827 2774 967 2848 respicite,
990 2775 1063 2834 hunc
1084 2775 1243 2850 sequimini,
1265 2775 1337 2832 hunc
1360 2773 1519 2836 observate,
1548 2773 1612 2828 hunc

265 2857 432 2925 §.crcolitez
454 2867 595 2916 commune
617 2858 732 2921 honum,
754 2859 882 2933 pietatem
905 2868 947 2922 et,
971 2866 1001 2916 ut
1016 2859 1114 2934 saepius
1128 2859 1229 2922 dicam.
1252 2859 1437 2920 concordiam.
1460 2857 1507 2916 cui
1523 2857 1611 2915 seiam

334 2950 421 3000 totum
444 2943 556 3007 obtulit,
580 2943 784 3018 amplectimini,
814 2961 892 3018 (ιιιιιιι
921 2945 1086 3018 quidemin
1112 2945 1243 3020 augendis
1272 2944 1365 3018 regnis
1392 2951 1500 2999 tantum
1523 2943 1611 2998 virium

332 3027 460 3084 habuisse
482 3029 586 3102 antiqui
608 3028 731 3085 arbitrati
753 3037 830 3093 sunt,
853 3037 885 3086 ut
906 3046 963 3086 earn
987 3029 1072 3102 ipsam
1095 3029 1212 3086 numinis
1234 3028 1295 3085 loen
1322 3027 1557 3085 consecraverint:
1583 3037 1637 3081 eas

332 3112 466 3185 siquidem
487 3113 566 3176 lacit,
589 3120 697 3170 utnon
718 3115 837 3188 propriae
851 3113 955 3186 -gloriae
976 3114 1066 3187 cupidi
1088 3114 1185 3176 simus,
1208 3114 1256 3171 sed
1277 3129 1447 3170 communem
1470 3105 1611 3168 utilitatem

333 3196 541 3270 amplectamur;
563 3198 615 3254 hoc
637 3207 668 3254 ut
689 3215 703 3253 a
726 3213 808 3272 parvo
830 3198 909 3255 initio
932 3197 1096 3272 amplissima
1118 3199 1231 3272 imperia
1253 3213 1353 3272 augere
1368 3201 1474 3271 potest,
1498 3199 1536 3252 ita
1550 3193 1609 3251 illud

264 3295 404 3356 §.onsaepe
425 3282 552 3338 maximas
574 3281 742 3356 respublicas
767 3283 800 3338 ad
827 3283 1012 3343 tenuissimam
1040 3284 1178 3340 lortunaru
1207 3281 1344 3356 redegisse
1372 3280 1505 3356 legimus:
1538 3279 1611 3336 (lalli-

330 3367 458 3430 crutides,
482 3367 744 3426 lacedemoniorum
765 3367 831 3430 dux,
853 3366 1084 3441 Peloponnesiaco
1107 3367 1192 3432 hello,
1215 3385 1276 3425 eum
1298 3365 1383 3427 multa
1405 3367 1519 3424 lecisset
1538 3380 1609 3440 egre-
1668 3384 1672 3392 ·

330 3453 388 3524 gie.
412 3452 493 3509 vertit
514 3452 547 3508 ad
569 3460 717 3511 extremum
740 3451 843 3514 omnia,
865 3469 927 3510 cum
948 3461 1062 3528 propter
1083 3465 1159 3510 nram
1181 3453 1274 3528 ipsius
1289 3450 1404 3526 gloriam
1425 3451 1543 3509 consilio
1558 3459 1633 3505 nostr

328 3537 420 3611 paruit
440 3551 534 3594 eorum
558 3535 604 3612 qui
625 3536 738 3594 classem
760 3535 793 3592 ab
820 3537 979 3611 Arginussis
1009 3537 1208 3598 removendam,
1238 3555 1288 3594 nec
1315 3553 1375 3594 cum
1403 3535 1608 3592 Atheniensibus
1636 3557 1638 3562 v

330 3621 503 3695 pugnandum
526 3621 670 3696 putabant:
698 3621 888 3679 Cleombrotus
916 3623 1014 3680 timens
1040 3622 1164 3679 insidiam
1192 3630 1286 3679 contra
1315 3621 1526 3696 Epaminundam
1553 3633 1608 3676 cum

262 3713 432 3770 §.redemere
453 3706 636 3773 conllixisset,
658 3707 854 3782 Spartanorum
875 3707 940 3764 item
962 3722 1028 3782 opes
1049 3706 1220 3768 canuerunt.
1269 3707 1406 3764 Praeterea
1426 3704 1496 3762 nihil
1518 3706 1547 3762 in
1560 3703 1608 3758 sita

330 3790 484 3848 mortalium
505 3791 592 3865 magis
613 3790 763 3850 damnabile
791 3809 870 3866 quam
896 3809 957 3848 cum
985 3791 1071 3856 aliena
1098 3791 1265 3850 incommoda
1292 3789 1499 3850 conniventibus
1527 3787 1607 3846 ocus

329 3884 490 3950 spectamus,
534 3876 608 3940 Scio,
630 3877 695 3933 dum
716 3894 767 3932 nos
788 3877 932 3934 internos
953 3877 1047 3934 hostes
1069 3893 1175 3939 sumus,
1207 3877 1271 3934 dum
1290 3876 1349 3932 'nisi
1377 3882 1479 3935 mutum
1499 3871 1634 3930 interni-⁸⁰

329 3959 415 4016 cionis
437 3963 556 4018 fomenta
577 3959 686 4024 alimus.
709 3962 829 4018 Phurcas
850 3961 1014 4032 Pannoniam
1037 3971 1228 4036 superaturos:
1255 3960 1313 4018 scin
1340 3967 1369 4016 et
1395 3977 1460 4023 ros,
1489 3967 1521 4016 ut
1541 3973 1607 4015 nunc

329 4046 434 4116 agitur.
457 4054 504 4102 ant
525 4063 620 4122 parum
642 4045 689 4103 aut
710 4046 778 4102 nihil
799 4055 957 4102 curaturos:
987 4055 1117 4103 ceterum
1145 4046 1243 4102 scitote
1263 4044 1428 4110 Pannoniam
1451 4043 1527 4102 vohis
1548 4059 1607 4117 pro·

328 4129 456 4202 pinquam
477 4147 552 4187 esse:
588 4131 644 4188 seio
666 4130 768 4188 ltaliam
791 4130 842 4186 suh
864 4131 1030 4186 Thurcarnrn
1052 4131 1146 4205 iugum
1174 4131 1289 4196 ituram;
1322 4130 1370 4188 sed
1400 4129 1464 4203 quid
1492 4129 1526 4186 ab
1554 4129 1606 4200 ipsa

328 4212 380 4267 nisi
402 4212 483 4288 Alpes
506 4214 673 4273 Germaniam
695 4223 811 4272 vernam
832 4215 970 4273 dividunt?
999 4216 1103 4274 Taurus
1125 4225 1228 4278 nmen,
1260 4215 1331 4272 Asia
1353 4231 1433 4271 mons
1454 4212 1605 4270 altissimus

329 4377 530 4389 ——-

361 4476 492 4531 ‘iclicz
528 4480 685 4531 lessevid.
699 4481 723 4530 8.
758 4477 827 4547 οιο]
842 4485 870 4533 et
882 4485 907 4532 2.
943 4481 1041 4534 benev.
1055 4486 1081 4532 2.
1122 4479 1402 4548 “nihilaliudpnz
1449 4476 1523 4547 ¹⁵et]
1537 4480 1606 4530 set.

328 4563 349 4596 ¹⁹
361 4579 437 4630 regn.
452 4565 512 4615 exh.
526 4581 551 4615 v.
566 4568 590 4615 2.
630 4562 653 4596 ⁸⁴
669 4566 712 4616 De
731 4564 913 4616 Callicratide
932 4566 969 4617 cf.
981 4566 1104 4632 Xenoph.
1119 4567 1208 4618 Graec.
1221 4567 1285 4616 hist.
1298 4562 1351 4616 ιθ.
1368 4565 1451 4616 Diod.
1463 4565 1519 4616 Sic.
1532 4563 1606 4614 xutl.

326 4645 433 4714 snsqq.
468 4647 491 4680 ³⁷
508 4651 550 4699 De
569 4647 743 4700 Cleombroto
761 4651 797 4700 cl.
810 4649 935 4715 Xenoph.
948 4649 966 4701 l.
981 4667 1005 4702 o.
1018 4651 1083 4702 ιιι.
1108 4651 1187 4702 Diod.
1201 4651 1257 4702 Sic.
1270 4652 1327 4702 XV.
1339 4649 1447 4716 hhsqq.
1497 4648 1606 4716 spani·

326 4732 443 4784 nondam
460 4737 486 4784 2.
521 4732 545 4768 ⁸⁸
562 4734 777 4803 sparthanorum
789 4738 813 4785 1.
852 4731 876 4769 ⁴⁰
891 4735 1025 4787 mternee.
1038 4739 1063 4786 2.
1127 4773 1134 4792 ,
