3434 5512
313 441 387 514 310
423 469 525 508 {Rom
538 469 564 504 X·
579 465 690 503 ΟΟΜΒΔ
702 465 854 502 ΙΝΤΗἏΒἿΙ
867 463 959 500 nvnu
972 465 1035 500 ῐιΑΤ.
1045 460 1141 498 Ι’“.ΠΙΙ.
1155 464 1181 497 Δ.
1194 455 1250 497 ¹5²⁰.
1271 463 1296 496 0·
1307 461 1432 498 nv'rrm
1446 461 1534 496 1011!-

311 643 421 688 sumus.
467 624 596 684 ‘Eorum
618 631 716 684 autem
738 639 876 682 errorum
904 624 1019 696 aliquos
1044 620 1242 698 presentibus
1263 620 1406 680 ductans
1426 619 1594 678 inserendos.

313 743 438 803 quorum
458 735 541 786 tenor
562 727 711 799 munitur,
734 733 763 784 et
780 733 824 784 est
844 726 929 783 tolr's:

398 826 448 907 [t]
470 827 621 886 Hoeretieo
637 829 781 887 sententia
802 833 859 896 est,
887 824 1086 893 scelestium,
1110 823 1307 884 Sacramenta
1327 838 1411 882 noum
1428 825 1502 897 lepis
1521 824 1599 882 iusti-

310 933 451 1005 )icantem
469 930 602 1004 aratiam
624 931 683 988 illis
705 930 795 1002 dare,
817 929 871 1004 qui
890 945 949 987 non
961 927 1219 1002 ponuntobiccm.

400 1027 450 1110 [2]
472 1029 510 1090 Ia
527 1045 626 1108 puero
638 1037 708 1106 past
728 1031 904 1106 baptismum
926 1044 1039 1104 negare
1059 1045 1217 1088 remanens
1232 1035 1404 1104 paccatum,
1425 1036 1470 1087 est
1485 1027 1620 1086 Paulum

314 1139 345 1193 et
366 1131 514 1190 Cbristum
532 1133 621 1190 simut
639 1136 830 1192 conculcare.

403 1230 452 1312 [3]
476 1233 580 1292 Fames
598 1235 719 1308 peccati
736 1237 824 1295 etium
846 1235 874 1294 si
897 1235 1012 1293 asellum
1034 1235 1114 1294 adsit
1140 1235 1259 1293 actuale
1278 1239 1454 1307 peecatum,
1481 1239 1605 1292 moratur

316 1341 471 1396 exeuntem
491 1351 511 1392 a
532 1352 658 1412 corpore
678 1339 810 1396 unimam
833 1337 871 1395 ab
892 1337 1027 1410 maressa
1049 1338 1125 1395 coeli.

403 1433 452 1515 [ι]
474 1436 659 1514 Inperfecta
677 1438 812 1498 ebaritas
832 1439 970 1498 morituri
984 1437 1049 1510 sert
1066 1453 1164 1498 secum
1183 1439 1351 1498 necessario
1371 1452 1513 1510 magnum
1528 1439 1606 1496 tono-

318 1553 400 1611 νιιιι,
427 1541 480 1612 aut
499 1555 531 1598 se
551 1541 612 1600 solo
630 1542 704 1600 satis
724 1545 769 1600 est
786 1539 893 1612 facere
914 1555 1035 1615 paenam
1053 1541 1241 1614 emanarit,
1270 1547 1301 1598 et
1321 1540 1446 1616 impedit
1465 1541 1604 1598 introitum
1615 1545 1634 1582 ¹¹·

221 1617 232 1632 ’
319 1641 415 1716 repni.

407 1739 456 1822 [b]
482 1739 555 1806 Tres
575 1759 639 1804 esse
654 1746 970 1820 perberaeensium,
992 1747 1209 1812 contritionem,
1231 1743 1459 1816 consessionem,
1481 1751 1510 1802 et
1526 1744 1609 1802 satu-

317 1843 496 1917 factionem,
521 1858 580 1903 uon
602 1851 647 1906 est
662 1844 827 1917 fundatum
850 1849 881 1906 in
903 1847 1070 1922 scriptura,
1097 1863 1153 1906 nec
1170 1847 1201 1905 in
1220 1845 1351 1921 undonis
1371 1845 1499 1916 sanctis,
1527 1844 1609 1902 blut-

320 1947 425 2006 rtianis
446 1945 630 2006 barontus.

407 2043 457 2127 [6]
481 2047 621 2108 Contritlo
641 2065 709 2124 auce
727 2057 861 2126 paratur
877 2067 937 2126 per
957 2051 1190 2123 discussrbnemf
1204 2049 1416 2119 sollertiam.
1439 2057 1471 2108 et
1489 2047 1648 2107 detesto-¹·¹

322 2151 428 2209 tiorum
446 2155 655 2224 peccatura,
684 2169 745 2228 qua
771 2155 837 2226 quis
862 2155 1008 2228 recopimt
1035 2169 1129 2212 annos
1148 2167 1216 2212 suos
1238 2154 1269 2210 in
1287 2150 1491 2210 anantudtne
1510 2152 1611 2208 anima

322 2251 399 2324 sue,
417 2252 618 2326 ponderando
634 2263 825 2328 peccatorum
843 2257 1037 2328 pravitatem,
1065 2254 1293 2326 multitudines,
1318 2252 1502 2325 sedimen,
1523 2254 1610 2310 umis·
1703 2321 1704 2324 Ἴ

321 2355 432 2414 eonem
448 2361 569 2414 aeternae
583 2355 786 2430 beatitudinis,
808 2373 846 2417 ac
861 2361 985 2418 leaenae
998 2357 1198 2416 damnationis
1212 2357 1449 2431 acquisitionem,
1466 2355 1532 2416 bec
1543 2369 1611 2414 con-

323 2455 403 2514 tritio
419 2454 501 2526 facit
519 2455 721 2530 bypoeritam,
744 2459 801 2517 imo
821 2461 918 2533 magis
935 2463 1132 2535 peceaoren.

409 2554 458 2638 [7]
490 2559 679 2619 Verissimum
699 2566 743 2619 est
760 2561 964 2635 prmmbium,
986 2571 1015 2621 et
1034 2562 1164 2622 omnium
1182 2560 1321 2620 docmina
1341 2559 1380 2620 de
1398 2557 1638 2619 eontndombusn

323 2657 383 2718 buc
409 2677 501 2733 marte
528 2661 601 2720 data
626 2665 840 2736 prestantius:
871 2664 910 2723 de
934 2671 1043 2726 ecetero
1064 2678 1124 2722 uon
1141 2662 1264 2735 faeere,
1288 2677 1404 2722 summa
1429 2661 1611 2736 poenitentia,-

325 2762 434 2836 optime
454 2764 642 2835 penitentia,
663 2780 740 2823 nova
758 2766 828 2824 uita

411 2843 462 2940 [8]
501 2863 590 2924 llullo
605 2865 692 2925 modo
708 2882 881 2942 presumas
899 2869 1035 2939 conflari
1052 2873 1177 2942 peccata
1200 2868 1338 2938 reniale,
1367 2865 1423 2925 sed
1445 2881 1501 2925 nec
1523 2865 1612 2924 omnir

325 2967 474 3034 mortalia,
494 2967 565 3040 quia
582 2965 757 3042 impossibile
770 2977 821 3043 est,
842 2975 877 3029 ut
893 2971 992 3029 amaia
1014 2971 1153 3028 mortalia
1166 2983 1344 3043 manaseas:
1365 2967 1446 3026 unde
1465 2968 1497 3025 in
1510 2967 1612 3042 prmi-

325 3069 386 3126 tiou
400 3070 526 3128 ecclesia
546 3071 640 3128 solum
660 3070 822 3143 manifesta
844 3073 983 3131 mortalia
1007 3069 1231 3144 confitebantur.
1445 3089 1451 3101 ·
1619 3081 1638 3118 ²⁵

327 3253 356 3330 et
379 3271 554 3350 perniciosis
575 3271 718 3334 intercedi
741 3271 876 3350 legibus?
939 3274 1013 3334 ‘Iste
1037 3273 1155 3352 quidem
1179 3273 1221 3332 ris
1243 3278 1302 3340 est,
1325 3269 1461 3340 Iterime,
1490 3285 1547 3329 non
1568 3267 1612 3326 ln·

327 3368 388 3432 bitu
410 3373 494 3450 prius
517 3375 685 3451 cognitione
707 3375 848 3436 damnare
871 3393 937 3458 qim
960 3373 1135 3453 disputanda
1163 3372 1213 3434 iiie
1241 3373 1411 3452 proposuit,
1441 3389 1538 3450 neque
1564 3367 1612 3428 hoe

327 3473 426 3534 iuuere
448 3474 485 3534 de
508 3473 646 3536 Ecclesiae
669 3478 768 3548 totius,
792 3479 839 3538 cni
855 3495 886 3536 se
903 3476 950 3538 ille
966 3475 1097 3544 subiicit,
1122 3475 1256 3536 concilia.
1291 3473 1349 3535 Sed
1366 3471 1437 3532 nihii
1455 3479 1538 3551 potes
1551 3485 1612 3529 ron·

326 3581 371 3636 tra
395 3577 564 3646 veritaten13
587 3595 642 3656 pro
667 3581 787 3640 veritate
810 3585 910 3658 potes,
934 3579 1027 3658 siquis
1048 3584 1215 3657 oppugnat,
1240 3583 1320 3637 etta
1344 3580 1467 3654 perotus
1490 3593 1521 3634 es
1536 3569 1611 3634 tueri.

327 3675 367 3745 si,
391 3683 424 3738 ut
446 3676 595 3756 Apostoli,
619 3679 765 3740 Christum
789 3680 952 3760 predicare
974 3679 1139 3746 instituisti,
1163 3696 1221 3739 non
1244 3684 1274 3739 te
1297 3678 1409 3756 ipsum
1437 3677 1462 3735 si
1485 3674 1639 3735 somniis-³⁸

327 3795 393 3838 sum
416 3778 470 3839 tibi
492 3795 613 3856 gregem
636 3799 759 3859 pascere
775 3799 846 3844 cure
863 3788 921 3852 est,
945 3798 1004 3842 non
1021 3779 1230 3860 cupiditatibus
1244 3777 1388 3841 inseruire
1401 3778 1477 3848 tuis,
1500 3785 1530 3835 ut
1543 3775 1613 3834 irm-

328 3877 464 3940 dulenter
486 3880 620 3943 ambules
642 3902 677 3943 nc
699 3883 736 3944 ud
759 3900 883 3946 munere
905 3883 1036 3946 declines
1058 3891 1087 3944 et
1109 3890 1176 3961 post
1196 3869 1300 3942 sordes
1321 3879 1410 3940 abeas
1430 3897 1541 3957 perque
1555 3893 1614 3936 em·

327 3980 424 4041 sitiam
448 3983 555 4044 fictitiis
576 3983 765 4045 sermonibus
787 3985 825 4048 de
847 3985 932 4046 trabis
954 3985 1123 4061 negotieris.
1167 3983 1243 4053 Quin
1267 3990 1312 4051 ιιι,
1334 3980 1539 4048 sinuandis,
1562 3974 1614 4037 nali

329 4099 394 4143 esse
416 4084 492 4144 sicut
514 4085 573 4146 Leo
595 4087 627 4146 in
650 4087 738 4148 (loma
761 4092 828 4158 tue,
852 4093 987 4147 evertens
1009 4086 1186 4148 domesticos
1209 4090 1275 4144 tuos
1297 4091 1326 4144 et
1341 4083 1511 4162 opprimens
1526 4077 1613 4140 subie-

330 4190 394 4242 ctos
415 4183 478 4245 tibi.
516 4187 602 4248 Certe
624 4179 769 4250 dominus
784 4189 910 4250 custodit
933 4189 1083 4250 veritatem
1112 4187 1143 4268 iu
1171 4183 1310 4248 seculum
1333 4183 1462 4261 iecitque
1484 4179 1638 4242 iudicium³³

329 4283 466 4346 iniurium
489 4287 675 4365 petientibus.
720 4289 790 4352 Haec
812 4291 982 4353 meminisse
1004 4296 1033 4350 te
1056 4287 1188 4367 oportuit
1209 4287 1294 4374 prius
1309 4303 1396 4364 quem
1413 4283 1614 4346 condemnares

330 4382 453 4446 fratrem
477 4394 569 4450 tuum.
615 4389 700 4461 Quod
726 4412 795 4456 vero
819 4394 856 4455 ed
879 4391 1002 4454 Lutheri
1023 4391 1132 4469 scripte
1155 4389 1298 4467 pertinet,
1327 4384 1426 4464 legant
1447 4399 1560 4452 omnes,
1581 4381 1613 4440 si·

331 4484 391 4546 mni
415 4495 498 4550 tuum
520 4493 674 4564 iudicium,
698 4494 805 4558 deinde
828 4494 921 4556 libere
942 4494 997 4574 ipsi
1020 4510 1139 4574 quoque
1169 4490 1308 4551 iudicent.
1373 4483 1499 4580 ‘peditis
1521 4483 1614 4544 decu·

333 4621 536 4636 m..

381 4686 406 4722 ⁸⁰
423 4689 460 4742 ci.
474 4691 555 4746 Pauli
568 4695 654 4764 ep.11.
669 4697 704 4748 ed
717 4697 778 4750 Cor.
792 4697 871 4750 lus.
907 4694 927 4731 ⁸¹
942 4693 1043 4762 cupid]
1058 4695 1094 4745 ci.
1103 4695 1140 4744 11.
1154 4691 1300 4743 biucchnb.
1309 4691 1341 4741 X.
1349 4688 1392 4740 ²0.
1432 4685 1455 4722 ⁸¹
1464 4691 1527 4754 post
1538 4679 1611 4748 sord]

331 4773 464 4828 cionem
476 4775 559 4832 V.ll.
594 4780 617 4815 ⁸³
634 4779 701 4850 noli]
721 4779 1025 4836 neelestmttoirvst.
1060 4776 1083 4812 ⁸⁵
1102 4773 1235 4844 custodit]
1253 4774 1355 4828 Parim.
1370 4769 1505 4824 CXLVJ.
