3464 5526
251 462 378 498 ΗΨΠΙΜ
397 462 427 498 ut
445 463 538 499 nvcnt
556 441 833 500 WlBlElGPBllfllliflli!
852 465 953 500 ostrto
973 464 1004 499 tt.
1028 463 1141 500 llifflss'·
1154 463 1181 500 A·
1194 457 1254 502 1517.
1346 433 1393 508 29

108 617 321 696 desyderetur:
349 637 388 682 ,ex
416 617 472 680 fide
501 619 645 681 Germana
674 625 718 680 est
743 617 851 680 nullius
880 619 909 678 iu
928 617 1082 680 iudicando
1097 621 1228 696 ,gratiam
1250 625 1393 698 spectare,

108 717 218 780 nullius
241 718 342 782 lavore
364 727 414 781 aut
434 720 542 782 invidia
564 721 649 790 duci,
672 719 781 781 nullius
802 721 961 801 potentiam
983 722 1086 781 vereri.
1130 721 1235 782 deinde
1258 739 1293 782 eo
1314 721 1395 782 dete·

107 823 166 882 rior
191 827 240 883 ost
259 821 325 882 baec
344 823 488 894 conditio,
508 822 586 901 quod
607 841 654 884 res
676 821 774 901 agitur
797 817 933 884 omnibus
953 833 1020 882 ncta
1045 828 1074 882 et
1094 839 1158 899 quae
1177 823 1223 884 sui
1236 823 1317 892 ,lama
1334 833 1394 884 non

108 925 300 986 Germaniam
323 925 427 1000 modo,
459 923 511 986 sad
531 922 696 986 universam
719 941 812 1004 prope
834 923 983 1004 Europam
1007 930 1165 1004 pervagata
1194 931 1253 993 est,
1283 931 1313 984 ιιι
1341 917 1393 984 ob-

89 1039 231 1088 vscurum
254 1045 320 1088 esse
344 1044 403 1087 non
425 1028 519 1106 possit
536 1027 632 1104 siquid
654 1046 671 1089 a
693 1025 789 1096 vobis,
814 1025 893 1104 quod
913 1043 1000 1088 nemo
1021 1032 1118 1104 putat,
1139 1027 1237 1088 miuus
1251 1033 1392 1087 strennue

107 1128 270 1190 iudicatum
294 1128 392 1191 luerit.
435 1123 528 1198 Quam
550 1134 593 1190 est
613 1129 671 1190 boc
692 1135 789 1206 eptem
812 1127 1019 1208 spectandum,
1044 1127 1122 1207 quod
1145 1127 1182 1187 ab
1202 1127 1259 1189 boc
1280 1129 1460 1207 posteriora.

108 1229 279 1309 exemplum
301 1231 379 1309 quod
400 1237 517 1291 sumant
538 1229 705 1300 habebunt:
734 1247 789 1292 nac
811 1231 877 1292 neri
896 1231 1020 1308 poterit,
1043 1231 1099 1290 nisi
1113 1227 1159 1289 his
1173 1231 1327 1308 principiis
1341 1229 1393 1295 ob·
1475 1223 1478 1240 '

107 1333 248 1402 sistatur,
271 1333 342 1412 quin
360 1333 481 1411 pessimi
501 1333 532 1394 in
554 1332 742 1396 Germaniam
762 1349 860 1394 mores
881 1330 1065 1392 invehantur.
1106 1329 1191 1402 Quod
1211 1337 1256 1400 te,
1285 1331 1392 1400 Gaesar,

108 1435 267 1511 providere
290 1441 422 1512 oportet,
447 1452 485 1496 ne
507 1435 607 1496 sinos
629 1434 730 1496 audias
752 1434 918 1503 remissius,
955 1433 1104 1494 communi
1125 1433 1290 1494 Germaniae
1312 1431 1392 1494 bono

81 1547 100 1586 ¹⁰
109 1535 242 1598 doluisse
264 1535 397 1598 videaris.
434 1536 505 1614 quid
527 1537 606 1600 enim
626 1539 753 1616 potimus
775 1535 853 1597 aliud
874 1553 961 1614 quam
989 1552 1024 1596 ex
1047 1543 1088 1604 te,
1114 1536 1195 1596 tonte
1217 1535 1312 1596 omnis
1335 1535 1392 1596 hoc

107 1645 247 1718 tempore
269 1639 399 1708 iustitie,
422 1639 540 1717 aspergi
561 1653 595 1698 ac
617 1639 714 1709 retici,
737 1644 769 1699 ut
789 1656 845 1698 nus
865 1638 1056 1714 fortunasque
1076 1643 1192 1698 nostras
1208 1643 1310 1698 contra
1325 1654 1391 1716 per·

107 1738 246 1801 ditissimi
268 1741 410 1818 cuiusque
432 1741 490 1801 vim
509 1759 544 1802 ac
570 1739 737 1801 violentiam
757 1747 786 1802 te
809 1739 921 1800 vindice
939 1755 1175 1818 propugnamus,
1197 1747 1243 1808 ut,
1267 1740 1317 1818 qui
1333 1729 1392 1800 lros

108 1849 165 1902 tam
190 1841 355 1903 inhumano
376 1841 507 1903 facinore
529 1840 623 1903 dolori
645 1861 680 1904 ac
701 1841 793 1904 luctui
816 1839 959 1902 obnoxios
986 1839 1126 1910 reddidit,
1154 1840 1243 1918 digno
1272 1841 1390 1902 tandem

107 1941 255 2021 supplicio
277 1951 307 2006 te
328 1943 475 2014 iudicante
499 1944 619 2006 allectus
640 1943 751 2006 soletur
775 1962 810 2004 ac
831 1940 938 2006 laniati
970 1941 1073 2002 Totam
1100 1943 1130 2002 in
1159 1948 1209 2004 tua
1237 1942 1459 2021 religionetaa
1518 1976 1523 1984 =

79 2045 188 2124 uquod
211 2043 372 2115 debemus,
395 2053 502 2128 tuaque
523 2045 581 2107 tide
604 2064 721 2108 causam
741 2045 924 2125 deponimus.
961 2043 1012 2104 ubi
1034 2044 1106 2104 nihil
1127 2042 1229 2106 laboro
1251 2045 1314 2107 eius
1338 2047 1392 2107 ite·

107 2164 174 2208 rum
198 2163 390 2209 commonere
411 2153 457 2218 to,
480 2148 558 2227 quod
582 2147 623 2210 sis
644 2149 706 2228 ipse
726 2147 915 2210 vehementer
930 2145 967 2206 ab
983 2147 1038 2206 isto
1052 2145 1152 2215 laesus,
1176 2164 1273 2226 quone
1288 2147 1393 2232 dignus

108 2250 160 2310 iste
193 2248 329 2310 videatur
357 2231 488 2328 quicum
510 2258 541 2310 tu
563 2249 700 2312 iniuriam
723 2247 904 2329 expostules,
932 2255 961 2309 at
980 2248 1037 2308 hoc
1061 2246 1128 2308 loco
1151 2250 1193 2308 sic
1215 2255 1244 2310 te
1264 2249 1391 2318 intueor,
1471 2227 1477 2240 ’

108 2357 137 2410 ut
158 2352 213 2430 qui
234 2335 381 2428 publicam
403 2369 560 2430 personam
582 2353 943 2432 sustineas,jpossumque
966 2350 1045 2412 lerre
1065 2357 1093 2410 et
1107 2347 1184 2411 bono
1201 2351 1298 2410 animo
1317 2369 1390 2419 asse,

108 2451 190 2530 quod
211 2450 300 2512 buius
321 2454 440 2531 privatae
461 2454 572 2515 iniuriae
594 2459 650 2516 tuae
671 2457 787 2534 ponitus
807 2453 997 2514 obliviscaris.
1031 2469 1198 2532 quanquam
1215 2451 1348 2514 nonnihil
1363 2459 1393 2514 et

77 2552 156 2614 ailla
180 2553 304 2634 pessimi
325 2573 359 2616 ac
380 2554 499 2634 publico
521 2556 600 2634 digni
618 2555 761 2636 supplicio
782 2553 907 2635 exempli
931 2554 1149 2633 complectitur,
1174 2561 1203 2616 et
1224 2552 1276 2614 abs
1292 2560 1321 2614 te
1337 2570 1396 2616 suo-

108 2654 174 2717 loco
197 2655 379 2718 mactabitur.
425 2656 484 2718 Sed
504 2659 608 2737 nequis
630 2659 668 2722 ita
691 2676 745 2718 nos
761 2675 849 2720 causa
866 2657 1007 2718 excidisse
1021 2655 1193 2724 arbitretur,
1216 2661 1248 2716 ut
1269 2657 1305 2716 ad
1320 2655 1459 2725 alio-§.aa

108 2777 180 2820 num
201 2758 324 2838 quodvis
345 2759 543 2837 patrocinium
564 2761 780 2825 recurrendum
799 2761 849 2829 sit,
881 2767 1021 2839 quantum
1041 2767 1143 2838 potero
1163 2760 1239 2820 intra
1261 2767 1392 2820 nostram

109 2879 153 2924 me
176 2871 297 2922 causam
319 2861 492 2932 continebo;
516 2862 568 2924 ubi
592 2864 621 2925 in
641 2881 756 2926 summa
777 2861 855 2924 illud
869 2878 940 2938 ago,
969 2869 1001 2922 ut
1022 2863 1047 2922 si
1068 2879 1123 2922 nos
1149 2863 1204 2924 iste
1225 2860 1391 2922 immaniter

108 2960 198 3033 tesia,
221 2962 247 3024 si
268 2963 423 3026 novissimo
447 2962 580 3044 exemplo
602 2967 785 3026 teterrimum
805 2963 861 3026 sibi
879 2963 1055 3052 supplicium
1076 2963 1245 3034 accersivit,
1271 2962 1328 3024 boc
1349 2964 1391 3026 la·

76 3067 168 3127 reuss
190 3064 268 3144 quod
291 3071 320 3128 et
338 3065 429 3128 debes
451 3073 480 3128 et
498 3073 596 3145 potes,
619 3073 754 3147 utquam
771 3065 925 3130 celerrime
942 3067 1060 3146 punias:
1084 3065 1154 3146 quid
1170 3067 1318 3128 enim'isto
1337 3065 1461 3134 sibisaa.

108 3167 170 3230 vult
194 3168 481 3246 comperendinatio?
502 3175 553 3231 aut
574 3187 627 3230 cur
647 3187 707 3230 non
725 3168 802 3231 ultro
823 3169 904 3230 bunc
924 3169 961 3230 ad
979 3167 1154 3248 supplicium
1168 3168 1265 3246 rapis?
1288 3184 1325 3230 an
1342 3187 1393 3230 eos

108 3270 190 3332 teres
212 3271 264 3349 qui
287 3277 339 3331 tuo
358 3270 469 3332 nomini
490 3269 634 3333 macedam
649 3272 783 3340 inurunt,
805 3271 929 3349 imperio
945 3273 1127 3332 eversionem
1141 3269 1316 3336 moliuntur.
1339 3269 1393 3332 bo·

108 3373 154 3432 uis
176 3373 248 3432 viris
268 3373 428 3449 perniciem
447 3372 604 3435 invehunt?
626 3372 686 3434 noli
707 3373 762 3434 bos
781 3371 860 3436 alere
882 3373 912 3434 in
934 3373 1090 3436 Germania
1113 3373 1256 3452 pessimos
1277 3389 1391 3442 mores;

108 3472 171 3535 noli
194 3475 329 3536 dominos
348 3474 501 3554 imponere
522 3474 624 3546 nobis,
648 3483 676 3536 et
698 3494 749 3538 eos
771 3475 944 3544 insolentes,
970 3475 1065 3546 leros,
1095 3474 1245 3548 crudeles,
1273 3476 1391 3552 sangui·
1452 3553 1459 3564 .

76 3577 212 3636 ananus
225 3587 269 3638 *ac
289 3574 392 3656 populi
412 3594 530 3656 semper
551 3576 637 3640 liberi
659 3585 822 3647 voratorem
845 3576 919 3646 noli,
943 3579 1077 3658 inquam,
1100 3585 1213 3638 tantum
1234 3576 1319 3636 nobis
1337 3575 1391 3636 ob·

108 3677 232 3738 tradem
252 3677 396 3748 dedecus,
430 3696 485 3740 nec
512 3680 594 3740 idem
621 3679 692 3748 sine,
708 3680 890 3760 temporibus
917 3683 974 3741 tuis
997 3669 1097 3742 notam
1126 3677 1236 3756 infligi:
1275 3680 1390 3760 suscipe
1400 3689 1450 3741 §.aa
1484 3711 1487 3718 .

108 3797 230 3840 causam
250 3780 383 3853 iustitiae,
405 3781 474 3843 lidei
494 3799 529 3842 ac
551 3781 714 3861 religionis,
736 3801 854 3845 causam
876 3784 964 3844 totius
985 3783 1166 3850 Germaniae,
1190 3781 1317 3846 universi
1337 3781 1392 3842 iru-

108 3881 200 3959 periir
223 3889 370 3944 memento
392 3889 510 3944 tuorum
532 3884 692 3955 malorum,
719 3886 762 3945 tui
786 3892 892 3955 status,
916 3891 973 3946 tuae
997 3884 1227 3964 existimationis.
1269 3889 1297 3944 te
1319 3883 1392 3945 Ger·

109 3983 222 4052 mania,
246 3991 278 4044 ut
298 3982 444 4047 bellorum
466 3987 506 4046 sis
528 3986 747 4048 administrator
769 3994 798 4048 et
816 3981 931 4067 imperii
953 3987 1040 4050 huius
1062 3994 1156 4056 tutor,
1179 3987 1391 4068 Imperatorem

77 4083 197 4164 elegit,
217 4085 256 4146 oh
276 4086 366 4166 idque
388 4087 420 4148 in
442 4105 543 4150 omnes
564 4096 684 4150 eventus
705 4095 733 4150 te
762 4090 930 4160 comitatur,
961 4089 1013 4150 tibi
1038 4097 1137 4168 paret:
1167 4090 1227 4152 noli
1248 4091 1304 4152 boc
1329 4091 1391 4154 leve

109 4187 197 4249 nobis
222 4189 324 4268 iugum
351 4190 387 4266 (si
409 4191 511 4269 logum
537 4189 703 4270 est'potius
726 4209 814 4270 quam
834 4191 978 4254 libertatis
999 4199 1108 4254 nostrm
1129 4196 1319 4271 conservatio)
1342 4193 1392 4256 ad·

110 4289 199 4352 nrissa
220 4291 330 4353 sevitie
351 4309 439 4370 grave
460 4309 494 4354 ac
515 4291 650 4354 odiosum
672 4293 813 4354 reddero:
838 4297 949 4374 extirpa
965 4313 1141 4374 magnorum
1161 4295 1304 4360 malorum
1328 4295 1391 4374 pul-

109 4389 249 4455 tutantem
276 4393 430 4465 fruticem
461 4394 546 4458 dirue
581 4404 763 4458 crescentem
791 4399 825 4460 in
855 4405 987 4460 nostram
1022 4399 1185 4477 perniciem
1219 4405 1392 4476 nostrasque

110 4525 309 4542 m

180 4611 201 4647 ¹³
216 4623 275 4680 port
293 4615 419 4682 quicum
437 4616 465 4676 [i.
484 4631 507 4666 e.
527 4631 588 4668 cum
607 4613 669 4684 quo]
693 4621 722 4666 tu
740 4619 840 4669 addidit
858 4619 993 4684 privatam
1009 4624 1040 4672 11.
1102 4623 1196 4671 rectius
1213 4618 1392 4670 domesticam

111 4697 134 4730 ²²
153 4699 252 4765 quodq)
270 4699 293 4750 l.
331 4699 445 4765 quodvis
462 4705 491 4752 H.
543 4698 566 4734 ²⁸
584 4702 658 4754 .Ubi
675 4708 705 4753 11.
765 4701 788 4734 ⁸⁷
806 4701 945 4767 pululante
963 4707 987 4755 1.
1012 4705 1049 4759 cs.
1061 4704 1165 4770 Vergil.
1178 4703 1283 4768 Georg.
1297 4703 1332 4754 11.
1352 4700 1392 4751 17.

111 4781 242 4834 ‘Pullulat
265 4785 301 4835 ab
325 4785 421 4836 radico
445 4786 509 4838 aliis
527 4785 692 4838 densissima
709 4787 800 4840 silra'.

637 4867 649 4892 Ι
