<?xml version="1.0" encoding="UTF-8"?>
<!DOCTYPE html PUBLIC "-//W3C//DTD XHTML 1.0 Transitional//EN"
    "http://www.w3.org/TR/xhtml1/DTD/xhtml1-transitional.dtd">
<html xmlns="http://www.w3.org/1999/xhtml" xml:lang="en" lang="en">
 <head>
  <title>
</title>
<meta http-equiv="Content-Type" content="text/html;charset=utf-8" />
  <meta name='ocr-system' content='tesseract 3.04.00' />
  <meta name='ocr-capabilities' content='ocr_page ocr_carea ocr_par ocr_line ocrx_word'/>
</head>
<body>
  <div class='ocr_page' id='page_1' title='image "./ulrichihuttenie12huttgoog_0330.png"; bbox 0 0 3438 5524; ppageno 0'>
   <div class='ocr_carea' id='block_1_1' title="bbox 184 445 1408 515">
    <p class='ocr_par' dir='ltr' id='par_1_1' title="bbox 184 445 1408 515">
     <span class='ocr_line' id='line_1_1' title="bbox 184 445 1408 515; baseline 0.003 -11"><span class='ocrx_word' id='word_1_1' title='bbox 184 469 287 506; x_wconf 75' lang='lat' dir='ltr'><em>neonis</em></span> <span class='ocrx_word' id='word_1_2' title='bbox 300 469 326 504; x_wconf 84' lang='lat' dir='ltr'><em>x.</em></span> <span class='ocrx_word' id='word_1_3' title='bbox 341 469 451 506; x_wconf 83' lang='lat' dir='ltr'><em>eenrnn</em></span> <span class='ocrx_word' id='word_1_4' title='bbox 465 469 615 504; x_wconf 77' lang='lat' dir='ltr'><em>nurnnnvu</em></span> <span class='ocrx_word' id='word_1_5' title='bbox 628 471 672 504; x_wconf 73' lang='lat' dir='ltr'><em>uvi</em></span> <span class='ocrx_word' id='word_1_6' title='bbox 685 471 719 504; x_wconf 81' lang='lat' dir='ltr'><em>ns</em></span> <span class='ocrx_word' id='word_1_7' title='bbox 733 471 794 504; x_wconf 79' lang='lat' dir='ltr'><em>nnn.</em></span> <span class='ocrx_word' id='word_1_8' title='bbox 813 465 842 504; x_wconf 84' lang='lat' dir='ltr'><em>tn.</em></span> <span class='ocrx_word' id='word_1_9' title='bbox 852 471 908 506; x_wconf 77' lang='lat' dir='ltr'><em>ivn.</em></span> <span class='ocrx_word' id='word_1_10' title='bbox 921 471 946 506; x_wconf 86' lang='lat' dir='ltr'><em>a.</em></span> <span class='ocrx_word' id='word_1_11' title='bbox 958 467 1015 508; x_wconf 75' lang='lat' dir='ltr'><em>tneo.</em></span> <span class='ocrx_word' id='word_1_12' title='bbox 1030 474 1054 508; x_wconf 89' lang='lat' dir='ltr'><em>c.</em></span> <span class='ocrx_word' id='word_1_13' title='bbox 1069 473 1191 508; x_wconf 72' lang='lat' dir='ltr'><em>uerrunt</em></span> <span class='ocrx_word' id='word_1_14' title='bbox 1206 473 1299 508; x_wconf 77' lang='lat' dir='ltr'><em>noris.</em></span> <span class='ocrx_word' id='word_1_15' title='bbox 1336 445 1408 515; x_wconf 74' lang='lat'><em>309</em></span> 
     </span>
    </p>
   </div>
   <div class='ocr_carea' id='block_1_2' title="bbox 90 625 1411 1417">
    <p class='ocr_par' dir='ltr' id='par_1_2' title="bbox 90 625 1411 1417">
     <span class='ocr_line' id='line_1_2' title="bbox 110 625 1411 706; baseline 0.003 -20"><span class='ocrx_word' id='word_1_16' title='bbox 110 627 239 700; x_wconf 83' lang='lat' dir='ltr'><em>effosus.</em></span> <span class='ocrx_word' id='word_1_17' title='bbox 265 625 357 686; x_wconf 83' lang='lat' dir='ltr'><em>Testis</em></span> <span class='ocrx_word' id='word_1_18' title='bbox 373 625 501 700; x_wconf 76' lang='lat' dir='ltr'><em>denique</em></span> <span class='ocrx_word' id='word_1_19' title='bbox 517 632 561 684; x_wconf 88' lang='lat' dir='ltr'><em>est</em></span> <span class='ocrx_word' id='word_1_20' title='bbox 575 627 792 701; x_wconf 77' lang='lat' dir='ltr'><em>predictorum</em></span> <span class='ocrx_word' id='word_1_21' title='bbox 814 645 959 696; x_wconf 76' lang='lat' dir='ltr'><em>errorum,</em></span> <span class='ocrx_word' id='word_1_22' title='bbox 983 647 1035 688; x_wconf 85' lang='lat' dir='ltr'><em>sen</em></span> <span class='ocrx_word' id='word_1_23' title='bbox 1052 632 1209 688; x_wconf 76' lang='lat' dir='ltr'><em>meritorum</em></span> <span class='ocrx_word' id='word_1_24' title='bbox 1230 647 1270 688; x_wconf 78' lang='lat' dir='ltr'><em>ex</em></span> <span class='ocrx_word' id='word_1_25' title='bbox 1285 634 1327 689; x_wconf 85' lang='lat' dir='ltr'><em>eis</em></span> <span class='ocrx_word' id='word_1_26' title='bbox 1342 628 1411 706; x_wconf 59' lang='lat' dir='ltr'><em>iper</em></span> 
     </span>
     <span class='ocr_line' id='line_1_3' title="bbox 113 727 1410 806; baseline 0.005 -20"><span class='ocrx_word' id='word_1_27' title='bbox 113 729 315 788; x_wconf 83' lang='lat' dir='ltr'><em>Coloniensem</em></span> <span class='ocrx_word' id='word_1_28' title='bbox 334 733 364 786; x_wconf 87' lang='lat' dir='ltr'><em>et</em></span> <span class='ocrx_word' id='word_1_29' title='bbox 383 727 593 786; x_wconf 79' lang='lat' dir='ltr'><em>Loooorensem</em></span> <span class='ocrx_word' id='word_1_30' title='bbox 619 727 841 802; x_wconf 82' lang='lat' dir='ltr'><em>Universitotes,</em></span> <span class='ocrx_word' id='word_1_31' title='bbox 870 737 970 806; x_wconf 77' lang='lat' dir='ltr'><em>utpote</em></span> <span class='ocrx_word' id='word_1_32' title='bbox 994 733 1080 803; x_wconf 73' lang='lat' dir='ltr'><em>mort</em></span> <span class='ocrx_word' id='word_1_33' title='bbox 1105 732 1246 791; x_wconf 84' lang='lat' dir='ltr'><em>dominici</em></span> <span class='ocrx_word' id='word_1_34' title='bbox 1260 735 1410 806; x_wconf 78' lang='lat' dir='ltr'><em>piissimas</em></span> 
     </span>
     <span class='ocr_line' id='line_1_4' title="bbox 112 825 1409 910; baseline 0.005 -22"><span class='ocrx_word' id='word_1_35' title='bbox 112 829 412 904; x_wconf 82' lang='lat' dir='ltr'><em>retipiosissimasqee</em></span> <span class='ocrx_word' id='word_1_36' title='bbox 431 829 585 900; x_wconf 84' lang='lat' dir='ltr'><em>cultrices,</em></span> <span class='ocrx_word' id='word_1_37' title='bbox 608 825 687 888; x_wconf 69' lang='lat' dir='ltr'><em>“uon</em></span> <span class='ocrx_word' id='word_1_38' title='bbox 708 833 805 890; x_wconf 86' lang='lat' dir='ltr'><em>minos</em></span> <span class='ocrx_word' id='word_1_39' title='bbox 819 832 907 890; x_wconf 83' lang='lat' dir='ltr'><em>docto</em></span> <span class='ocrx_word' id='word_1_40' title='bbox 924 849 1013 906; x_wconf 82' lang='lat' dir='ltr'><em>quom</em></span> <span class='ocrx_word' id='word_1_41' title='bbox 1034 850 1122 910; x_wconf 86' lang='lat' dir='ltr'><em>cero,</em></span> <span class='ocrx_word' id='word_1_42' title='bbox 1143 851 1180 893; x_wconf 88' lang='lat' dir='ltr'><em>oc</em></span> <span class='ocrx_word' id='word_1_43' title='bbox 1196 841 1319 893; x_wconf 83' lang='lat' dir='ltr'><em>⁰soncto</em></span> <span class='ocrx_word' id='word_1_44' title='bbox 1335 851 1409 894; x_wconf 88' lang='lat' dir='ltr'><em>con-</em></span> 
     </span>
     <span class='ocr_line' id='line_1_5' title="bbox 109 928 1408 1010; baseline 0.003 -20"><span class='ocrx_word' id='word_1_45' title='bbox 109 931 242 1004; x_wconf 84' lang='lat' dir='ltr'><em>futatio,</em></span> <span class='ocrx_word' id='word_1_46' title='bbox 264 931 448 1006; x_wconf 79' lang='lat' dir='ltr'><em>reprobatio,</em></span> <span class='ocrx_word' id='word_1_47' title='bbox 470 935 499 988; x_wconf 86' lang='lat' dir='ltr'><em>et</em></span> <span class='ocrx_word' id='word_1_48' title='bbox 519 930 680 990; x_wconf 84' lang='lat' dir='ltr'><em>domnotio.</em></span> <span class='ocrx_word' id='word_1_49' title='bbox 725 928 839 990; x_wconf 77' lang='lat' dir='ltr'><em>‘Multo</em></span> <span class='ocrx_word' id='word_1_50' title='bbox 865 950 979 1008; x_wconf 75' lang='lat' dir='ltr'><em>petoque</em></span> <span class='ocrx_word' id='word_1_51' title='bbox 1005 937 1067 993; x_wconf 83' lang='lat' dir='ltr'><em>otio</em></span> <span class='ocrx_word' id='word_1_52' title='bbox 1094 939 1229 1010; x_wconf 77' lang='lat' dir='ltr'><em>oltepore</em></span> <span class='ocrx_word' id='word_1_53' title='bbox 1247 953 1408 1010; x_wconf 77' lang='lat' dir='ltr'><em>possemus,</em></span> 
     </span>
     <span class='ocr_line' id='line_1_6' title="bbox 90 1032 1409 1113; baseline 0.002 -21"><span class='ocrx_word' id='word_1_54' title='bbox 90 1043 184 1108; x_wconf 70' lang='lat' dir='ltr'><em>tpnae</em></span> <span class='ocrx_word' id='word_1_55' title='bbox 204 1049 243 1093; x_wconf 88' lang='lat' dir='ltr'><em>ne</em></span> <span class='ocrx_word' id='word_1_56' title='bbox 261 1033 416 1092; x_wconf 73' lang='lat' dir='ltr'><em>historiam</em></span> <span class='ocrx_word' id='word_1_57' title='bbox 439 1039 541 1092; x_wconf 75' lang='lat' dir='ltr'><em>tenere</em></span> <span class='ocrx_word' id='word_1_58' title='bbox 559 1032 726 1104; x_wconf 80' lang='lat' dir='ltr'><em>videamur,</em></span> <span class='ocrx_word' id='word_1_59' title='bbox 742 1037 1000 1108; x_wconf 74' lang='lat' dir='ltr'><em>pretermittmctc</em></span> <span class='ocrx_word' id='word_1_60' title='bbox 1014 1039 1188 1096; x_wconf 68' lang='lat' dir='ltr'><em>centenimus.</em></span> <span class='ocrx_word' id='word_1_61' title='bbox 1212 1039 1289 1097; x_wconf 70' lang='lat' dir='ltr'><em>‘Pro</em></span> <span class='ocrx_word' id='word_1_62' title='bbox 1299 1045 1409 1113; x_wconf 86' lang='lat' dir='ltr'><em>posto-</em></span> 
     </span>
     <span class='ocr_line' id='line_1_7' title="bbox 110 1132 1409 1214; baseline 0.003 -20"><span class='ocrx_word' id='word_1_63' title='bbox 110 1137 191 1194; x_wconf 85' lang='lat' dir='ltr'><em>ralis</em></span> <span class='ocrx_word' id='word_1_64' title='bbox 213 1135 306 1207; x_wconf 83' lang='lat' dir='ltr'><em>ipitor</em></span> <span class='ocrx_word' id='word_1_65' title='bbox 327 1133 422 1206; x_wconf 78' lang='lat' dir='ltr'><em>officii</em></span> <span class='ocrx_word' id='word_1_66' title='bbox 442 1134 544 1193; x_wconf 83' lang='lat' dir='ltr'><em>diuino</em></span> <span class='ocrx_word' id='word_1_67' title='bbox 563 1138 666 1208; x_wconf 83' lang='lat' dir='ltr'><em>pratia</em></span> <span class='ocrx_word' id='word_1_68' title='bbox 688 1134 771 1196; x_wconf 86' lang='lat' dir='ltr'><em>nobis</em></span> <span class='ocrx_word' id='word_1_69' title='bbox 788 1132 932 1197; x_wconf 72' lang='lat' dir='ltr'><em>linictncti</em></span> <span class='ocrx_word' id='word_1_70' title='bbox 946 1155 1037 1209; x_wconf 82' lang='lat' dir='ltr'><em>curo,</em></span> <span class='ocrx_word' id='word_1_71' title='bbox 1060 1156 1150 1212; x_wconf 83' lang='lat' dir='ltr'><em>quom</em></span> <span class='ocrx_word' id='word_1_72' title='bbox 1162 1143 1301 1212; x_wconf 83' lang='lat' dir='ltr'><em>perimus,</em></span> <span class='ocrx_word' id='word_1_73' title='bbox 1323 1157 1409 1214; x_wconf 83' lang='lat' dir='ltr'><em>prce-</em></span> 
     </span>
     <span class='ocr_line' id='line_1_8' title="bbox 111 1230 1409 1312; baseline 0.003 -16"><span class='ocrx_word' id='word_1_74' title='bbox 111 1238 260 1296; x_wconf 82' lang='lat' dir='ltr'><em>dictornm</em></span> <span class='ocrx_word' id='word_1_75' title='bbox 282 1251 419 1295; x_wconf 80' lang='lat' dir='ltr'><em>errorum</em></span> <span class='ocrx_word' id='word_1_76' title='bbox 440 1230 534 1294; x_wconf 76' lang='lat' dir='ltr'><em>&#39;tirus</em></span> <span class='ocrx_word' id='word_1_77' title='bbox 548 1235 727 1310; x_wconf 80' lang='lat' dir='ltr'><em>pestiferum</em></span> <span class='ocrx_word' id='word_1_78' title='bbox 750 1239 875 1298; x_wconf 82' lang='lat' dir='ltr'><em>ulterius</em></span> <span class='ocrx_word' id='word_1_79' title='bbox 895 1242 1053 1312; x_wconf 74' lang='lat' dir='ltr'><em>mterare,</em></span> <span class='ocrx_word' id='word_1_80' title='bbox 1075 1258 1126 1300; x_wconf 83' lang='lat' dir='ltr'><em>seu</em></span> <span class='ocrx_word' id='word_1_81' title='bbox 1141 1243 1331 1301; x_wconf 82' lang='lat' dir='ltr'><em>dissimulare</em></span> <span class='ocrx_word' id='word_1_82' title='bbox 1346 1244 1409 1301; x_wconf 89' lang='lat' dir='ltr'><em>sine</em></span> 
     </span>
     <span class='ocr_line' id='line_1_9' title="bbox 110 1335 1409 1417; baseline 0.003 -19"><span class='ocrx_word' id='word_1_83' title='bbox 110 1335 314 1398; x_wconf 64' lang='lat' dir='ltr'><em>”Christianos</em></span> <span class='ocrx_word' id='word_1_84' title='bbox 335 1339 487 1411; x_wconf 85' lang='lat' dir='ltr'><em>retipioois</em></span> <span class='ocrx_word' id='word_1_85' title='bbox 505 1345 588 1409; x_wconf 86' lang='lat' dir='ltr'><em>noto,</em></span> <span class='ocrx_word' id='word_1_86' title='bbox 612 1343 701 1412; x_wconf 76' lang='lat' dir='ltr'><em>otene</em></span> <span class='ocrx_word' id='word_1_87' title='bbox 720 1339 895 1406; x_wconf 80' lang='lat' dir='ltr'><em>ortbodoece</em></span> <span class='ocrx_word' id='word_1_88' title='bbox 914 1339 990 1412; x_wconf 80' lang='lat' dir='ltr'><em>fidei</em></span> <span class='ocrx_word' id='word_1_89' title='bbox 1008 1343 1120 1400; x_wconf 77' lang='lat' dir='ltr'><em>inienio</em></span> <span class='ocrx_word' id='word_1_90' title='bbox 1141 1344 1221 1400; x_wconf 84' lang='lat' dir='ltr'><em>occlto</em></span> <span class='ocrx_word' id='word_1_91' title='bbox 1235 1343 1321 1402; x_wconf 82' lang='lat' dir='ltr'><em>mocio</em></span> <span class='ocrx_word' id='word_1_92' title='bbox 1333 1359 1409 1417; x_wconf 87' lang='lat' dir='ltr'><em>pos-</em></span> 
     </span>
    </p>
   </div>
   <div class='ocr_carea' id='block_1_3' title="bbox 72 1539 1507 3547">
    <p class='ocr_par' dir='ltr' id='par_1_3' title="bbox 72 1539 1507 3547">
     <span class='ocr_line' id='line_1_10' title="bbox 109 1539 1406 1624; baseline 0.003 -24"><span class='ocrx_word' id='word_1_93' title='bbox 109 1541 162 1600; x_wconf 76' lang='lat' dir='ltr'><em>sise</em></span> <span class='ocrx_word' id='word_1_94' title='bbox 186 1540 332 1620; x_wconf 77' lang='lat' dir='ltr'><em>episcopi,</em></span> <span class='ocrx_word' id='word_1_95' title='bbox 357 1557 414 1600; x_wconf 92' lang='lat' dir='ltr'><em>non</em></span> <span class='ocrx_word' id='word_1_96' title='bbox 439 1539 519 1618; x_wconf 82' lang='lat' dir='ltr'><em>digni</em></span> <span class='ocrx_word' id='word_1_97' title='bbox 542 1539 648 1619; x_wconf 85' lang='lat' dir='ltr'><em>quibus</em></span> <span class='ocrx_word' id='word_1_98' title='bbox 671 1541 707 1600; x_wconf 90' lang='lat' dir='ltr'><em>de</em></span> <span class='ocrx_word' id='word_1_99' title='bbox 730 1539 923 1619; x_wconf 81' lang='lat' dir='ltr'>loquerentur</span> <span class='ocrx_word' id='word_1_100' title='bbox 945 1544 1038 1604; x_wconf 90' lang='lat' dir='ltr'><em>amice</em></span> <span class='ocrx_word' id='word_1_101' title='bbox 1058 1543 1160 1623; x_wconf 88' lang='lat' dir='ltr'><em>populi</em></span> <span class='ocrx_word' id='word_1_102' title='bbox 1184 1545 1406 1624; x_wconf 67' lang='lat' dir='ltr'><em>Sescenti-ionis,</em></span> 
     </span>
     <span class='ocr_line' id='line_1_11' title="bbox 77 1625 1507 1724; baseline 0.003 -22"><span class='ocrx_word' id='word_1_103' title='bbox 77 1643 225 1702; x_wconf 80' lang='lat' dir='ltr'><em>tenedum</em></span> <span class='ocrx_word' id='word_1_104' title='bbox 249 1659 303 1722; x_wconf 90' lang='lat' dir='ltr'><em>pro</em></span> <span class='ocrx_word' id='word_1_105' title='bbox 326 1640 432 1719; x_wconf 83' lang='lat' dir='ltr'><em>quibus</em></span> <span class='ocrx_word' id='word_1_106' title='bbox 447 1641 524 1717; x_wconf 67' lang='lat' dir='ltr'><em>ultro</em></span> <span class='ocrx_word' id='word_1_107' title='bbox 541 1641 703 1702; x_wconf 88' lang='lat' dir='ltr'><em>interirent.</em></span> <span class='ocrx_word' id='word_1_108' title='bbox 737 1641 851 1703; x_wconf 82' lang='lat' dir='ltr'><em>Laudas</em></span> <span class='ocrx_word' id='word_1_109' title='bbox 867 1643 986 1713; x_wconf 83' lang='lat' dir='ltr'><em>iactnm,</em></span> <span class='ocrx_word' id='word_1_110' title='bbox 1010 1644 1137 1715; x_wconf 85' lang='lat' dir='ltr'><em>Decime,</em></span> <span class='ocrx_word' id='word_1_111' title='bbox 1161 1653 1190 1706; x_wconf 90' lang='lat' dir='ltr'><em>et</em></span> <span class='ocrx_word' id='word_1_112' title='bbox 1204 1647 1342 1724; x_wconf 81' lang='lat' dir='ltr'><em>pietatem</em></span> <span class='ocrx_word' id='word_1_113' title='bbox 1359 1664 1409 1706; x_wconf 57' lang='lat' dir='ltr'><em>coe</em></span> <span class='ocrx_word' id='word_1_114' title='bbox 1502 1625 1507 1634; x_wconf 39' lang='lat'>¹</span> 
     </span>
     <span class='ocr_line' id='line_1_12' title="bbox 108 1742 1406 1826; baseline 0.002 -22"><span class='ocrx_word' id='word_1_115' title='bbox 108 1742 175 1804; x_wconf 89' lang='lat' dir='ltr'><em>lero</em></span> <span class='ocrx_word' id='word_1_116' title='bbox 200 1744 241 1802; x_wconf 85' lang='lat' dir='ltr'><em>vis</em></span> <span class='ocrx_word' id='word_1_117' title='bbox 264 1743 373 1806; x_wconf 81' lang='lat' dir='ltr'><em>viderit</em></span> <span class='ocrx_word' id='word_1_118' title='bbox 396 1750 425 1804; x_wconf 93' lang='lat' dir='ltr'><em>et</em></span> <span class='ocrx_word' id='word_1_119' title='bbox 441 1742 547 1804; x_wconf 75' lang='lat' dir='ltr'><em>Christi</em></span> <span class='ocrx_word' id='word_1_120' title='bbox 570 1760 635 1804; x_wconf 89' lang='lat' dir='ltr'><em>esse</em></span> <span class='ocrx_word' id='word_1_121' title='bbox 658 1745 801 1806; x_wconf 80' lang='lat' dir='ltr'><em>sicarius?</em></span> <span class='ocrx_word' id='word_1_122' title='bbox 824 1744 908 1806; x_wconf 86' lang='lat' dir='ltr'><em>Certe</em></span> <span class='ocrx_word' id='word_1_123' title='bbox 931 1747 1008 1806; x_wconf 88' lang='lat' dir='ltr'><em>enim</em></span> <span class='ocrx_word' id='word_1_124' title='bbox 1024 1747 1181 1826; x_wconf 82' lang='lat' dir='ltr'><em>singularis</em></span> <span class='ocrx_word' id='word_1_125' title='bbox 1195 1747 1317 1812; x_wconf 76' lang='lat' dir='ltr'><em>esther</em></span> <span class='ocrx_word' id='word_1_126' title='bbox 1340 1747 1406 1807; x_wconf 90' lang='lat' dir='ltr'><em>ieri-</em></span> 
     </span>
     <span class='ocr_line' id='line_1_13' title="bbox 109 1843 1407 1928; baseline 0.002 -22"><span class='ocrx_word' id='word_1_127' title='bbox 109 1853 173 1914; x_wconf 85' lang='lat' dir='ltr'><em>tas,</em></span> <span class='ocrx_word' id='word_1_128' title='bbox 196 1844 325 1924; x_wconf 86' lang='lat' dir='ltr'><em>probare</em></span> <span class='ocrx_word' id='word_1_129' title='bbox 347 1843 426 1924; x_wconf 89' lang='lat' dir='ltr'><em>qnod</em></span> <span class='ocrx_word' id='word_1_130' title='bbox 449 1844 558 1904; x_wconf 77' lang='lat' dir='ltr'><em>effusus</em></span> <span class='ocrx_word' id='word_1_131' title='bbox 573 1846 610 1904; x_wconf 85' lang='lat' dir='ltr'><em>sit</em></span> <span class='ocrx_word' id='word_1_132' title='bbox 625 1847 743 1923; x_wconf 81' lang='lat' dir='ltr'><em>sanguis</em></span> <span class='ocrx_word' id='word_1_133' title='bbox 758 1845 950 1917; x_wconf 83' lang='lat' dir='ltr'><em>Christianus,</em></span> <span class='ocrx_word' id='word_1_134' title='bbox 973 1867 1050 1917; x_wconf 87' lang='lat' dir='ltr'><em>enm,</em></span> <span class='ocrx_word' id='word_1_135' title='bbox 1073 1855 1105 1908; x_wconf 89' lang='lat' dir='ltr'><em>nt</em></span> <span class='ocrx_word' id='word_1_136' title='bbox 1121 1847 1283 1928; x_wconf 79' lang='lat' dir='ltr'><em>Cyprianus</em></span> <span class='ocrx_word' id='word_1_137' title='bbox 1298 1855 1407 1916; x_wconf 86' lang='lat' dir='ltr'><em>monet,</em></span> 
     </span>
     <span class='ocr_line' id='line_1_14' title="bbox 109 1947 1407 2028; baseline 0.002 -20"><span class='ocrx_word' id='word_1_138' title='bbox 109 1947 302 2008; x_wconf 78' lang='lat' dir='ltr'><em>conscientie</em></span> <span class='ocrx_word' id='word_1_139' title='bbox 325 1947 454 2023; x_wconf 84' lang='lat' dir='ltr'><em>episcopi</em></span> <span class='ocrx_word' id='word_1_140' title='bbox 472 1947 640 2016; x_wconf 81' lang='lat' dir='ltr'><em>conveniat,</em></span> <span class='ocrx_word' id='word_1_141' title='bbox 664 1947 735 2007; x_wconf 91' lang='lat' dir='ltr'><em>dare</em></span> <span class='ocrx_word' id='word_1_142' title='bbox 751 1965 888 2025; x_wconf 89' lang='lat' dir='ltr'><em>oporam,</em></span> <span class='ocrx_word' id='word_1_143' title='bbox 905 1967 942 2010; x_wconf 90' lang='lat' dir='ltr'><em>ne</em></span> <span class='ocrx_word' id='word_1_144' title='bbox 959 1951 1024 2027; x_wconf 88' lang='lat' dir='ltr'><em>quis</em></span> <span class='ocrx_word' id='word_1_145' title='bbox 1038 1951 1171 2028; x_wconf 88' lang='lat' dir='ltr'><em>ipsorum</em></span> <span class='ocrx_word' id='word_1_146' title='bbox 1187 1949 1273 2028; x_wconf 90' lang='lat' dir='ltr'><em>culpa</em></span> <span class='ocrx_word' id='word_1_147' title='bbox 1296 1957 1407 2028; x_wconf 79' lang='lat' dir='ltr'><em>pereat.</em></span> 
     </span>
     <span class='ocr_line' id='line_1_15' title="bbox 109 2044 1408 2130; baseline 0.002 -22"><span class='ocrx_word' id='word_1_148' title='bbox 109 2046 246 2108; x_wconf 65' lang='lat' dir='ltr'><em>”Landat</em></span> <span class='ocrx_word' id='word_1_149' title='bbox 274 2044 451 2109; x_wconf 79' lang='lat' dir='ltr'><em>adulatrices</em></span> <span class='ocrx_word' id='word_1_150' title='bbox 478 2045 690 2122; x_wconf 70' lang='lat' dir='ltr'><em>meretriculas</em></span> <span class='ocrx_word' id='word_1_151' title='bbox 756 2049 914 2110; x_wconf 68' lang='lat' dir='ltr'><em>‘nomene</em></span> <span class='ocrx_word' id='word_1_152' title='bbox 942 2053 1072 2128; x_wconf 84' lang='lat' dir='ltr'><em>piretlcae</em></span> <span class='ocrx_word' id='word_1_153' title='bbox 1100 2059 1127 2111; x_wconf 92' lang='lat' dir='ltr'><em>et</em></span> <span class='ocrx_word' id='word_1_154' title='bbox 1157 2052 1313 2130; x_wconf 70' lang='lat' dir='ltr'><em>pontilicis</em></span> <span class='ocrx_word' id='word_1_155' title='bbox 1341 2052 1408 2112; x_wconf 90' lang='lat' dir='ltr'><em>dico</em></span> 
     </span>
     <span class='ocr_line' id='line_1_16' title="bbox 76 2147 1409 2230; baseline 0.002 -20"><span class='ocrx_word' id='word_1_156' title='bbox 76 2157 304 2226; x_wconf 75' lang='lat' dir='ltr'><em>tegrassatnrae.</em></span> <span class='ocrx_word' id='word_1_157' title='bbox 369 2147 443 2209; x_wconf 72' lang='lat' dir='ltr'><em>‘&#39;L&#39;bi</em></span> <span class='ocrx_word' id='word_1_158' title='bbox 466 2149 614 2218; x_wconf 86' lang='lat' dir='ltr'><em>doctrina,</em></span> <span class='ocrx_word' id='word_1_159' title='bbox 645 2150 720 2218; x_wconf 89' lang='lat' dir='ltr'><em>Leo,</em></span> <span class='ocrx_word' id='word_1_160' title='bbox 744 2149 795 2210; x_wconf 91' lang='lat' dir='ltr'><em>ubi</em></span> <span class='ocrx_word' id='word_1_161' title='bbox 819 2153 924 2212; x_wconf 82' lang='lat' dir='ltr'><em>ceritas</em></span> <span class='ocrx_word' id='word_1_162' title='bbox 946 2153 976 2214; x_wconf 94' lang='lat' dir='ltr'><em>in</em></span> <span class='ocrx_word' id='word_1_163' title='bbox 998 2154 1032 2214; x_wconf 88' lang='lat' dir='ltr'><em>iis</em></span> <span class='ocrx_word' id='word_1_164' title='bbox 1048 2153 1170 2214; x_wconf 75' lang='lat' dir='ltr'><em>enituit?</em></span> <span class='ocrx_word' id='word_1_165' title='bbox 1192 2152 1256 2219; x_wconf 88' lang='lat' dir='ltr'><em>Non</em></span> <span class='ocrx_word' id='word_1_166' title='bbox 1274 2161 1302 2212; x_wconf 93' lang='lat' dir='ltr'><em>te</em></span> <span class='ocrx_word' id='word_1_167' title='bbox 1318 2153 1409 2230; x_wconf 88' lang='lat' dir='ltr'><em>pudet</em></span> 
     </span>
     <span class='ocr_line' id='line_1_17' title="bbox 110 2248 1413 2332; baseline 0.003 -22"><span class='ocrx_word' id='word_1_168' title='bbox 110 2251 150 2312; x_wconf 89' lang='lat' dir='ltr'><em>de</em></span> <span class='ocrx_word' id='word_1_169' title='bbox 175 2248 282 2312; x_wconf 88' lang='lat' dir='ltr'><em>talibus</em></span> <span class='ocrx_word' id='word_1_170' title='bbox 304 2251 423 2330; x_wconf 89' lang='lat' dir='ltr'><em>ineptiis</em></span> <span class='ocrx_word' id='word_1_171' title='bbox 445 2257 504 2312; x_wconf 89' lang='lat' dir='ltr'><em>tnm</em></span> <span class='ocrx_word' id='word_1_172' title='bbox 528 2267 648 2327; x_wconf 79' lang='lat' dir='ltr'><em>gravem</em></span> <span class='ocrx_word' id='word_1_173' title='bbox 677 2251 756 2312; x_wconf 92' lang='lat' dir='ltr'><em>lerre</em></span> <span class='ocrx_word' id='word_1_174' title='bbox 783 2255 977 2314; x_wconf 80' lang='lat' dir='ltr'><em>sententiam?</em></span> <span class='ocrx_word' id='word_1_175' title='bbox 1042 2253 1153 2324; x_wconf 69' lang='lat' dir='ltr'><em>⁰Quam</em></span> <span class='ocrx_word' id='word_1_176' title='bbox 1184 2253 1341 2332; x_wconf 87' lang='lat' dir='ltr'><em>pulchrum</em></span> <span class='ocrx_word' id='word_1_177' title='bbox 1364 2255 1413 2316; x_wconf 84' lang='lat' dir='ltr'><em>esi</em></span> 
     </span>
     <span class='ocr_line' id='line_1_18' title="bbox 109 2351 1408 2430; baseline 0.003 -18"><span class='ocrx_word' id='word_1_178' title='bbox 109 2352 280 2414; x_wconf 82' lang='lat' dir='ltr'><em>Romanum</em></span> <span class='ocrx_word' id='word_1_179' title='bbox 304 2351 424 2430; x_wconf 89' lang='lat' dir='ltr'><em>palpare</em></span> <span class='ocrx_word' id='word_1_180' title='bbox 439 2351 625 2412; x_wconf 81' lang='lat' dir='ltr'><em>Pontificem!</em></span> <span class='ocrx_word' id='word_1_181' title='bbox 647 2353 699 2414; x_wconf 90' lang='lat' dir='ltr'><em>sed</em></span> <span class='ocrx_word' id='word_1_182' title='bbox 722 2371 777 2412; x_wconf 92' lang='lat' dir='ltr'><em>nos</em></span> <span class='ocrx_word' id='word_1_183' title='bbox 799 2352 870 2414; x_wconf 88' lang='lat' dir='ltr'><em>nihil</em></span> <span class='ocrx_word' id='word_1_184' title='bbox 893 2361 990 2416; x_wconf 82' lang='lat' dir='ltr'><em>monet</em></span> <span class='ocrx_word' id='word_1_185' title='bbox 1010 2356 1152 2416; x_wconf 83' lang='lat' dir='ltr'><em>sententia</em></span> <span class='ocrx_word' id='word_1_186' title='bbox 1168 2357 1210 2416; x_wconf 90' lang='lat' dir='ltr'><em>sic</em></span> <span class='ocrx_word' id='word_1_187' title='bbox 1226 2353 1341 2424; x_wconf 76' lang='lat' dir='ltr'><em>leniter,</em></span> <span class='ocrx_word' id='word_1_188' title='bbox 1365 2356 1408 2416; x_wconf 91' lang='lat' dir='ltr'><em>sic</em></span> 
     </span>
     <span class='ocr_line' id='line_1_19' title="bbox 109 2452 1408 2534; baseline 0.006 -22"><span class='ocrx_word' id='word_1_189' title='bbox 109 2460 222 2532; x_wconf 82' lang='lat' dir='ltr'><em>praeter</em></span> <span class='ocrx_word' id='word_1_190' title='bbox 245 2453 386 2514; x_wconf 87' lang='lat' dir='ltr'><em>indicium</em></span> <span class='ocrx_word' id='word_1_191' title='bbox 409 2452 475 2513; x_wconf 86' lang='lat' dir='ltr'><em>lata.</em></span> <span class='ocrx_word' id='word_1_192' title='bbox 509 2471 564 2514; x_wconf 90' lang='lat' dir='ltr'><em>nec</em></span> <span class='ocrx_word' id='word_1_193' title='bbox 585 2452 672 2515; x_wconf 91' lang='lat' dir='ltr'><em>nobis</em></span> <span class='ocrx_word' id='word_1_194' title='bbox 694 2455 821 2533; x_wconf 84' lang='lat' dir='ltr'><em>eripient</em></span> <span class='ocrx_word' id='word_1_195' title='bbox 836 2455 1021 2519; x_wconf 85' lang='lat' dir='ltr'><em>Germaniam</em></span> <span class='ocrx_word' id='word_1_196' title='bbox 1045 2455 1171 2534; x_wconf 76' lang='lat' dir='ltr'><em>garrulae</em></span> <span class='ocrx_word' id='word_1_197' title='bbox 1193 2457 1408 2520; x_wconf 80' lang='lat' dir='ltr'><em>docticnlorunt</em></span> 
     </span>
     <span class='ocr_line' id='line_1_20' title="bbox 109 2553 1407 2635; baseline 0.002 -21"><span class='ocrx_word' id='word_1_198' title='bbox 109 2553 234 2624; x_wconf 71' lang='lat' dir='ltr'><em>schole,</em></span> <span class='ocrx_word' id='word_1_199' title='bbox 257 2562 337 2632; x_wconf 86' lang='lat' dir='ltr'><em>post,</em></span> <span class='ocrx_word' id='word_1_200' title='bbox 361 2571 451 2634; x_wconf 86' lang='lat' dir='ltr'><em>qnam</em></span> <span class='ocrx_word' id='word_1_201' title='bbox 473 2554 564 2616; x_wconf 87' lang='lat' dir='ltr'><em>semel</em></span> <span class='ocrx_word' id='word_1_202' title='bbox 588 2555 769 2618; x_wconf 85' lang='lat' dir='ltr'><em>liberandam</em></span> <span class='ocrx_word' id='word_1_203' title='bbox 793 2559 986 2635; x_wconf 87' lang='lat' dir='ltr'><em>suscepimus.</em></span> <span class='ocrx_word' id='word_1_204' title='bbox 1054 2556 1134 2620; x_wconf 75' lang='lat' dir='ltr'><em>‘l‘nlt</em></span> <span class='ocrx_word' id='word_1_205' title='bbox 1158 2557 1255 2620; x_wconf 80' lang='lat' dir='ltr'><em>literas</em></span> <span class='ocrx_word' id='word_1_206' title='bbox 1275 2561 1351 2619; x_wconf 90' lang='lat' dir='ltr'><em>sciro</em></span> <span class='ocrx_word' id='word_1_207' title='bbox 1368 2561 1407 2618; x_wconf 83' lang='lat' dir='ltr'><em>vi·</em></span> 
     </span>
     <span class='ocr_line' id='line_1_21' title="bbox 72 2643 1407 2738; baseline 0 -18"><span class='ocrx_word' id='word_1_208' title='bbox 72 2659 178 2720; x_wconf 77' lang='lat' dir='ltr'><em>ooderi</em></span> <span class='ocrx_word' id='word_1_209' title='bbox 206 2656 254 2718; x_wconf 84' lang='lat' dir='ltr'><em>nic</em></span> <span class='ocrx_word' id='word_1_210' title='bbox 283 2656 425 2734; x_wconf 83' lang='lat' dir='ltr'><em>Copiista,</em></span> <span class='ocrx_word' id='word_1_211' title='bbox 455 2664 488 2717; x_wconf 87' lang='lat' dir='ltr'><em>et·</em></span> <span class='ocrx_word' id='word_1_212' title='bbox 512 2643 624 2734; x_wconf 83' lang='lat' dir='ltr'><em>plenus</em></span> <span class='ocrx_word' id='word_1_213' title='bbox 645 2665 689 2718; x_wconf 90' lang='lat' dir='ltr'><em>est</em></span> <span class='ocrx_word' id='word_1_214' title='bbox 710 2676 816 2718; x_wconf 90' lang='lat' dir='ltr'><em>rernm</em></span> <span class='ocrx_word' id='word_1_215' title='bbox 846 2660 1005 2737; x_wconf 86' lang='lat' dir='ltr'><em>antiquitus</em></span> <span class='ocrx_word' id='word_1_216' title='bbox 1034 2668 1194 2738; x_wconf 81' lang='lat' dir='ltr'><em>gestarum.</em></span> <span class='ocrx_word' id='word_1_217' title='bbox 1258 2657 1407 2721; x_wconf 76' lang='lat' dir='ltr'><em>‘Tandem</em></span> 
     </span>
     <span class='ocr_line' id='line_1_22' title="bbox 109 2737 1408 2838; baseline 0.002 -19"><span class='ocrx_word' id='word_1_218' title='bbox 109 2737 245 2820; x_wconf 79' lang='lat' dir='ltr'><em>olilcinm</em></span> <span class='ocrx_word' id='word_1_219' title='bbox 268 2759 344 2818; x_wconf 86' lang='lat' dir='ltr'><em>iecit.</em></span> <span class='ocrx_word' id='word_1_220' title='bbox 368 2758 419 2818; x_wconf 86' lang='lat' dir='ltr'><em>sed</em></span> <span class='ocrx_word' id='word_1_221' title='bbox 441 2757 507 2818; x_wconf 89' lang='lat' dir='ltr'><em>vide</em></span> <span class='ocrx_word' id='word_1_222' title='bbox 530 2775 567 2818; x_wconf 90' lang='lat' dir='ltr'><em>ne</em></span> <span class='ocrx_word' id='word_1_223' title='bbox 582 2757 712 2819; x_wconf 86' lang='lat' dir='ltr'><em>abuteris</em></span> <span class='ocrx_word' id='word_1_224' title='bbox 728 2765 871 2838; x_wconf 87' lang='lat' dir='ltr'><em>potestate</em></span> <span class='ocrx_word' id='word_1_225' title='bbox 886 2767 950 2830; x_wconf 87' lang='lat' dir='ltr'><em>tua,</em></span> <span class='ocrx_word' id='word_1_226' title='bbox 975 2779 1033 2822; x_wconf 90' lang='lat' dir='ltr'><em>non</em></span> <span class='ocrx_word' id='word_1_227' title='bbox 1049 2763 1077 2821; x_wconf 91' lang='lat' dir='ltr'><em>in</em></span> <span class='ocrx_word' id='word_1_228' title='bbox 1095 2761 1332 2830; x_wconf 77' lang='lat' dir='ltr'><em>edificationem,</em></span> <span class='ocrx_word' id='word_1_229' title='bbox 1354 2762 1408 2822; x_wconf 83' lang='lat' dir='ltr'><em>set</em></span> 
     </span>
     <span class='ocr_line' id='line_1_23' title="bbox 109 2858 1406 2935; baseline 0 -13"><span class='ocrx_word' id='word_1_230' title='bbox 109 2863 140 2922; x_wconf 91' lang='lat' dir='ltr'><em>in</em></span> <span class='ocrx_word' id='word_1_231' title='bbox 165 2860 407 2922; x_wconf 80' lang='lat' dir='ltr'><em>destructionem.</em></span> <span class='ocrx_word' id='word_1_232' title='bbox 431 2858 517 2935; x_wconf 84' lang='lat' dir='ltr'><em>Certe</em></span> <span class='ocrx_word' id='word_1_233' title='bbox 536 2860 702 2920; x_wconf 86' lang='lat' dir='ltr'><em>sacerdotis</em></span> <span class='ocrx_word' id='word_1_234' title='bbox 726 2866 782 2930; x_wconf 84' lang='lat' dir='ltr'><em>est,</em></span> <span class='ocrx_word' id='word_1_235' title='bbox 806 2868 839 2921; x_wconf 89' lang='lat' dir='ltr'><em>ut</em></span> <span class='ocrx_word' id='word_1_236' title='bbox 859 2860 1015 2923; x_wconf 78' lang='lat' dir='ltr'><em>Ambrosio</em></span> <span class='ocrx_word' id='word_1_237' title='bbox 1038 2864 1168 2934; x_wconf 81' lang='lat' dir='ltr'><em>ridetur,</em></span> <span class='ocrx_word' id='word_1_238' title='bbox 1192 2862 1264 2924; x_wconf 89' lang='lat' dir='ltr'><em>nulli</em></span> <span class='ocrx_word' id='word_1_239' title='bbox 1287 2881 1406 2933; x_wconf 89' lang='lat' dir='ltr'><em>nocere,</em></span> 
     </span>
     <span class='ocr_line' id='line_1_24' title="bbox 110 2958 1407 3042; baseline 0.002 -20"><span class='ocrx_word' id='word_1_240' title='bbox 110 2961 256 3042; x_wconf 83' lang='lat' dir='ltr'><em>prodesse</em></span> <span class='ocrx_word' id='word_1_241' title='bbox 271 2958 346 3022; x_wconf 84' lang='lat' dir='ltr'><em>velle</em></span> <span class='ocrx_word' id='word_1_242' title='bbox 361 2959 508 3022; x_wconf 90' lang='lat' dir='ltr'><em>omnibns.</em></span> <span class='ocrx_word' id='word_1_243' title='bbox 574 2959 717 3022; x_wconf 73' lang='lat' dir='ltr'><em>helttende</em></span> <span class='ocrx_word' id='word_1_244' title='bbox 732 2964 919 3024; x_wconf 87' lang='lat' dir='ltr'><em>commissam</em></span> <span class='ocrx_word' id='word_1_245' title='bbox 935 2963 1027 3025; x_wconf 90' lang='lat' dir='ltr'><em>Leoni</em></span> <span class='ocrx_word' id='word_1_246' title='bbox 1042 2967 1139 3024; x_wconf 87' lang='lat' dir='ltr'><em>orium</em></span> <span class='ocrx_word' id='word_1_247' title='bbox 1156 2965 1272 3026; x_wconf 88' lang='lat' dir='ltr'><em>curam!</em></span> <span class='ocrx_word' id='word_1_248' title='bbox 1339 2961 1407 3025; x_wconf 58' lang='lat' dir='ltr'><em>*Po-</em></span> 
     </span>
     <span class='ocr_line' id='line_1_25' title="bbox 109 3061 1409 3144; baseline 0.005 -22"><span class='ocrx_word' id='word_1_249' title='bbox 109 3065 170 3125; x_wconf 88' lang='lat' dir='ltr'><em>tius</em></span> <span class='ocrx_word' id='word_1_250' title='bbox 192 3061 336 3123; x_wconf 88' lang='lat' dir='ltr'><em>salutares</em></span> <span class='ocrx_word' id='word_1_251' title='bbox 358 3061 587 3128; x_wconf 83' lang='lat' dir='ltr'><em>admonitiones:</em></span> <span class='ocrx_word' id='word_1_252' title='bbox 610 3063 688 3140; x_wconf 91' lang='lat' dir='ltr'><em>qnod</em></span> <span class='ocrx_word' id='word_1_253' title='bbox 712 3071 742 3124; x_wconf 88' lang='lat' dir='ltr'><em>tu</em></span> <span class='ocrx_word' id='word_1_254' title='bbox 765 3081 883 3142; x_wconf 86' lang='lat' dir='ltr'><em>quoque</em></span> <span class='ocrx_word' id='word_1_255' title='bbox 899 3066 1004 3136; x_wconf 86' lang='lat' dir='ltr'><em>sentis,</em></span> <span class='ocrx_word' id='word_1_256' title='bbox 1029 3075 1057 3144; x_wconf 77' lang='lat' dir='ltr'><em>et</em></span> <span class='ocrx_word' id='word_1_257' title='bbox 1072 3066 1220 3135; x_wconf 88' lang='lat' dir='ltr'><em>ediceres,</em></span> <span class='ocrx_word' id='word_1_258' title='bbox 1244 3067 1409 3128; x_wconf 85' lang='lat' dir='ltr'><em>nisitotnm</em></span> 
     </span>
     <span class='ocr_line' id='line_1_26' title="bbox 74 3162 1408 3246; baseline 0.002 -22"><span class='ocrx_word' id='word_1_259' title='bbox 74 3171 142 3230; x_wconf 65' lang='lat' dir='ltr'><em>rste</em></span> <span class='ocrx_word' id='word_1_260' title='bbox 166 3162 332 3242; x_wconf 87' lang='lat' dir='ltr'><em>possideret</em></span> <span class='ocrx_word' id='word_1_261' title='bbox 353 3167 486 3242; x_wconf 81' lang='lat' dir='ltr'><em>pecunlae</em></span> <span class='ocrx_word' id='word_1_262' title='bbox 508 3163 636 3225; x_wconf 89' lang='lat' dir='ltr'><em>studium</em></span> <span class='ocrx_word' id='word_1_263' title='bbox 660 3172 689 3226; x_wconf 89' lang='lat' dir='ltr'><em>et</em></span> <span class='ocrx_word' id='word_1_264' title='bbox 711 3165 879 3227; x_wconf 81' lang='lat' dir='ltr'><em>ambitionis</em></span> <span class='ocrx_word' id='word_1_265' title='bbox 895 3173 1001 3226; x_wconf 89' lang='lat' dir='ltr'><em>tumor.</em></span> <span class='ocrx_word' id='word_1_266' title='bbox 1026 3167 1150 3245; x_wconf 88' lang='lat' dir='ltr'><em>proinde</em></span> <span class='ocrx_word' id='word_1_267' title='bbox 1174 3167 1244 3228; x_wconf 79' lang='lat' dir='ltr'><em>‘Veh</em></span> <span class='ocrx_word' id='word_1_268' title='bbox 1261 3166 1343 3227; x_wconf 86' lang='lat' dir='ltr'><em>vobis</em></span> <span class='ocrx_word' id='word_1_269' title='bbox 1358 3170 1408 3246; x_wconf 69' lang='lat' dir='ltr'><em>(tui</em></span> 
     </span>
     <span class='ocr_line' id='line_1_27' title="bbox 112 3258 1408 3346; baseline 0.002 -19"><span class='ocrx_word' id='word_1_270' title='bbox 112 3266 212 3328; x_wconf 87' lang='lat' dir='ltr'><em>dicitis</em></span> <span class='ocrx_word' id='word_1_271' title='bbox 234 3264 344 3326; x_wconf 88' lang='lat' dir='ltr'><em>malum</em></span> <span class='ocrx_word' id='word_1_272' title='bbox 366 3264 479 3326; x_wconf 87' lang='lat' dir='ltr'><em>honum</em></span> <span class='ocrx_word' id='word_1_273' title='bbox 502 3273 532 3326; x_wconf 92' lang='lat' dir='ltr'><em>et</em></span> <span class='ocrx_word' id='word_1_274' title='bbox 545 3264 657 3326; x_wconf 84' lang='lat' dir='ltr'><em>bonurn</em></span> <span class='ocrx_word' id='word_1_275' title='bbox 673 3265 797 3336; x_wconf 89' lang='lat' dir='ltr'><em>malum,</em></span> <span class='ocrx_word' id='word_1_276' title='bbox 822 3276 965 3346; x_wconf 89' lang='lat' dir='ltr'><em>ponentes</em></span> <span class='ocrx_word' id='word_1_277' title='bbox 981 3268 1118 3330; x_wconf 85' lang='lat' dir='ltr'><em>tenebras</em></span> <span class='ocrx_word' id='word_1_278' title='bbox 1134 3267 1244 3337; x_wconf 84' lang='lat' dir='ltr'><em>lucem.</em></span> <span class='ocrx_word' id='word_1_279' title='bbox 1268 3277 1297 3328; x_wconf 88' lang='lat' dir='ltr'><em>et</em></span> <span class='ocrx_word' id='word_1_280' title='bbox 1311 3258 1408 3330; x_wconf 81' lang='lat' dir='ltr'><em>lucem</em></span> 
     </span>
     <span class='ocr_line' id='line_1_28' title="bbox 111 3365 1409 3446; baseline -0.002 -16"><span class='ocrx_word' id='word_1_281' title='bbox 111 3367 268 3437; x_wconf 84' lang='lat' dir='ltr'><em>tenebras,</em></span> <span class='ocrx_word' id='word_1_282' title='bbox 290 3375 436 3446; x_wconf 88' lang='lat' dir='ltr'><em>ponentes</em></span> <span class='ocrx_word' id='word_1_283' title='bbox 458 3385 590 3428; x_wconf 89' lang='lat' dir='ltr'><em>amarum</em></span> <span class='ocrx_word' id='word_1_284' title='bbox 615 3369 645 3427; x_wconf 91' lang='lat' dir='ltr'><em>in</em></span> <span class='ocrx_word' id='word_1_285' title='bbox 667 3365 753 3428; x_wconf 88' lang='lat' dir='ltr'><em>dulce</em></span> <span class='ocrx_word' id='word_1_286' title='bbox 776 3376 804 3428; x_wconf 86' lang='lat' dir='ltr'><em>et</em></span> <span class='ocrx_word' id='word_1_287' title='bbox 827 3367 912 3429; x_wconf 91' lang='lat' dir='ltr'><em>dulce</em></span> <span class='ocrx_word' id='word_1_288' title='bbox 935 3371 965 3428; x_wconf 92' lang='lat' dir='ltr'><em>in</em></span> <span class='ocrx_word' id='word_1_289' title='bbox 988 3386 1120 3430; x_wconf 86' lang='lat' dir='ltr'><em>amarum</em></span> <span class='ocrx_word' id='word_1_290' title='bbox 1130 3369 1145 3428; x_wconf 87' lang='lat' dir='ltr'><em>l&#39;</em></span> <span class='ocrx_word' id='word_1_291' title='bbox 1210 3368 1319 3430; x_wconf 79' lang='lat' dir='ltr'><em>&#39;Paulo</em></span> <span class='ocrx_word' id='word_1_292' title='bbox 1341 3376 1409 3446; x_wconf 88' lang='lat' dir='ltr'><em>post</em></span> 
     </span>
     <span class='ocr_line' id='line_1_29' title="bbox 111 3465 1406 3547; baseline 0.005 -17"><span class='ocrx_word' id='word_1_293' title='bbox 111 3471 229 3530; x_wconf 87' lang='lat' dir='ltr'><em>esuries</em></span> <span class='ocrx_word' id='word_1_294' title='bbox 251 3469 344 3538; x_wconf 90' lang='lat' dir='ltr'><em>enim,</em></span> <span class='ocrx_word' id='word_1_295' title='bbox 367 3468 392 3529; x_wconf 93' lang='lat' dir='ltr'><em>si</em></span> <span class='ocrx_word' id='word_1_296' title='bbox 415 3469 501 3530; x_wconf 85' lang='lat' dir='ltr'><em>teres.</em></span> <span class='ocrx_word' id='word_1_297' title='bbox 547 3465 636 3540; x_wconf 74' lang='lat' dir='ltr'><em>&#39;&#39;Ouae</em></span> <span class='ocrx_word' id='word_1_298' title='bbox 659 3477 727 3532; x_wconf 88' lang='lat' dir='ltr'><em>notn</em></span> <span class='ocrx_word' id='word_1_299' title='bbox 750 3478 807 3538; x_wconf 89' lang='lat' dir='ltr'><em>est,</em></span> <span class='ocrx_word' id='word_1_300' title='bbox 831 3469 878 3530; x_wconf 89' lang='lat' dir='ltr'><em>dic</em></span> <span class='ocrx_word' id='word_1_301' title='bbox 900 3487 1014 3547; x_wconf 75' lang='lat' dir='ltr'><em>queso,</em></span> <span class='ocrx_word' id='word_1_302' title='bbox 1038 3472 1189 3532; x_wconf 82' lang='lat' dir='ltr'><em>veritatem</em></span> <span class='ocrx_word' id='word_1_303' title='bbox 1211 3469 1266 3531; x_wconf 88' lang='lat' dir='ltr'><em>sibi</em></span> <span class='ocrx_word' id='word_1_304' title='bbox 1282 3471 1406 3536; x_wconf 84' lang='lat' dir='ltr'><em>restitui.</em></span> 
     </span>
    </p>
   </div>
   <div class='ocr_carea' id='block_1_4' title="bbox 106 3669 1410 4836">
    <p class='ocr_par' dir='ltr' id='par_1_4' title="bbox 108 3669 1409 4160">
     <span class='ocr_line' id='line_1_30' title="bbox 109 3669 1407 3738; baseline 0.001 -16"><span class='ocrx_word' id='word_1_305' title='bbox 109 3672 182 3733; x_wconf 83' lang='lat' dir='ltr'><em>bns,</em></span> <span class='ocrx_word' id='word_1_306' title='bbox 203 3675 232 3721; x_wconf 84' lang='lat' dir='ltr'><em>et</em></span> <span class='ocrx_word' id='word_1_307' title='bbox 249 3670 310 3720; x_wconf 82' lang='lat' dir='ltr'><em>haee</em></span> <span class='ocrx_word' id='word_1_308' title='bbox 323 3670 351 3720; x_wconf 92' lang='lat' dir='ltr'><em>in</em></span> <span class='ocrx_word' id='word_1_309' title='bbox 371 3669 481 3720; x_wconf 85' lang='lat' dir='ltr'><em>dubium</em></span> <span class='ocrx_word' id='word_1_310' title='bbox 501 3675 654 3734; x_wconf 83' lang='lat' dir='ltr'><em>vertentes,</em></span> <span class='ocrx_word' id='word_1_311' title='bbox 675 3687 736 3722; x_wconf 87' lang='lat' dir='ltr'><em>cum</em></span> <span class='ocrx_word' id='word_1_312' title='bbox 755 3672 805 3723; x_wconf 81' lang='lat' dir='ltr'><em>ille</em></span> <span class='ocrx_word' id='word_1_313' title='bbox 823 3689 877 3724; x_wconf 92' lang='lat' dir='ltr'><em>non</em></span> <span class='ocrx_word' id='word_1_314' title='bbox 896 3673 982 3724; x_wconf 87' lang='lat' dir='ltr'><em>solum</em></span> <span class='ocrx_word' id='word_1_315' title='bbox 1001 3689 1066 3724; x_wconf 85' lang='lat' dir='ltr'><em>vere</em></span> <span class='ocrx_word' id='word_1_316' title='bbox 1089 3688 1138 3738; x_wconf 90' lang='lat' dir='ltr'><em>per</em></span> <span class='ocrx_word' id='word_1_317' title='bbox 1156 3689 1186 3724; x_wconf 85' lang='lat' dir='ltr'><em>se</em></span> <span class='ocrx_word' id='word_1_318' title='bbox 1205 3677 1233 3723; x_wconf 87' lang='lat' dir='ltr'><em>et</em></span> <span class='ocrx_word' id='word_1_319' title='bbox 1252 3671 1407 3724; x_wconf 79' lang='lat' dir='ltr'><em>essentiali-</em></span> 
     </span>
     <span class='ocr_line' id='line_1_31' title="bbox 109 3755 1407 3819; baseline -0.001 -12"><span class='ocrx_word' id='word_1_320' title='bbox 109 3763 155 3807; x_wconf 84' lang='lat' dir='ltr'><em>ter</em></span> <span class='ocrx_word' id='word_1_321' title='bbox 171 3755 287 3806; x_wconf 74' lang='lat' dir='ltr'><em>hnmani</em></span> <span class='ocrx_word' id='word_1_322' title='bbox 307 3755 430 3819; x_wconf 87' lang='lat' dir='ltr'><em>eorporis</em></span> <span class='ocrx_word' id='word_1_323' title='bbox 448 3755 536 3806; x_wconf 78' lang='lat' dir='ltr'><em>sorore</em></span> <span class='ocrx_word' id='word_1_324' title='bbox 555 3757 671 3818; x_wconf 84' lang='lat' dir='ltr'><em>existat,</em></span> <span class='ocrx_word' id='word_1_325' title='bbox 690 3756 762 3807; x_wconf 87' lang='lat' dir='ltr'><em>sicut</em></span> <span class='ocrx_word' id='word_1_326' title='bbox 780 3759 809 3808; x_wconf 89' lang='lat' dir='ltr'><em>in</em></span> <span class='ocrx_word' id='word_1_327' title='bbox 828 3773 934 3808; x_wconf 84' lang='lat' dir='ltr'><em>canone</em></span> <span class='ocrx_word' id='word_1_328' title='bbox 954 3757 1045 3808; x_wconf 82' lang='lat' dir='ltr'><em>felicis</em></span> <span class='ocrx_word' id='word_1_329' title='bbox 1064 3758 1263 3810; x_wconf 81' lang='lat' dir='ltr'><em>recordationis</em></span> <span class='ocrx_word' id='word_1_330' title='bbox 1282 3756 1407 3808; x_wconf 86' lang='lat' dir='ltr'><em>Clemen-</em></span> 
     </span>
     <span class='ocr_line' id='line_1_32' title="bbox 110 3838 1408 3906; baseline -0.002 -15"><span class='ocrx_word' id='word_1_331' title='bbox 110 3843 147 3891; x_wconf 84' lang='lat' dir='ltr'><em>tis</em></span> <span class='ocrx_word' id='word_1_332' title='bbox 168 3855 250 3906; x_wconf 81' lang='lat' dir='ltr'><em>pnpae</em></span> <span class='ocrx_word' id='word_1_333' title='bbox 262 3839 295 3888; x_wconf 91' lang='lat' dir='ltr'><em>V.</em></span> <span class='ocrx_word' id='word_1_334' title='bbox 352 3840 380 3888; x_wconf 91' lang='lat' dir='ltr'><em>in</em></span> <span class='ocrx_word' id='word_1_335' title='bbox 399 3838 526 3903; x_wconf 75' lang='lat' dir='ltr'><em>generali</em></span> <span class='ocrx_word' id='word_1_336' title='bbox 544 3839 695 3890; x_wconf 87' lang='lat' dir='ltr'><em>Viennensi</em></span> <span class='ocrx_word' id='word_1_337' title='bbox 716 3841 835 3892; x_wconf 85' lang='lat' dir='ltr'><em>coneilio</em></span> <span class='ocrx_word' id='word_1_338' title='bbox 855 3843 928 3892; x_wconf 87' lang='lat' dir='ltr'><em>edito</em></span> <span class='ocrx_word' id='word_1_339' title='bbox 948 3844 1118 3906; x_wconf 86' lang='lat' dir='ltr'><em>continetur,</em></span> <span class='ocrx_word' id='word_1_340' title='bbox 1138 3859 1232 3892; x_wconf 89' lang='lat' dir='ltr'><em>verum</em></span> <span class='ocrx_word' id='word_1_341' title='bbox 1257 3847 1284 3891; x_wconf 82' lang='lat' dir='ltr'><em>el</em></span> <span class='ocrx_word' id='word_1_342' title='bbox 1302 3841 1408 3890; x_wconf 85' lang='lat' dir='ltr'><em>immor-</em></span> 
     </span>
     <span class='ocr_line' id='line_1_33' title="bbox 108 3923 1408 3994; baseline -0.001 -19"><span class='ocrx_word' id='word_1_343' title='bbox 108 3925 191 3986; x_wconf 81' lang='lat' dir='ltr'><em>telis,</em></span> <span class='ocrx_word' id='word_1_344' title='bbox 212 3929 240 3974; x_wconf 85' lang='lat' dir='ltr'><em>et</em></span> <span class='ocrx_word' id='word_1_345' title='bbox 257 3939 306 3990; x_wconf 85' lang='lat' dir='ltr'><em>pro</em></span> <span class='ocrx_word' id='word_1_346' title='bbox 324 3937 475 3989; x_wconf 85' lang='lat' dir='ltr'><em>corporum,</em></span> <span class='ocrx_word' id='word_1_347' title='bbox 496 3924 594 3990; x_wconf 84' lang='lat' dir='ltr'><em>quibus</em></span> <span class='ocrx_word' id='word_1_348' title='bbox 612 3925 779 3988; x_wconf 79' lang='lat' dir='ltr'><em>infunditur,</em></span> <span class='ocrx_word' id='word_1_349' title='bbox 800 3927 973 3977; x_wconf 84' lang='lat' dir='ltr'><em>multitudine</em></span> <span class='ocrx_word' id='word_1_350' title='bbox 992 3925 1170 3994; x_wconf 81' lang='lat' dir='ltr'><em>singulariter</em></span> <span class='ocrx_word' id='word_1_351' title='bbox 1188 3923 1408 3991; x_wconf 81' lang='lat' dir='ltr'><em>multiplicabilis</em></span> 
     </span>
     <span class='ocr_line' id='line_1_34' title="bbox 113 4007 1409 4075; baseline 0.002 -17"><span class='ocrx_word' id='word_1_352' title='bbox 113 4017 145 4060; x_wconf 85' lang='lat' dir='ltr'><em>ct</em></span> <span class='ocrx_word' id='word_1_353' title='bbox 163 4007 354 4074; x_wconf 76' lang='lat' dir='ltr'><em>multiplicate.</em></span> <span class='ocrx_word' id='word_1_354' title='bbox 373 4012 401 4058; x_wconf 84' lang='lat' dir='ltr'><em>et</em></span> <span class='ocrx_word' id='word_1_355' title='bbox 420 4007 633 4074; x_wconf 76' lang='lat' dir='ltr'><em>multiplicando</em></span> <span class='ocrx_word' id='word_1_356' title='bbox 652 4011 697 4060; x_wconf 83' lang='lat' dir='ltr'><em>sit.</em></span> <span class='ocrx_word' id='word_1_357' title='bbox 733 4011 811 4073; x_wconf 82' lang='lat' dir='ltr'><em>Quod</em></span> <span class='ocrx_word' id='word_1_358' title='bbox 835 4013 983 4061; x_wconf 79' lang='lat' dir='ltr'><em>manifesto</em></span> <span class='ocrx_word' id='word_1_359' title='bbox 1009 4017 1118 4062; x_wconf 79' lang='lat' dir='ltr'><em>constat</em></span> <span class='ocrx_word' id='word_1_360' title='bbox 1140 4027 1173 4062; x_wconf 81' lang='lat' dir='ltr'><em>ex</em></span> <span class='ocrx_word' id='word_1_361' title='bbox 1196 4010 1341 4075; x_wconf 81' lang='lat' dir='ltr'><em>evangelio</em></span> <span class='ocrx_word' id='word_1_362' title='bbox 1359 4013 1409 4061; x_wconf 86' lang='lat'><em>...&#39;&#39;</em></span> 
     </span>
     <span class='ocr_line' id='line_1_35' title="bbox 108 4092 682 4160; baseline 0.002 -14"><span class='ocrx_word' id='word_1_363' title='bbox 108 4093 247 4146; x_wconf 76' lang='lat' dir='ltr'><em>Herdnin.</em></span> <span class='ocrx_word' id='word_1_364' title='bbox 261 4094 332 4144; x_wconf 73' lang='lat' dir='ltr'><em>sota</em></span> <span class='ocrx_word' id='word_1_365' title='bbox 350 4092 493 4144; x_wconf 84' lang='lat' dir='ltr'><em>concilior.</em></span> <span class='ocrx_word' id='word_1_366' title='bbox 506 4095 553 4144; x_wconf 86' lang='lat' dir='ltr'><em>tx.</em></span> <span class='ocrx_word' id='word_1_367' title='bbox 567 4111 593 4160; x_wconf 92' lang='lat' dir='ltr'><em>p.</em></span> <span class='ocrx_word' id='word_1_368' title='bbox 608 4093 682 4147; x_wconf 84' lang='grc'><strong>1719.</strong></span> 
     </span>
    </p>

    <p class='ocr_par' dir='ltr' id='par_1_5' title="bbox 106 4176 1410 4836">
     <span class='ocr_line' id='line_1_36' title="bbox 177 4176 1410 4246; baseline 0.002 -18"><span class='ocrx_word' id='word_1_369' title='bbox 177 4176 189 4210; x_wconf 81' lang='lat'>²</span> <span class='ocrx_word' id='word_1_370' title='bbox 207 4176 355 4228; x_wconf 87' lang='lat' dir='ltr'><em>Commode</em></span> <span class='ocrx_word' id='word_1_371' title='bbox 368 4177 505 4228; x_wconf 84' lang='lat' dir='ltr'><em>Lutherus</em></span> <span class='ocrx_word' id='word_1_372' title='bbox 523 4179 638 4228; x_wconf 74' lang='lat' dir='ltr'><em>rancide</em></span> <span class='ocrx_word' id='word_1_373' title='bbox 657 4179 717 4230; x_wconf 81' lang='lat' dir='ltr'><em>hoec</em></span> <span class='ocrx_word' id='word_1_374' title='bbox 730 4181 945 4232; x_wconf 81' lang='lat' dir='ltr'><em>Loveniensinm</em></span> <span class='ocrx_word' id='word_1_375' title='bbox 958 4180 1218 4246; x_wconf 87' lang='lat' dir='ltr'><em>Coloniensiumqne</em></span> <span class='ocrx_word' id='word_1_376' title='bbox 1236 4180 1341 4246; x_wconf 81' lang='lat' dir='ltr'><em>scripta</em></span> <span class='ocrx_word' id='word_1_377' title='bbox 1358 4195 1410 4230; x_wconf 78' lang='lat' dir='ltr'><em>sun</em></span> 
     </span>
     <span class='ocr_line' id='line_1_37' title="bbox 110 4261 1409 4329; baseline 0.002 -17"><span class='ocrx_word' id='word_1_378' title='bbox 110 4263 292 4328; x_wconf 84' lang='lat' dir='ltr'><em>responsione</em></span> <span class='ocrx_word' id='word_1_379' title='bbox 311 4261 371 4312; x_wconf 84' lang='lat' dir='ltr'><em>sele</em></span> <span class='ocrx_word' id='word_1_380' title='bbox 390 4263 565 4314; x_wconf 80' lang='lat' dir='ltr'><em>condiverat:</em></span> <span class='ocrx_word' id='word_1_381' title='bbox 586 4263 621 4313; x_wconf 82' lang='lat' dir='ltr'><em>ab</em></span> <span class='ocrx_word' id='word_1_382' title='bbox 641 4265 1097 4329; x_wconf 75' lang='lat' dir='ltr'><em>ipsom.Mnrti0n.1520.editae</em></span> <span class='ocrx_word' id='word_1_383' title='bbox 1116 4270 1179 4316; x_wconf 84' lang='lat' dir='ltr'><em>snut</em></span> <span class='ocrx_word' id='word_1_384' title='bbox 1199 4265 1409 4316; x_wconf 80' lang='lat' dir='ltr'><em>‘Condemnnlin</em></span> 
     </span>
     <span class='ocr_line' id='line_1_38' title="bbox 108 4345 1408 4416; baseline 0.002 -18"><span class='ocrx_word' id='word_1_385' title='bbox 108 4345 278 4398; x_wconf 71' lang='lat' dir='ltr'><em>doctrinalis</em></span> <span class='ocrx_word' id='word_1_386' title='bbox 296 4346 425 4396; x_wconf 86' lang='lat' dir='ltr'><em>librorum</em></span> <span class='ocrx_word' id='word_1_387' title='bbox 444 4347 557 4398; x_wconf 82' lang='lat' dir='ltr'><em>Martini</em></span> <span class='ocrx_word' id='word_1_388' title='bbox 576 4347 705 4410; x_wconf 82' lang='lat' dir='ltr'><em>Lntheri,</em></span> <span class='ocrx_word' id='word_1_389' title='bbox 732 4365 781 4414; x_wconf 89' lang='lat' dir='ltr'><em>per</em></span> <span class='ocrx_word' id='word_1_390' title='bbox 800 4349 931 4414; x_wconf 83' lang='lat' dir='ltr'><em>quosdam</em></span> <span class='ocrx_word' id='word_1_391' title='bbox 954 4349 1104 4416; x_wconf 77' lang='lat' dir='ltr'><em>Magistros</em></span> <span class='ocrx_word' id='word_1_392' title='bbox 1130 4355 1237 4399; x_wconf 76' lang='lat' dir='ltr'><em>inostros</em></span> <span class='ocrx_word' id='word_1_393' title='bbox 1255 4345 1408 4400; x_wconf 80' lang='lat' dir='ltr'><em>Louaniefs.</em></span> 
     </span>
     <span class='ocr_line' id='line_1_39' title="bbox 109 4425 1408 4498; baseline 0 -16"><span class='ocrx_word' id='word_1_394' title='bbox 109 4439 137 4482; x_wconf 88' lang='lat' dir='ltr'><em>et</em></span> <span class='ocrx_word' id='word_1_395' title='bbox 157 4425 299 4482; x_wconf 76' lang='lat' dir='ltr'><em>colonici.</em></span> <span class='ocrx_word' id='word_1_396' title='bbox 319 4431 405 4482; x_wconf 80' lang='lat' dir='ltr'><em>iectu.</em></span> <span class='ocrx_word' id='word_1_397' title='bbox 425 4432 578 4498; x_wconf 86' lang='lat' dir='ltr'><em>Responsio</em></span> <span class='ocrx_word' id='word_1_398' title='bbox 596 4431 768 4482; x_wconf 84' lang='lat' dir='ltr'><em>Lntherionn</em></span> <span class='ocrx_word' id='word_1_399' title='bbox 787 4433 821 4482; x_wconf 87' lang='lat' dir='ltr'><em>nd</em></span> <span class='ocrx_word' id='word_1_400' title='bbox 841 4433 955 4483; x_wconf 85' lang='lat' dir='ltr'><em>eandem</em></span> <span class='ocrx_word' id='word_1_401' title='bbox 975 4435 1240 4486; x_wconf 82' lang='lat' dir='ltr'><em>condemnationem.</em></span> <span class='ocrx_word' id='word_1_402' title='bbox 1264 4435 1408 4484; x_wconf 74' lang='lat' dir='ltr'><em>lll.D.XX.&#39;</em></span> 
     </span>
     <span class='ocr_line' id='line_1_40' title="bbox 106 4515 1407 4584; baseline 0.001 -17"><span class='ocrx_word' id='word_1_403' title='bbox 106 4517 251 4582; x_wconf 81' lang='lat' dir='ltr'><em>Repetitae</em></span> <span class='ocrx_word' id='word_1_404' title='bbox 270 4522 334 4566; x_wconf 83' lang='lat' dir='ltr'><em>sunt</em></span> <span class='ocrx_word' id='word_1_405' title='bbox 347 4516 431 4566; x_wconf 81' lang='lat' dir='ltr'><em>etiem</em></span> <span class='ocrx_word' id='word_1_406' title='bbox 444 4517 472 4566; x_wconf 90' lang='lat' dir='ltr'><em>in</em></span> <span class='ocrx_word' id='word_1_407' title='bbox 485 4517 603 4566; x_wconf 60' lang='lat' dir='ltr'><em>liutheri</em></span> <span class='ocrx_word' id='word_1_408' title='bbox 616 4515 687 4582; x_wconf 89' lang='lat' dir='ltr'><em>Opp.</em></span> <span class='ocrx_word' id='word_1_409' title='bbox 705 4525 771 4569; x_wconf 83' lang='lat' dir='ltr'><em>tom.</em></span> <span class='ocrx_word' id='word_1_410' title='bbox 783 4516 818 4566; x_wconf 94' lang='lat' dir='ltr'><em>II.</em></span> <span class='ocrx_word' id='word_1_411' title='bbox 839 4517 930 4567; x_wconf 83' lang='lat' dir='ltr'><em>Viteb.</em></span> <span class='ocrx_word' id='word_1_412' title='bbox 948 4517 1019 4571; x_wconf 82' lang='grc'><strong>1546.</strong></span> <span class='ocrx_word' id='word_1_413' title='bbox 1039 4517 1096 4572; x_wconf 87' lang='lat' dir='ltr'><em>soll.</em></span> <span class='ocrx_word' id='word_1_414' title='bbox 1110 4517 1227 4568; x_wconf 78' lang='grc'>34...44·.</span> <span class='ocrx_word' id='word_1_415' title='bbox 1269 4515 1323 4550; x_wconf 61' lang='grc' dir='ltr'><em>1Μῖ</em></span> <span class='ocrx_word' id='word_1_416' title='bbox 1335 4516 1407 4584; x_wconf 81' lang='lat' dir='ltr'><em>sing.</em></span> 
     </span>
     <span class='ocr_line' id='line_1_41' title="bbox 108 4596 1407 4668; baseline -0.002 -16"><span class='ocrx_word' id='word_1_417' title='bbox 108 4596 174 4668; x_wconf 70' lang='lat' dir='ltr'><em>fen]</em></span> <span class='ocrx_word' id='word_1_418' title='bbox 196 4600 233 4652; x_wconf 84' lang='lat' dir='ltr'><em>ci.</em></span> <span class='ocrx_word' id='word_1_419' title='bbox 248 4599 351 4650; x_wconf 79' lang='lat' dir='ltr'><em>Psalm.</em></span> <span class='ocrx_word' id='word_1_420' title='bbox 366 4600 489 4650; x_wconf 80' lang='lat' dir='ltr'><em>LXXIX.</em></span> <span class='ocrx_word' id='word_1_421' title='bbox 503 4600 541 4652; x_wconf 79' lang='lat'><em>14.</em></span> <span class='ocrx_word' id='word_1_422' title='bbox 595 4599 616 4632; x_wconf 77' lang='lat'><em>¹⁸</em></span> <span class='ocrx_word' id='word_1_423' title='bbox 635 4599 875 4652; x_wconf 80' lang='lat' dir='ltr'><em>CCEcclesiestae</em></span> <span class='ocrx_word' id='word_1_424' title='bbox 893 4601 984 4652; x_wconf 76' lang='lat' dir='ltr'><em>Vino.</em></span> <span class='ocrx_word' id='word_1_425' title='bbox 1038 4601 1058 4634; x_wconf 75' lang='lat'><em>¹⁹</em></span> <span class='ocrx_word' id='word_1_426' title='bbox 1076 4603 1146 4668; x_wconf 85' lang='lat' dir='ltr'><em>post]</em></span> <span class='ocrx_word' id='word_1_427' title='bbox 1168 4604 1407 4668; x_wconf 81' lang='lat' dir='ltr'><em>Puto,pont.i.e.,</em></span> 
     </span>
     <span class='ocr_line' id='line_1_42' title="bbox 107 4683 1408 4753; baseline -0.002 -16"><span class='ocrx_word' id='word_1_428' title='bbox 107 4685 247 4753; x_wconf 77' lang='lat' dir='ltr'><em>pontifex.</em></span> <span class='ocrx_word' id='word_1_429' title='bbox 300 4683 323 4717; x_wconf 80' lang='lat'><em>&#39;²</em></span> <span class='ocrx_word' id='word_1_430' title='bbox 341 4685 465 4736; x_wconf 79' lang='lat' dir='ltr'><em>Ambros.</em></span> <span class='ocrx_word' id='word_1_431' title='bbox 479 4685 513 4736; x_wconf 87' lang='lat' dir='ltr'><em>de</em></span> <span class='ocrx_word' id='word_1_432' title='bbox 527 4685 572 4736; x_wconf 84' lang='lat' dir='ltr'><em>off.</em></span> <span class='ocrx_word' id='word_1_433' title='bbox 586 4687 702 4736; x_wconf 86' lang='lat' dir='ltr'><em>ministr.</em></span> <span class='ocrx_word' id='word_1_434' title='bbox 717 4687 767 4736; x_wconf 92' lang='lat'><em>111.</em></span> <span class='ocrx_word' id='word_1_435' title='bbox 781 4684 805 4748; x_wconf 86' lang='grc'><em>9,</em></span> <span class='ocrx_word' id='word_1_436' title='bbox 814 4693 847 4736; x_wconf 78' lang='lat' dir='ltr'><em>ss.</em></span> <span class='ocrx_word' id='word_1_437' title='bbox 868 4685 933 4749; x_wconf 83' lang='lat' dir='ltr'><em>(Sed</em></span> <span class='ocrx_word' id='word_1_438' title='bbox 949 4688 1027 4738; x_wconf 80' lang='lat' dir='ltr'><em>odiost</em></span> <span class='ocrx_word' id='word_1_439' title='bbox 1046 4690 1120 4739; x_wconf 84' lang='lat' dir='ltr'><em>etium</em></span> <span class='ocrx_word' id='word_1_440' title='bbox 1133 4689 1221 4738; x_wconf 84' lang='lat' dir='ltr'><em>Ambr.</em></span> <span class='ocrx_word' id='word_1_441' title='bbox 1240 4701 1340 4752; x_wconf 74' lang='lat' dir='ltr'><em>„posse</em></span> <span class='ocrx_word' id='word_1_442' title='bbox 1360 4701 1408 4734; x_wconf 77' lang='lat' dir='ltr'><em>scs-</em></span> 
     </span>
     <span class='ocr_line' id='line_1_43' title="bbox 108 4765 1407 4836; baseline -0.001 -15"><span class='ocrx_word' id='word_1_443' title='bbox 108 4778 166 4822; x_wconf 84' lang='lat' dir='ltr'><em>tem</em></span> <span class='ocrx_word' id='word_1_444' title='bbox 189 4768 278 4820; x_wconf 77' lang='lat' dir='ltr'><em>soline</em></span> <span class='ocrx_word' id='word_1_445' title='bbox 296 4776 339 4820; x_wconf 86' lang='lat' dir='ltr'><em>est</em></span> <span class='ocrx_word' id='word_1_446' title='bbox 356 4767 441 4832; x_wconf 87' lang='lat' dir='ltr'><em>dei”.)</em></span> <span class='ocrx_word' id='word_1_447' title='bbox 465 4769 556 4822; x_wconf 86' lang='lat' dir='ltr'><em>Locus</em></span> <span class='ocrx_word' id='word_1_448' title='bbox 579 4775 656 4820; x_wconf 82' lang='lat' dir='ltr'><em>extat</em></span> <span class='ocrx_word' id='word_1_449' title='bbox 675 4786 735 4820; x_wconf 82' lang='lat' dir='ltr'><em>ean.</em></span> <span class='ocrx_word' id='word_1_450' title='bbox 753 4770 791 4821; x_wconf 86' lang='lat' dir='ltr'><em>lll.</em></span> <span class='ocrx_word' id='word_1_451' title='bbox 806 4772 887 4822; x_wconf 83' lang='lat' dir='ltr'><em>Ceus.</em></span> <span class='ocrx_word' id='word_1_452' title='bbox 901 4772 974 4820; x_wconf 75' lang='lat' dir='ltr'><em>xlv.</em></span> <span class='ocrx_word' id='word_1_453' title='bbox 989 4787 1031 4836; x_wconf 88' lang='lat' dir='ltr'><em>qn.</em></span> <span class='ocrx_word' id='word_1_454' title='bbox 1045 4771 1069 4822; x_wconf 82' lang='lat'><em>5.</em></span> <span class='ocrx_word' id='word_1_455' title='bbox 1121 4769 1143 4804; x_wconf 72' lang='lat'><em>²³</em></span> <span class='ocrx_word' id='word_1_456' title='bbox 1162 4767 1220 4836; x_wconf 73' lang='lat' dir='ltr'><em>Vre]</em></span> <span class='ocrx_word' id='word_1_457' title='bbox 1240 4765 1306 4822; x_wconf 81' lang='lat' dir='ltr'><em>lsai.</em></span> <span class='ocrx_word' id='word_1_458' title='bbox 1320 4770 1351 4821; x_wconf 89' lang='lat' dir='ltr'><em>V.</em></span> <span class='ocrx_word' id='word_1_459' title='bbox 1364 4767 1407 4820; x_wconf 80' lang='lat'><em>20.</em></span> 
     </span>
    </p>
   </div>
   <div class='ocr_carea' id='block_1_5' title="bbox 0 0 1724 5524">
    <p class='ocr_par' dir='ltr' id='par_1_6' title="bbox 0 0 1724 5524">
     <span class='ocr_line' id='line_1_44' title="bbox 0 0 1724 5524; baseline 0 1"><span class='ocrx_word' id='word_1_460' title='bbox 0 0 1724 5524; x_wconf 95' lang='lat' dir='ltr'><em> </em></span> 
     </span>
    </p>
   </div>
  </div>
 </body>
</html>
