3464 5526
345 399 409 494 '6⁰
497 429 619 464 uvarum
639 429 667 464 nt
687 430 778 464 nvcsit
797 429 1073 464 wiltrzrtrtttttiltltsnrt
1093 430 1195 464 ΟΒΑἸῚΟ
1215 431 1271 464 1111.
1290 431 1319 464 Ι.
1332 429 1395 466 HG·
1409 430 1434 467 Α·
1451 409 1509 468 lbll.

361 585 478 654 docuit;
501 591 532 646 tu
555 603 625 645 vero
648 601 736 663 quarn
759 602 853 644 eacus
875 587 923 662 qui
948 603 1004 644 nou
1029 585 1106 666 vides
1134 585 1252 672 omnino
1274 585 1441 662 discrepare
1464 587 1527 646 baec
1550 595 1580 646 et
1602 585 1637 646 vel

362 705 422 750 uno
445 687 622 748 detensionis
650 685 737 748 buius
763 685 897 746 membro
925 687 1097 764 flagitiosum
1128 695 1209 748 tuum
1238 687 1422 748 mendacium
1449 688 1636 767 deprehendi.

293 789 422 850 tat-Sed
445 789 481 848 de
503 787 550 848 illa
572 786 709 858 muliere,
733 789 799 867 quia
819 795 850 847 te
872 787 998 848 authore
1017 789 1131 866 prodita
1154 805 1202 850 res
1224 794 1282 857 est,
1306 790 1343 849 ita
1365 795 1398 850 ut
1419 809 1484 870 quaa
1506 791 1535 850 in
1551 791 1636 867 ipsam

313 907 317 914 ·
363 889 448 970 culpa
471 890 561 960 cadit,
585 891 658 950 citra
680 890 788 950 mortui
810 887 886 950 illius
908 890 1041 951 iniuriam
1064 891 1235 952 taceriuou
1263 893 1369 969 possit,
1398 911 1464 952 curn
1495 893 1579 970 prius
1605 889 1637 950 ob

363 981 555 1054 reverentiam
577 993 640 1054 eius
661 1009 748 1053 sexus
769 1001 867 1052 tacere
889 993 1067 1064 statuissem,
1091 993 1183 1054 dicam
1201 989 1300 1054 ut'est.
1337 993 1373 1054 Et
1388 1011 1488 1054 verum
1504 993 1551 1054 aio
1567 991 1656 1070 quoda

364 1113 447 1156 meus
469 1095 651 1173 propinquus
672 1094 708 1154 de
731 1100 780 1154 tua
802 1091 921 1154 libidine
943 1100 1062 1172 questus
1085 1093 1168 1156 nobis
1191 1101 1249 1164 est,
1271 1101 1359 1173 teque
1380 1095 1472 1174 ipsius
1493 1095 1579 1172 uxori
1602 1094 1637 1154 iu·

364 1197 500 1258 sidietum
522 1213 637 1264 assero,
662 1197 782 1274 eiusque
804 1191 972 1273 pudicitiam
995 1213 1084 1274 prece
1106 1215 1140 1256 ae
1156 1197 1256 1273 pretio
1278 1194 1434 1274 aliquando
1449 1213 1637 1276 oppugnasse,

365 1297 470 1359 deinde
491 1295 562 1358 dlud
584 1297 758 1365 obtinuisse,
782 1304 811 1358 ut
834 1299 864 1357 in
887 1306 966 1358 tuam
989 1296 1037 1358 illa
1060 1297 1247 1376 cupiditatem
1270 1300 1464 1368 consenserit,
1494 1298 1637 1380 unumque

296 1399 510 1460 §.aaobstitisse
531 1398 628 1468 vobis,
652 1399 729 1477 quod
751 1417 805 1478 per
826 1398 908 1460 illum
930 1399 1070 1476 congredi
1092 1417 1151 1460 nou
1173 1397 1287 1468 liceret:
1317 1418 1403 1479 quem
1426 1419 1493 1461 cum
1516 1398 1638 1460 animad·

363 1502 498 1564 vertisses
526 1501 676 1576 custodem
704 1500 929 1578 vigilantiorem,
943 1519 978 1562 ac
1007 1503 1166 1562 cautiorem
1194 1519 1282 1580 quam
1317 1501 1364 1564 cui
1391 1507 1422 1562 tu
1450 1500 1538 1562 verba
1575 1501 1664 1561 darem

315 1611 324 1628 ⁶
363 1621 478 1682 posses,
502 1621 557 1665 nec
579 1610 675 1666 tamen
699 1605 830 1664 vinceres
858 1603 1045 1682 cupiditatem
1073 1610 1167 1673 tuam,
1196 1606 1323 1682 nequitia
1353 1611 1494 1676 estuans,
1525 1603 1638 1664 libidine

363 1705 573 1776 inflammatus,
597 1723 697 1769 amore
717 1704 858 1793 perditus
872 1706 908 1767 ad
931 1701 1084 1766 consilium
1107 1725 1209 1768 versus
1237 1725 1269 1767 es
1297 1724 1403 1768 novum
1426 1725 1460 1767 ac
1483 1705 1638 1768 inauditum

365 1813 394 1868 et
415 1807 492 1886 quod
515 1805 622 1868 nullius
643 1807 770 1871 bominis
798 1807 862 1886 (uisi
884 1809 934 1887 qui
962 1815 991 1868 te
1019 1808 1105 1887 norit)
1128 1807 1210 1868 tides
1235 1805 1344 1887 capiat,
1375 1816 1423 1896 tua
1452 1815 1550 1868 tamen
1579 1825 1640 1890 pm·

296 1911 494 1972 §.aeternitate
523 1928 582 1970 non
612 1908 778 1986 indignum:
809 1910 917 1988 quippe
946 1910 982 1970 ad
1002 1905 1107 1999 ¹pedes¹
1128 1911 1241 1972 iuvenis
1273 1909 1425 1970 devolutus
1461 1908 1640 1988 lachrymam

364 2013 467 2080 orasti,
490 2019 522 2073 ut
543 2029 633 2094 suam,
647 2010 698 2072 tibi
723 2029 844 2072 uxorem
866 2030 966 2072 amare
987 2010 1098 2074 liceret.
1136 2011 1205 2073 llaec
1227 2019 1271 2073 est
1291 2009 1341 2072 illa
1363 2014 1451 2072 totius
1473 2009 1580 2072 fabulae
1597 2029 1668 2069 can

363 2113 528 2192 tastropbe;
552 2113 614 2175 baec
635 2111 685 2174 illa
708 2111 832 2181 llelena,
854 2101 976 2191 propter
999 2131 1086 2192 quam
1108 2113 1185 2174 istud
1209 2113 1366 2175 conflatum
1381 2113 1567 2174 incendium:
1590 2115 1640 2174 iam

354 2218 441 2278 enim
465 2218 531 2296 quia
554 2223 585 2275 tu
608 2216 704 2276 omnia
727 2215 849 2293 pudoris
870 2213 996 2276 claustra
1018 2213 1200 2296 perfregisti,
1229 2217 1319 2277 taceri
1346 2215 1403 2276 boc
1431 2233 1491 2276 non
1514 2215 1640 2280 sustinet,

295 2319 392 2379 §.sam
415 2325 509 2380 tecum
532 2319 562 2378 in
585 2323 719 2396 apertum
742 2311 993 2396 congrediendum
1017 2323 1069 2378 est.
1114 2317 1156 2378 Ad
1179 2318 1284 2397 pedes,
1306 2319 1440 2396 inquam,
1464 2316 1541 2378 illius
1562 2317 1642 2377 devo·

362 2418 440 2482 lutus
462 2438 528 2480 eum
552 2437 585 2480 ea
608 2436 710 2480 orares
732 2436 797 2498 qum
818 2427 848 2479 te
868 2420 1028 2498 impetrare
1049 2437 1107 2478 nou
1130 2418 1267 2490 decebat,
1291 2426 1320 2482 et
1342 2437 1407 2499 quae
1429 2419 1477 2480 illc
1498 2419 1641 2496 sinegas·

362 2529 407 2584 set
429 2523 571 2592 severius,
595 2528 737 2600 quantum
758 2520 813 2581 sibi
836 2519 999 2600 periculum
1021 2521 1142 2581 instaret
1163 2520 1374 2600 cognoscebat,
1404 2522 1492 2600 cmpit
1513 2527 1542 2580 te
1565 2507 1670 2580 licis-a

363 2624 418 2686 dm
445 2622 543 2684 multis
573 2641 660 2684 orare
689 2641 725 2683 ue
754 2621 808 2682 sibi
837 2629 944 2700 practer
973 2629 1053 2683 tuam
1081 2621 1251 2702 dignitatem
1289 2621 1326 2684 ob
1356 2641 1421 2684 rem
1450 2623 1641 2700 turpissimam
1719 2665 1720 2716 i

365 2725 486 2804 supplex
510 2742 602 2794 esses,
627 2743 698 2789 neve
721 2722 829 2803 aliquid
853 2731 901 2786 tua
917 2724 1099 2794 conditione,
1123 2732 1174 2785 tuo
1189 2744 1313 2805 genere,
1336 2732 1388 2787 tuo
1404 2731 1481 2785 statu
1496 2724 1641 2802 iudignum
1719 2717 1720 2736 ¹

297 2828 572 2888 sas-committeres.
608 2826 727 2889 interim
749 2827 866 2893 veritus,
890 2843 927 2886 ne
950 2827 1037 2906 (quod
1060 2826 1169 2888 iactum
1190 2830 1359 2908 posteaest)
1382 2845 1418 2890 ex
1434 2844 1535 2888 amore
1550 2824 1643 2887 uxoris

365 2934 536 2990 nasceretur
558 2928 603 2988 sui
625 2927 739 2996 odium,
763 2930 873 2989 amicos
896 2931 1022 2996 monuit,
1047 2932 1121 3007 patri
1144 2929 1277 3006 scripsit,
1300 2947 1335 2989 ac
1350 2929 1479 3007 undique
1495 2927 1643 3002 qonsilium

365 3031 459 3108 coegit
487 3029 633 3108 quomodo
661 3047 691 3090 se
719 3028 771 3090 tibi
790 3031 943 3107 eriperem
979 3050 1045 3092 eum
1074 3039 1106 3092 tu
1133 3027 1278 3110 quandam
1307 3028 1410 3092 utilem
1439 3029 1670 3108 praeiecturamu
1718 3021 1719 3027 ’

366 3131 502 3200 ollerreS,
532 3149 597 3209 quae
625 3132 790 3211 propinquo
818 3131 872 3192 tibi
896 3132 962 3192 loeo
992 3131 1104 3194 facilem
1131 3133 1167 3194 ad
1190 3131 1286 3194 scelus
1307 3133 1416 3194 aditum
1439 3131 1574 3210 prebere
1595 3147 1643 3208 po·

297 3235 479 3299 §.aaronem
501 3234 543 3294 sic
564 3239 646 3294 ratus
667 3234 810 3294 contineri
833 3252 928 3312 posse.
972 3251 1068 3313 neque
1096 3253 1151 3295 uos
1179 3233 1229 3295 illo
1257 3233 1352 3296 adbuc
1380 3234 1643 3314 tempore·victam

364 3334 467 3401 abste
490 3333 640 3396 mulierem
663 3334 843 3404 sciebamus,
873 3337 962 3398 immo
984 3334 1094 3398 nullam
1115 3343 1175 3398 tam
1198 3337 1379 3414 corruptioni
1406 3335 1563 3396 obnoxiam
1584 3351 1644 3394 esse

275 3439 279 3452 '
363 3436 624 3518 putabamusque
647 3435 687 3498 illi
709 3444 737 3498 te
759 3436 914 3515 praeierret
941 3445 991 3500 aut
1018 3456 1084 3518 quae
1110 3437 1187 3500 illius
1214 3437 1346 3518 periculo
1359 3437 1404 3514 ‚t'e
1426 3455 1527 3498 amare
1547 3434 1643 3496 vellet:

362 3540 459 3620 itaque
482 3538 576 3622 etiam,
591 3539 647 3601 boc
668 3557 728 3604 uon
750 3541 877 3619 pessime
898 3539 950 3600 abs
972 3546 1001 3600 te
1027 3540 1091 3604 lieri
1118 3526 1307 3620 putabamus,
1337 3557 1504 3619 quanquam
1533 3545 1673 3602 certumst
1716 3573 1717 3588 κ

365 3649 442 3704 esset
464 3640 611 3703 abducere
632 3639 713 3703 illum
736 3643 895 3704 attactum
918 3644 1079 3720 praevenire
1108 3650 1203 3712 tuum,
1233 3643 1309 3703 torte
1337 3641 1449 3702 tardius
1477 3639 1645 3702 conantibus

295 3743 391 3806 §.reid
414 3762 502 3824 quarn
525 3744 635 3804 astutia
657 3743 850 3804 conveniebat
872 3750 937 3803 tum.
982 3744 1018 3804 At
1039 3751 1071 3805 tu
1094 3746 1143 3824 qui
1164 3762 1294 3804 amorem
1318 3761 1377 3804 uon
1399 3744 1495 3805 ferres
1517 3749 1546 3804 et
1566 3739 1645 3802 illum
1715 3801 1716 3810 ,

363 3844 530 3906 discedendi
558 3843 710 3908 consilium
739 3848 850 3922 agitare
881 3846 997 3925 iamque
1025 3861 1106 3923 spem
1134 3847 1306 3912 frustratum
1334 3845 1370 3906 iri
1398 3852 1479 3907 tuam
1502 3859 1645 3910 cerneres,

362 3948 487 4008 statuisti
508 3945 590 4006 ilium
613 3944 725 4010 amoliri
741 3947 910 4016 custodem,
934 3946 1015 4008 illum
1031 3945 1163 4025 iugulare
1178 3945 1244 4026 plus
1260 3949 1349 4008 nimio
1365 3946 1514 4014 oculatum
1529 3947 1644 4022 argum.

364 4054 392 4110 et
414 4048 476 4108 baec
498 4054 564 4110 sunt
588 4045 635 4108 illa
657 4065 722 4126 quae
744 4055 776 4110 tu
800 4057 993 4128 conquestum
1016 4049 1144 4136 sciebas,
1167 4067 1291 4129 quaeque
1306 4049 1456 4112 verebaris
1471 4067 1518 4120 ne,
1539 4049 1562 4108 si
1585 4044 1674 4110 ela-as

364 4148 498 4219 beamur,
521 4151 550 4212 in
573 4156 603 4210 te
625 4149 700 4210 torte
723 4149 900 4228 divulgaret;
924 4149 962 4210 ob
985 4151 1072 4230 idque
1095 4158 1190 4212 morte
1204 4153 1295 4231 ipsius
1315 4149 1442 4212 liberare
1457 4157 1487 4212 te
1502 4155 1580 4212 metu
1595 4146 1643 4208 de·

240 4321 245 4332 ⁸
297 4265 354 4315 eu.
366 4251 490 4311 crevisti.
534 4251 608 4312 Rem
630 4251 723 4318 babes
744 4269 842 4312 veram
866 4259 894 4312 et
915 4252 944 4312 iu
966 4268 1023 4330 qua
1045 4254 1070 4313 si
1090 4261 1122 4313 tu
1137 4270 1242 4330 neges,
1265 4273 1298 4314 ea
1315 4261 1383 4316 suut
1397 4258 1565 4329 argumenta
1582 4267 1647 4330 quaa

289 4337 291 4342 ¹
365 4351 598 4414 manifestissime
621 4354 810 4421 convincant,
833 4359 895 4414 tum
919 4353 1049 4432 epistolae
1070 4351 1148 4414 ultro
1171 4351 1304 4435 citroque
1325 4355 1420 4416 missae
1442 4360 1535 4415 totum
1555 4368 1645 4428 nego·

431 4570 441 4604 ¹
459 4572 505 4638 qni
523 4587 577 4624 non
594 4571 672 4623 vides
689 4575 835 4655 emendasse
847 4579 877 4623 H.
890 4575 938 4624 aed
954 4575 1054 4624 nescire
1071 4588 1099 4624 ee
1117 4575 1254 4640 quomodo,
1272 4575 1332 4624 ada.
1346 4579 1372 4624 2.
1425 4574 1435 4606 ⁴
1453 4575 1539 4640 possit
1549 4577 1579 4621 ti.
1599 4587 1645 4638 po·

364 4661 420 4708 test
438 4661 460 4708 1.
526 4655 597 4711 ωηο
615 4659 639 4708 1.
660 4661 688 4706 et
704 4663 733 4707 11.
802 4657 823 4691 ¹¹
842 4665 917 4710 tuem
937 4659 1100 4725 dignitatem
1119 4661 1143 4708 t.
1168 4659 1296 4710 docorum
1313 4666 1342 4710 11.
1412 4657 1434 4692 ¹⁸
1452 4659 1523 4726 opud
1539 4673 1568 4709 aa
1585 4663 1646 4723 poet

364 4741 505 4809 iudignum
523 4740 626 4794 ΜΗ.
678 4741 700 4774 ⁸⁵
718 4743 805 4794 ‚Cum
822 4752 853 4796 Η.
906 4743 928 4776 ²⁸
947 4780 953 4793 .
974 4744 1032 4794 Imo
1049 4749 1079 4794 fl.
1098 4758 1149 4794 aee.
1164 4747 1188 4792 2.
