3406 5526
326 415 400 489 200
528 445 651 481 emente
665 445 826 480 nusronsvtt
838 446 874 482 ΑΒ
887 447 1039 482 autscarvtt
1053 445 1217 480 SCREDVLAU
1231 443 1403 478 RESPONSU-

325 607 418 662 darum
442 623 531 662 rerum
553 603 714 660 dexteritate
736 611 840 660 mature
863 605 964 680 omnia,
989 605 1011 660 si
1034 604 1115 660 modo
1138 603 1225 659 bouus
1248 604 1353 660 animus
1374 603 1601 678 bonaquevolun·

327 699 368 746 tas
391 691 473 752 adsit,
497 691 519 745 si
543 689 623 744 modo
647 707 780 762 quemque
802 688 884 744 debiti
908 686 951 744 sui
974 682 1048 745 zelus
1071 689 1175 744 [lumini
1204 698 1323 750 moveat.
1350 697 1381 746 'et
1410 688 1556 746 consultari
1576 699 1602 745 et

327 776 422 830 corilici
446 793 476 831 ac
498 773 622 831 ctrrrcludi
646 775 761 848 possint.
806 773 885 829 lloiit
906 784 1038 848 praeterea
1062 773 1164 836 Cesar,
1195 791 1249 847 quo
1278 773 1384 836 labore.
1414 793 1466 848 qua
1493 773 1602 831 dillieul·

329 869 383 916 tato
405 868 564 916 castanentum
588 859 659 916 lrunc
680 859 900 932 congregaverit,
924 875 1018 934 quem,
1042 876 1124 933 quum
1148 858 1232 914 semel
1252 858 1431 922 dissolvatur.
1460 859 1540 916 nullis
1561 861 1602 915 de-

237 968 241 973 ’
297 961 301 972 ⁴
327 947 420 1018 inceps
443 945 547 1006 artibus
569 951 616 1000 aut
637 944 858 1016 persuasionibus
881 961 1036 1018 comparare
1058 953 1254 1020 posse‘sperat.
1291 945 1378 1000 nescit
1393 945 1477 1018 igitur
1491 953 1535 1001 aut
1551 947 1623 1019 ipse·

328 1030 489 1104 autbogati
511 1038 538 1085 et
561 1030 688 1085 Oratores
711 1029 846 1102 praedicti.
874 1046 923 1085 cur
952 1028 1017 1103 ipsis
1039 1027 1209 1102 Principibus
1237 1037 1265 1086 et
1290 1028 1413 1086 Stalibus
1442 1039 1540 1086 tantam
1566 1031 1601 1086 rei

329 1117 516 1170 necessitatem
540 1115 732 1206 procrastinari
749 1112 848 1175 liccat.
873 1121 900 1170 et
923 1121 964 1170 tot
985 1099 1129 1187 dignor'iun
1152 1115 1271 1170 virorum
1300 1123 1413 1176 cretum.
1444 1123 1486 1171 tot
1511 1114 1602 1171 labori·

330 1201 394 1261 lum,
419 1207 460 1256 tot
482 1201 610 1274 impensis
634 1200 659 1253 in
683 1215 764 1254 unum
788 1199 945 1262 redactum,
975 1216 1030 1254 raon
1051 1199 1153 1276 absque
1177 1199 1262 1255 totius
1284 1200 1341 1255 lere
1363 1199 1439 1255 orbis
1462 1198 1602 1273 obprobrio
1637 1204 1642 1212 “

330 1286 435 1341 iniectis
458 1285 538 1340 rebus
561 1283 694 1340 inutiliter
715 1284 798 1339 abire.
843 1283 969 1356 Cogitant
992 1285 1082 1357 itaque
1104 1301 1195 1340 seeum
1218 1284 1328 1358 singule
1355 1293 1383 1340 et
1410 1285 1553 1346 maturius.
1579 1293 1602 1339 et

330 1379 411 1426 tautm
436 1371 474 1425 rei
498 1369 674 1443 rnagrritudiui
698 1386 731 1440 aq
752 1369 904 1425 necessitati
928 1369 1105 1442 procurandae
1132 1367 1290 1441 diligentius
1319 1369 1460 1431 insistant,
1488 1377 1515 1425 et
1543 1371 1630 1428 totisu

329 1457 425 1512 auinris
448 1456 587 1528 tregestium
609 1455 831 1528 complectantur.
869 1453 969 1520 Quodsi
992 1472 1020 1509 se
1043 1453 1107 1509 nibil
1131 1453 1348 1528 debererputaut
1371 1455 1404 1520 iis
1427 1456 1472 1528 qui
1496 1455 1520 1509 in
1543 1473 1603 1528 pra»-

330 1541 399 1596 senti
422 1538 544 1614 periculo
567 1549 645 1601 sunt,
668 1540 790 1616 cogitent
811 1547 900 1594 minen
924 1557 953 1594 se
974 1538 1072 1595 debere
1095 1540 1213 1614 posteris
1236 1540 1308 1600 suis,
1332 1557 1402 1613 quos
1423 1541 1475 1595 nisi
1498 1540 1529 1595 ab
1544 1540 1602 1613 ipsis

329 1633 361 1680 ut
389 1642 460 1680 narnc
489 1624 582 1680 utilius
611 1624 692 1682 luerit
719 1623 889 1691 corrsultum,
918 1624 944 1678 in
972 1624 1063 1680 eadem
1092 1623 1173 1698 paulo
1202 1632 1264 1697 post
1292 1624 1350 1679 navi
1380 1631 1408 1680 et
1438 1641 1492 1679 uon
1515 1624 1601 1679 minori

331 1709 452 1783 periendo
474 1709 595 1766 relicturi
618 1717 690 1766 sunt.
734 1708 833 1778 Quodsi
857 1707 963 1764 taudem
979 1717 1006 1764 et
1021 1727 1086 1766 suos
1102 1717 1292 1774 conteramunt,
1317 1709 1477 1783 resipiscant
1497 1709 1601 1768 demum,

330 1803 358 1849 et
381 1795 517 1850 intrantur
539 1812 567 1850 se
590 1795 657 1850 lraue
679 1795 849 1868 propositam
863 1781 1067 1867 'expeditionem
1090 1794 1197 1850 Christo
1219 1795 1273 1850 lico
1297 1794 1342 1867 qui
1359 1793 1521 1850 Catholicam
1542 1794 1629 1848 naseu

329 1878 425 1940 lidem.
449 1880 491 1934 cui
515 1881 569 1935 nati
592 1889 670 1940 saint.
695 1881 825 1953 sanguine
841 1895 891 1935 suo
908 1879 1042 1943 fundavit,
1066 1879 1137 1934 oanni
1154 1880 1228 1941 iuro.
1252 1879 1322 1936 omni
1338 1886 1442 1934 semota
1458 1879 1602 1953 exceptione

286 1972 287 1976 ’
329 1964 436 2020 debere.
481 1963 582 2021 Sisteut
611 1965 708 2037 igitur,
738 1981 769 2020 ac
797 1963 829 2019 ad
857 1963 1035 2020 salubriorem
1063 1963 1290 2022 consultationem
1319 1963 1444 2026 redeant,
1479 1963 1602 2037 rebusque
1638 1973 1640 1976 '

330 2048 455 2104 omnibus
477 2058 581 2106 mature
604 2050 782 2130 discessiset
804 2049 837 2104 ad
860 2049 986 2105 amussim
1009 2049 1165 2126 perpensis,
1189 2065 1248 2104 cum
1270 2050 1375 2110 caeteris
1390 2047 1545 2105 Christianis
1559 2049 1602 2104 lle·

330 2134 410 2207 gibus
434 2152 465 2190 ac
486 2135 685 2208 potentatibus,
710 2134 755 2208 qui
771 2135 803 2190 ad
819 2133 871 2190 boc
886 2135 1011 2190 ardentes
1026 2143 1054 2192 et
1068 2133 1159 2208 cupidi
1175 2133 1318 2201 accedunt.
1340 2135 1491 2190 concordes
1506 2142 1532 2190 et
1545 2151 1601 2188 una·

329 2220 414 2275 ninres
444 2220 616 2294 propositum
645 2239 659 2276 a
682 2217 856 2275 sanctissimo
878 2219 991 2274 Domino
1019 2227 1114 2275 nostro
1142 2225 1170 2274 et
1198 2217 1309 2292 reliquis
1336 2219 1478 2292 negotium
1506 2228 1532 2276 et
1556 2218 1630 2296 ipsiu

328 2302 382 2361 laeti
407 2305 589 2379 intrepidique
612 2303 776 2378 suscipient,
802 2304 834 2358 iis
856 2312 1074 2377 tamensemper
1095 2303 1218 2378 repetitis
1241 2305 1381 2362 modisac
1403 2303 1600 2364 conditionibus.

330 2405 395 2464 quas
418 2388 445 2460 ip
468 2390 520 2445 boc
541 2389 695 2463 Principum
720 2388 856 2444 Conventa
879 2397 907 2445 et
929 2389 987 2463 ipsa
1009 2389 1127 2446 Caesarea
1143 2389 1267 2445 blaiestas
1289 2397 1317 2445 et
1332 2389 1436 2448 Sanctae
1452 2389 1602 2463 Apostolirae

329 2474 400 2529 sedis
421 2475 514 2547 Legati
538 2473 569 2530 ab
592 2474 670 2529 initio
693 2481 909 2548 proposuerunt,
934 2492 1130 2549 quamcumque
1154 2474 1277 2531 videlicet
1298 2474 1437 2549 pecuniam
1460 2483 1489 2530 et
1509 2473 1601 2548 singula

329 2559 356 2614 in
379 2559 404 2614 id
427 2560 566 2633 negotium
589 2557 687 2616 collata
711 2557 890 2614 emolumenta
913 2567 940 2614 et
962 2560 1104 2634 suffragia,
1128 2577 1188 2634 quae
1210 2577 1259 2634 per
1280 2560 1431 2616 universam
1448 2559 1600 2619 Germaniam

330 2641 439 2718 quoque
462 2644 740 2719 mouoeotttgenmr,
769 2644 795 2698 in
819 2643 922 2700 nudum
950 2643 1065 2700 alienum
1094 2663 1186 2708 usum,
1215 2643 1316 2700 nullius
1343 2644 1463 2700 bominis
1490 2645 1627 2706 arbitrioti

281 2745 283 2752 ⁴
329 2747 409 2802 (quem
433 2729 459 2784 in
483 2730 629 2786 'lurcorum
653 2727 864 2802 expeditionem,
887 2737 914 2784 et
937 2747 989 2803 pro
1010 2730 1133 2804 ipsorum
1155 2729 1309 2804 Principum
1332 2739 1360 2786 et
1374 2728 1499 2786 Statuam
1520 2729 1601 2786 volun·

285 2857 287 2864 ,
329 2822 385 2870 tate
408 2831 438 2870 ac
460 2813 783 2889 dispositione·eonverti
806 2823 833 2870 et
856 2813 1037 2870 administrari
1058 2814 1167 2872 debere.

395 2946 474 3006 „Iste
492 2945 619 3009 (Bzovius
638 2944 739 3011 pergit)
759 2943 853 2996 Ceasar
870 2946 1067 3011 respondebat,
1089 2945 1204 2998 consilio
1216 2945 1323 2998 alberti
1334 2946 1541 3012 archiepiscopi
1554 2947 1601 2996 sni·

328 3033 426 3084 mattis.
462 3032 516 3080 Eos
538 3036 569 3080 ut
591 3030 626 3081 ad
650 3028 751 3080 bellum
775 3030 888 3080 Sacrum
910 3031 1041 3081 Pontifex
1064 3031 1181 3097 amplius
1204 3032 1348 3094 incitaret,
1378 3031 1485 3082 Caesau
1508 3031 1601 3096 quidem

329 3114 450 3178 eludium
470 3121 498 3165 et
515 3114 631 3182 pileum,
650 3115 763 3166 Alberto
782 3121 873 3182 autem
891 3115 1055 3185 dignitatem
1075 3115 1284 3166 Cardinalitiam
1303 3117 1465 3168 transmisit.
1501 3121 1628 3181 utraqueee

329 3197 450 3264 insignia
468 3199 625 3252 Cardinelis
639 3200 796 3266 ,Caietonus
813 3202 937 3266 Legatus
956 3189 1067 3262 detulit,
1088 3206 1115 3251 et
1133 3202 1162 3251 in
1181 3201 1275 3252 eodem
1293 3201 1454 3266 augustano
1474 3203 1602 3252 Conventa

328 3287 436 3348 utrique
454 3286 676 3350 representavit,
695 3285 746 3335 boe
763 3285 858 3335 ordine
870 3281 955 3349 ‘quem
974 3285 1090 3336 Iacobus
1108 3287 1227 3340 Manlius
1245 3287 1457 3352 Friburgensis,
1482 3287 1603 3338 Historia·

231 3383 234 3389 ·
312 3370 449 3441 'graphas
468 3373 496 3420 et
514 3369 694 3424 Consiliorius
713 3369 871 3432 Caesareus,
891 3370 920 3418 in
937 3365 987 3420 sira
1006 3369 1149 3421 historiola
1166 3371 1326 3437 descripsit,
1351 3386 1433 3437 quem
1457 3373 1602 3422 adscribere

327 3458 442 3507 ursum'.
858 3457 861 3464 '

398 3640 560 3709 ¹boneque]
583 3643 657 3694 bone
672 3644 731 3692 23.
784 3640 923 3692 ²moneat
939 3645 965 3691 2.
1017 3641 1229 3693 ‘dissolvantur
1240 3647 1267 3694 2.
1324 3641 1601 3709 *praevenientibus

328 3727 464 3794 ⁸proprio
484 3731 507 3780 1.
549 3727 570 3761 ¹⁷
588 3727 803 3778 consulationem
820 3729 847 3776 2.
885 3725 908 3759 ²²
926 3725 1050 3777 Covontu
1068 3729 1093 3778 2.
1130 3731 1158 3778 et
1177 3725 1214 3793 S.]
1234 3745 1268 3778 ae
1286 3743 1308 3778 s.
1322 3731 1377 3778 m.
1412 3725 1435 3762 ²⁴
1454 3730 1490 3781 ab
1501 3728 1601 3780 emti.

328 3811 350 3846 ³⁴
368 3809 508 3877 nesactio
526 3801 578 3878 etus
597 3821 660 3877 aaut
679 3814 820 3865 tituenus
839 3809 986 3878 terlitiu'ttl
1002 3823 1057 3865 ortu
1076 3811 1231 3878 eeclesiastico
1249 3810 1340 3874 nette.
1352 3812 1469 3878 §ueniti
1482 3811 1600 3877 autentu.

329 3898 456 3952 litlebrtttn
473 3912 541 3952 auno
556 3898 662 3950 bomini.
679 3896 683 3962 Ι
700 3895 772 3946 1518.
790 3894 794 3963 Ι
810 3895 941 3972 (Sirbieeta
957 3903 998 3956 eet
1014 3887 1204 3962 mploprapdiea
1221 3899 1319 3963 effipiee
1333 3901 1411 3964 pueri
1425 3901 1532 3964 etodium
1548 3899 1600 3947 dee

328 3991 386 4033 tera
404 3991 429 4033 et
445 3983 535 4048 pileum
558 3983 663 4032 sinistra
685 3982 816 4043 teneretis.)
852 3983 925 4046 Folia
941 3981 958 4032 8
977 3983 1003 4031 ie
1020 3983 1067 4045 4⁰,
1091 3985 1117 4032 in
1139 3997 1243 4048 quarum
1265 3985 1345 4036 ultiuet
1363 3986 1448 4048 prima
1466 3987 1557 4050 pupius
1571 3985 1600 4030 n-

327 4071 489 4135 utputa-puto
508 4068 642 4119 Mantiane
660 4069 763 4132 depicta
779 4073 845 4117 sient.
880 4064 903 4099 ⁸⁴
921 4067 1066 4132 Repetitus
1085 4072 1129 4117 est
1145 4066 1256 4118 libellus
1275 4067 1358 4117 etiam
1382 4069 1411 4118 in
1429 4067 1527 4118 Rerum
1543 4065 1599 4117 Ger·

329 4155 445 4206 uronice.
460 4153 530 4204 Scrr.
545 4169 577 4202 ex
596 4151 661 4202 bibl.
680 4151 793 4202 Frelreri
820 4167 874 4202 eur.
895 4151 1002 4202 Stmuio
1021 4151 1098 4202 editt.
1117 4155 1180 4201 tom.
1198 4153 1234 4202 11.
1255 4152 1410 4219 (Argentor.
1427 4152 1498 4203 1717.
1521 4152 1562 4203 iol.
1577 4166 1597 4216 p.

328 4236 465 4288 meatu
484 4237 681 4287 Proelutionem
700 4238 833 4301 preemisit
851 4236 983 4286 Stravius.
1021 4237 1168 4301 Excerpsit
1190 4235 1313 4288 libellum
1331 4237 1489 4304 Raynaldus
1506 4237 1523 4288 l.
1540 4253 1560 4287 e.
1575 4251 1597 4299 p·

328 4320 386 4372 210.
400 4337 457 4386 sqq.

813 4460 1016 4470 -,-.-.,-.-.

396 4561 446 4621 [Ne
470 4575 571 4609 aurarem
589 4562 756 4625 relinquorum
778 4567 920 4632 sequentem
940 4565 1071 4625 papinum,
1097 4559 1242 4610 celtiberum
1260 4562 1362 4614 Leonis
1381 4561 1415 4611 X.
1441 4561 1475 4611 sd
1493 4560 1597 4626 legetnrn

328 4661 404 4696 suum
423 4647 451 4695 iu
470 4645 621 4710 Hispanias
640 4644 750 4694 naissum
768 4644 875 4697 litteras
893 4662 929 4696 ex
941 4644 1082 4696 Clarorum
1094 4646 1214 4697 virorum
1268 4651 1295 4697 et
1308 4646 1404 4697 lacobi
1417 4645 1536 4696 Sadoleti
1552 4641 1597 4708 epi·

327 4731 418 4795 stolis,
438 4731 531 4781 Romae
545 4730 619 4780 rtet.
634 4728 669 4779 8⁰.
682 4731 764 4792 editis,
778 4747 804 4795 p.
818 4728 954 4782 tuamet.
