3434 5512
170 389 276 426 uronis
290 389 316 424 x.
330 389 441 426 cousus
454 387 604 426 ovruusvu
618 387 710 424 sevana
722 385 786 422 our.
797 381 828 420 ts.
838 385 895 421 rvu.
910 386 936 421 a,
946 377 1004 420 isto.
1018 384 1042 418 c.
1058 383 1179 420 uv‘rrem
1194 383 1287 421 soors.
1325 351 1398 424 319

104 553 233 615 moun,
246 541 347 618 ,blesis
365 545 530 619 t'yuriano,
549 541 646 614 soenes
664 550 693 600 et
712 557 807 602 eausa
829 557 946 628 semper
963 540 1036 613 suit.
1074 537 1133 598 cile
1154 539 1315 598 earurtdem
1339 540 1401 600 ita-

42 693 44 698 .
104 665 158 720 que
183 645 397 708 veneratum
421 627 558 717 fratrum
584 653 751 703 rosnarum
775 645 896 701 consilio
919 651 948 701 et
974 658 1111 711 ossemu,
1143 657 1181 699 ae
1211 643 1341 702 omnium
1374 647 1403 700 et

104 751 290 822 stimulorum
301 747 519 822 predictarum
534 754 655 804 matura
671 745 881 804 deliberatione
896 745 1061 820 praeliata,
1083 738 1282 814 dauthoritate
1304 743 1402 800 omni—

102 852 233 924 potentis
255 849 319 920 dei,
340 855 369 908 et
388 848 539 910 teatinum
559 849 758 922 apostolorum
780 846 865 904 Petri
883 851 912 906 et
932 845 1036 919 Pauli,
1057 850 1086 902 et
1104 848 1221 915 nostra,
1242 842 1402 918 prefatos,

88 958 134 1008 set
155 952 293 1024 sinodos
317 952 473 1022 articulos,
495 966 546 1008 seu
561 963 700 1020 errores,
721 954 864 1020 tanquam
879 952 925 1018 (ul
938 947 1143 1022 praemittitur)
1157 946 1317 1020 respective
1329 945 1404 1006 ltce-

105 1055 229 1126 retioos,
259 1059 312 1112 aut
332 1052 540 1124 scandelosos,
569 1055 623 1112 aut
645 1049 759 1124 salsos,
785 1055 841 1108 aut
861 1050 986 1123 pianum
1012 1049 1133 1106 aurium
1161 1046 1332 1120 offensioos,
1359 1047 1406 1104 nei

105 1155 288 1229 simplicium
305 1155 444 1214 mendnm
466 1153 646 1224 seductioos,
674 1159 703 1210 ei
723 1152 841 1218 veritati
865 1150 1023 1212 esinatae
1049 1147 1197 1208 obviantes
1218 1149 1405 1220 damnamus,

107 1255 305 1330 reprobamus
324 1261 412 1328 alonte
433 1255 551 1316 omnino
573 1255 738 1324 renelmus,
766 1269 804 1312 ae
823 1269 881 1327 pro
902 1252 1068 1322 damnatis,
1092 1249 1258 1326 reprobatis
1278 1257 1307 1312 el
1324 1253 1405 1310 reie-

107 1359 162 1418 ctis
184 1356 227 1416 ab
251 1357 385 1416 omnibus
409 1358 562 1428 utriusque
584 1371 675 1414 sexus
703 1353 813 1414 Christi
839 1354 978 1426 fidelitas
999 1352 1122 1410 'treberi
1147 1351 1267 1424 debere,
1298 1350 1425 1430 irarum¹

80 1461 189 1518 nsern
211 1458 400 1518 deceruimus
425 1463 456 1516 et
481 1457 684 1526 declaramus,
713 1455 876 1516 inhibentes
896 1458 926 1514 in
949 1450 1074 1516 '’trirtute
1100 1459 1214 1514 sanctae
1235 1454 1407 1516 obediemm

110 1577 147 1620 ae
165 1559 222 1624 uto
247 1561 370 1618 maioris
391 1560 702 1618 excommunicationes
725 1561 796 1618 laice
822 1559 991 1626 sententiae·
1016 1572 1072 1616 nee
1099 1571 1157 1614 non
1183 1556 1285 1630 quoad
1308 1558 1408 1614 eccie-

108 1664 250 1722 siasticas
269 1668 298 1720 et
316 1661 474 1735 reaulares
491 1675 654 1735 personas,
677 1659 916 1734 ‘Episcopalium
935 1661 1078 1731 omnium,
1098 1660 1187 1716 eliam
1204 1655 1408 1716 Patriarclra-

108 1766 201 1832 lium,
225 1761 526 1837 Metropolitanurum
555 1770 584 1820 ei
611 1763 743 1820 aliarum
766 1761 988 1821 cathedralium
1013 1761 1221 1826 ecelesiarum,
1252 1759 1408 1818 Monasle-

108 1869 231 1926 riorum¹
254 1879 382 1938 quamue,
414 1869 443 1922 et
467 1863 676 1937 prioratuum,
704 1865 793 1924 eliam
824 1863 1065 1924 Convenmaiinm
1092 1867 1121 1922 et
1145 1857 1409 1934 dquarumcunque

79 1968 310 2040 isdienitatum,
333 1972 386 2026 out
407 1965 615 2036 beneficiorum
628 1965 909 2036 ecelesiasticorum,
935 1966 1144 2036 secularium,
1167 1969 1222 2022 aut
1241 1964 1410 2034 quorumvis

108 2070 254 2128 ordinum
276 2068 477 2140 requierimn,
495 2067 674 2140 privationis
689 2072 719 2126 et
739 2066 933 2126 inhabilitatis
947 2067 990 2126 ad
1002 2068 1065 2132 iila,
1082 2072 1111 2124 et
1130 2067 1193 2124 alin
1210 2066 1240 2122 in
1253 2071 1411 2148 posterum,

109 2169 284 2232 common.
329 2167 391 2238 (ino
412 2183 483 2228 nero
503 2167 547 2228 ati
569 2168 749 2240 Conventus,
777 2170 926 2244 capitula,
953 2185 1005 2226 seu
1033 2167 1147 2238 domas,
1176 2171 1229 2224 aut
1250 2168 1308 2239 pia
1333 2167 1408 2236 lora,

108 2272 323 2342 secularium,
357 2271 403 2332 vel
428 2271 628 2342 reaularium,
657 2271 747 2330 etiam
768 2270 1015 2344 mendicantium,
1048 2286 1103 2327 nee
1132 2284 1191 2338 non
1212 2268 1410 2326 uniuersitatis

110 2378 206 2434 etiam
228 2372 393 2432 studiorum
413 2373 615 2446 amreralium,
641 2351 883 2444 quorumeunque
902 2372 1140 2445 priuileeiorum,
1169 2370 1349 2427 indultorum
1372 2372 1409 2426 'e

77 2477 188 2538 ‘insede
208 2476 385 2549 apostoliea,
419 2475 465 2532 rel
492 2475 556 2532 eius
577 2472 705 2546 leuato,
738 2480 790 2532 atet
811 2475 890 2532 alias
911 2472 1123 2546 quomodolibet
1149 2471 1330 2546 inolitarum,
1364 2471 1410 2528 ael

109 2579 313 2650 obtentorum,
335 2577 537 2648 cuiuscunque
551 2577 661 2633 tennris
675 2578 822 2642 orietani·
845 2591 958 2634 nernon
979 2576 1113 2640 norninis,
1130 2582 1159 2632 et
1175 2575 1326 2648 potestatis
1344 2579 1410 2632 stu-

102 2815 168 2876 ges
184 2796 390 2876 praefecerunt.
457 2791 541 2864 ¹’Quo
557 2793 650 2854 trahis
665 2786 993 2880 sessola-mvniartyremt
1016 2793 1080 2854 Non
1103 2793 1180 2854 dicet
1201 2794 1408 2856 testimonium.

110 2897 178 2961 ‘Ne
207 2896 329 2961 abutere
357 2901 501 2975 potestate
530 2903 579 2956 tun
611 2895 640 2954 in¹
662 2893 828 2972 Evangelio.
874 2896 1042 2958 iiomineris
1064 2901 1160 2956 autem
1183 2896 1262 2956 iuxta
1285 2895 1411 2956 eundern

112 2997 242 3062 Paulum
265 2997 336 3059 nihil
360 2997 554 3060 ‹lamnationis
577 3013 641 3056 esse
664 2996 698 3055 iis
720 2997 770 3076 qui
792 3003 861 3058 sutri
882 2999 911 3058 in
936 2997 1051 3060 Christo
1075 2998 1155 3068 iesu,
1184 2999 1234 3076 qui
1262 3015 1322 3058 non
1350 3015 1411 3058 em·

76 3101 223 3164 emulum
244 3094 406 3162 seeundum
429 3115 558 3160 earnem.
623 3093 729 3167 ‘'Vide,
753 3098 822 3166 Leo,
847 3097 893 3158 slei
915 3099 1121 3160 authoritatem
1144 3119 1203 3179 quo
1226 3101 1255 3158 iu
1272 3099 1349 3160 iacto
1364 3117 1411 3160 or·

114 3219 209 3280 roges
231 3201 298 3273 tibi,
322 3207 350 3261 et
373 3219 410 3262 ne
432 3199 563 3261 abutaris
585 3205 743 3276 potestate,
767 3217 855 3279 qnam
877 3199 980 3260 tribuit
1002 3199 1054 3262 tibi
1076 3201 1215 3261 domiuus
1234 3202 1263 3259 in
1287 3201 1412 3262 oedifica-

114 3408 221 3468 odium
244 3410 384 3466 meretur.
429 3403 524 3463 Etiam
547 3409 694 3464 memento
717 3419 776 3462 nou
800 3402 916 3466 esseio
939 3402 1065 3463 horniuis
1087 3409 1229 3480 potestate
1259 3401 1411 3464 eonsilium

114 3510 183 3578 dei,
206 3509 258 3586 qui
279 3506 429 3566 verituteru
454 3503 593 3583 requirit,
617 3511 645 3564 et
667 3503 810 3565 retribuet
832 3503 1017 3567 obtundentes·
1039 3503 1213 3566 iacientibus
1233 3503 1411 3582 superbiant.

79 3607 218 3670 mihil
241 3607 359 3670 efficies.
425 3603 509 3666 ¹’Nou
526 3623 688 3674 movemur,
712 3606 854 3684 quianon
870 3607 948 3686 sepis
963 3625 1029 3684 quiue
1043 3614 1112 3668 suut
1126 3607 1182 3675 dei,
1199 3607 1249 3667 sed
1265 3624 1331 3686 quae
1345 3613 1414 3666 sunt

116 3711 285 3774 hominum.
350 3707 529 3784 ‘uegntsui
552 3714 685 3786 satrapas
707 3717 869 3770 enumeret.
934 3706 1056 3770 dOnuiia
1074 3708 1168 3769 deleta
1184 3709 1301 3779 mavult,
1325 3727 1413 3786 quarn

117 3813 233 3890 rapioae
254 3827 314 3870 sure
337 3810 540 3869 intercessum.
607 3808 673 3870 ‘Sic
697 3809 790 3870 facitis
805 3809 975 3880 Pontifices,
999 3810 1047 3870 elii
1070 3809 1194 3872 eliorum
1217 3819 1280 3870 aetn
1303 3811 1413 3872 rescin-

117 3915 198 3981 ditis,
213 3921 242 3972 et
253 3919 351 3972 tamen
363 3909 451 3972 baliis
467 3912 570 3972 rostris
581 3909 686 3988 singuli
702 3911 891 3989 praesaribitis
907 3911 958 3972 ‘Ad
975 3920 1149 3992 perpetuam
1163 3915 1207 3974 rei
1223 3910 1414 3981 memorism',

116 4083 273 4093 —0-——...

190 4181 197 4217 ¹
219 4183 351 4248 Cyprium.
365 4181 398 4232 sle
412 4183 479 4232 unit.
495 4179 562 4232 eccl.
585 4180 623 4231 10.
633 4181 671 4233 12.
692 4180 728 4246 (p.
741 4180 800 4232 399.
814 4198 853 4247 sq.
869 4183 911 4232 eti.
925 4182 1008 4242 Ben.)
1027 4185 1120 4246 „Hinc
1138 4183 1261 4234 haereses
1281 4189 1309 4236 ot
1326 4183 1414 4236 uehis·

117 4275 197 4321 mutu
216 4273 281 4318 sunt
299 4267 459 4333 frequenter
476 4271 505 4317 ot
523 4266 591 4315 fiunt
613 4263 675 4316 dum
694 4282 826 4334 perversa
850 4283 927 4318 mens
950 4285 1004 4318 non
1022 4269 1108 4318 hebet
1125 4267 1245 4334 pacem”
1269 4275 1323 4319 ete.
1359 4271 1416 4334 „Et

119 4371 183 4405 enm
201 4353 324 4404 hoereses
344 4357 372 4403 et
388 4351 539 4402 schismata
557 4350 728 4416 postmodum
746 4356 815 4403 nutu
833 4353 903 4416 sint,
927 4353 990 4402 dum
1015 4354 1210 4406 conventicula
1233 4355 1288 4406 eibi
1306 4355 1416 4405 diversa

118 4439 309 4498 constituunt,
328 4437 455 4488 ueritatis
473 4441 558 4502 cupiit
576 4441 659 4501 utque
678 4437 813 4501 originem
832 4436 1017 4504 reliquerunt''
1037 4443 1091 4489 ete.
1131 4436 1154 4471 ²³
1171 4439 1227 4489 Nos
1241 4455 1346 4504 quoque
1360 4439 1416 4488 eliu

119 4541 202 4590 quum
221 4521 349 4573 Bulintor
366 4524 395 4572 iu
413 4522 551 4587 Cypriane
570 4521 694 4586 legimus.
729 4519 752 4553 ¹¹
771 4521 1166 4587 Paui.ep.storn.Vlll.l.
1202 4523 1415 4588 ”oi.Paul.ep.

119 4605 366 4664 11.udCor.X.8.
429 4603 451 4638 ¹⁸
469 4606 569 4657 Psnlm.
583 4605 668 4656 XXX.
680 4606 722 4654 24.
787 4604 1162 4672 ³⁰quinlMatth.XV1.³3.
1186 4606 1414 4660 Marevuutt.

117 4693 137 4726 ⁸¹
159 4693 197 4744 ei.
212 4692 250 4742 11.
265 4689 389 4756 Paralip.
405 4691 450 4742 ΙΧ.
467 4690 505 4740 14.
