3382 5516
192 419 299 456 mm
312 419 438 457 VIleLll
448 407 556 458 'ORATIO
568 418 702 456 svuvsrdt
715 417 829 456 vntunn.
843 420 870 454 Ι).
883 413 919 456 ²⁰.
930 418 995 456 stu.
1008 418 1034 454 Α.
1052 412 1108 454 tals.
1123 419 1237 456 nentru-
1285 390 1360 460 245

61 579 238 635 eonstituere
262 579 344 644 velle;
367 597 417 636 neo
439 579 682 654 praetermissurum
713 579 870 654 quicquum,
900 597 960 654 qliae
976 580 1059 646 ¹viros
1089 580 1147 634 eius
1176 597 1206 634 uo
1234 579 1312 652 regui
1335 587 1363 634 ot

75 663 253 721 dominiorum
275 681 386 721 snorum
409 666 481 720 ferre
503 665 638 738 poterint,
662 671 690 719 ot
713 681 773 737 qnae
795 663 827 718 ad
850 671 903 719 tam
927 671 1049 720 sanctum
1064 663 1164 736 diuque
1179 663 1362 720 desideratum

31 781 36 794 ·
76 767 137 822 opus
160 749 354 823 pertinebunt,
379 749 523 809 dummodo
546 748 690 822 aliqnando
712 766 772 805 cum
796 749 893 804 ellectu
915 748 1006 823 aliquo
1023 748 1180 805 Christianae
1201 747 1281 804 saluti
1297 765 1361 804 oon·

75 833 191 896 solatur,
214 851 265 909 pro
288 851 354 908 qua,
378 841 407 890 nt
429 833 516 890 verbis
539 841 601 889 ostar
623 834 721 908 regiis.
745 840 772 889 et
787 832 928 890 thesauros
945 851 1038 889 omues
1054 841 1081 888 et
1096 833 1255 906 sanguinem
1271 834 1360 907 ipsum

56 931 129 975 trum
151 920 209 976 vita
231 919 370 976 ellundere
392 927 484 992 parata
506 926 556 975 est.
600 919 686 992 Pergo
708 919 793 991 igitur
815 936 869 991 quo
890 919 1011 993 eoepisti.
1041 919 1221 977 sacratissime
1242 918 1429 991 impera-sss.

74 1013 124 1065 tor,
154 1013 186 1061 et
207 1012 250 1060 tot
272 1023 302 1061 ao
324 1006 406 1060 tantis
428 1003 636 1077 gloriosissimis
658 1003 802 1077 triumphis
831 1004 884 1059 tuis
914 1004 1022 1060 nnionru
1051 997 1134 1065 hubo,
1171 1004 1217 1077 qui
1246 1011 1360 1060 cunctos

74 1089 136 1145 alios
166 1089 321 1164 superabit,
350 1105 487 1163 apponere
515 1089 664 1151 contende,
693 1096 724 1144 ut
755 1088 896 1162 utriusque
927 1088 1032 1162 imperii
1066 1088 1185 1144 habenas
1216 1088 1360 1147 Christiani

75 1191 163 1232 ornnes
188 1181 214 1231 te
237 1174 422 1233 moderantem
444 1174 576 1249 aspiciant
596 1182 625 1232 et
647 1172 783 1230 laetentur.
829 1172 922 1230 Vineos
945 1172 1125 1247 proculdubio
1149 1174 1175 1228 iu
1198 1173 1277 1246 siguo
1299 1191 1361 1233 oru-

74 1259 108 1314 eis
128 1259 225 1316 hostes
249 1258 416 1322 teterrimos,
439 1258 598 1333 prodigahis
620 1275 681 1316 cum
705 1266 780 1316 tauto
802 1266 934 1332 apparatu
955 1266 982 1314 et
1005 1259 1124 1314 omniurn
1146 1258 1269 1331 potentio
1292 1258 1361 1314 Tur-

51 1344 136 1400 ttehas
158 1345 272 1418 impios.
295 1343 485 1400 exterminabis
507 1361 568 1400 euru
591 1344 680 1400 boone
703 1343 874 1400 sanctissimo
903 1351 931 1400 et
960 1351 1002 1399 tot
1024 1341 1142 1416 Regibus
1170 1342 1361 1416 spurcissimos

76 1428 207 1491 tnhdeles.
231 1438 258 1485 et
280 1429 313 1484 ad
336 1428 446 1486 ultimos
469 1446 555 1502 nsque
578 1428 644 1486 fines
668 1437 748 1484 torrae
772 1438 899 1508 tunquam
921 1428 1028 1484 Christo
1051 1427 1154 1484 alienos
1177 1426 1358 1502 propulsatus

77 1515 173 1588 utqui
196 1521 223 1570 te
238 1516 390 1586 Augustum
413 1513 440 1569 iu
455 1515 578 1586 Augusta
602 1521 646 1570 tna
669 1522 696 1569 ot
718 1529 810 1572 mense
833 1513 884 1569 hoe
899 1515 1016 1588 Augusti
1038 1520 1154 1586 anguste
1169 1513 1359 1586 comperimus,

76 1607 133 1671 post
154 1597 254 1656 multas
275 1599 309 1654 de
332 1598 482 1658 infidelibus
504 1607 596 1673 partas
620 1599 759 1660 victorias,
782 1597 996 1672 ldaclionietiqns
1023 1597 1114 1654 deleto
1136 1597 1244 1653 nomine
1266 1598 1360 1670 dugu-

77 1683 221 1740 stissimum
245 1684 349 1742 tandem
372 1683 516 1743 rideamus.
561 1683 616 1740 lter
637 1691 726 1757 autem
749 1683 854 1756 parabit
875 1691 903 1738 et
924 1683 1025 1755 diriget
1047 1683 1187 1745 dominus,
1216 1682 1293 1739 onius
1315 1698 1360 1737 res

49 1776 69 1815 1⁸
78 1769 177 1841 egitur.
200 1768 319 1826 earmino
341 1769 500 1844 prophetico
523 1776 669 1826 attestante
698 1767 802 1824 ‘ltevela
826 1767 935 1825 domino
958 1769 1026 1824 viam
1057 1777 1143 1830 tuam,
1173 1774 1202 1824 et
1230 1783 1310 1842 spera
1332 1765 1359 1822 in

76 1869 121 1914 en.
144 1853 253 1927 etipse
276 1853 373 1911 lsoiet'.
453 1847 458 1860 '
909 1845 913 1862 ⁸

667 1953 765 1996 nnus

156 2108 274 2166 Aderant
290 2109 322 2165 iu
345 2108 398 2165 hoc
418 2115 553 2166 conventu
575 2116 631 2164 tres
653 2108 868 2166 reverendissimi
891 2109 993 2164 domiui
1015 2107 1186 2173 cardinales,
1209 2107 1361 2167 Caietanns.

79 2192 282 2255 Guroensis.-et
304 2193 492 2267 llaguntinus.
515 2193 664 2267 pluresque
684 2193 788 2267 Regum
804 2194 947 2255 Oratores,
971 2201 999 2249 et
1022 2209 1115 2248 ornnes
1138 2191 1196 2248 iere
1211 2192 1360 2248 Germaniae

50 2276 172 2340 ttlluoes,
200 2295 262 2334 runs
291 2295 387 2351 inagna
416 2287 491 2352 parte
514 2277 712 2352 llpisooporurn
742 2286 769 2334 rt
791 2276 943 2334 nobilitatis
966 2277 1191 2350 supprimente,
1223 2275 1310 2349 qualis
1332 2277 1360 2330 iu

80 2362 186 2436 imperio
209 2380 292 2437 supra
315 2365 426 2437 triginta
448 2380 535 2420 annos
557 2365 629 2420 visus
651 2379 706 2422 uon
729 2373 779 2419 est.
802 2363 936 2421 ,loannes
957 2361 1052 2418 lliller.

81 2475 275 2506 ————·-—

141 2579 351 2646 ²poterunt21t.
410 2579 553 2646 ⁵psrstus
572 2585 622 2631 est.
642 2579 765 2644 Bromios,
789 2582 859 2630 errius
882 2587 1008 2644 excerpta
1031 2580 1069 2628 his
1087 2578 1169 2630 uerbis
1187 2583 1295 2636 exemit,
1316 2577 1360 2625 ad-

80 2665 140 2714 didit
158 2663 249 2715 ‘Extst
267 2672 338 2716 tomo
350 2666 400 2717 111.
415 2681 502 2716 rerum
514 2663 723 2715 Polonienrum'.
770 2664 904 2730 cepistis.
951 2664 1117 2730 ⁷sopouere
1137 2667 1161 2716 1.
1208 2658 1359 2726 utriusque]

81 2751 215 2800 (irridentis
232 2756 256 2800 et
275 2751 393 2801 ostentu.
430 2745 450 2782 ¹¹
468 2747 630 2815 propulsais,
649 2747 699 2816 bot
712 2754 735 2799 1.
773 2747 793 2782 ¹²
810 2745 941 2816 Augusti]
955 2749 1077 2814 Augusto
1089 2754 1122 2798 n.
1167 2747 1184 2780 ¹³
1198 2746 1313 2796 llnhom.
1327 2751 1359 2796 ts.

82 2832 100 2864 ¹⁵
112 2834 210 2884 Psalm.
223 2835 380 2886 XXXV1.5.
418 2833 438 2866 ¹¹
450 2831 547 2900 naurs]
567 2849 636 2884 mxi.
649 2837 681 2884 tt.
696 2839 739 2900 qut
749 2840 881 2900 repetentia
893 2849 942 2884 non
954 2837 1061 2899 recepit.
1104 2831 1124 2866 ¹⁹
1143 2832 1185 2883 ct.
1200 2830 1291 2882 adnot.
1306 2829 1360 2881 vol.

82 2919 140 2970 llll.
153 2918 240 2986 p.tt87.
285 2918 306 2952 ¹¹
325 2917 410 2985 visus]
429 2920 448 2970 i.
463 2935 487 2970 e.
502 2925 660 2970 conventus.
