3434 5512
208 471 343 508 Blclmbl
356 469 531 510 ntnfrttotatttt
544 471 579 506 DF·
593 471 739 506 U'Ossflll'rv
752 469 924 508 ΔῚΜΙΤΙΙΒΙ
937 469 1115 510 ΒΙΙΘΒῘΡΗΟ.
1128 469 1156 508 Α.
1168 463 1227 506 lm.
1289 437 1366 514 273

92 629 263 702 dapmtiuus.
285 628 437 692 Palatinus,
458 629 610 691 &emensis
632 647 760 704 sponsam
781 629 905 686 cornitati
927 637 1006 692 sunt.
1029 645 1109 704 mnam
1132 646 1214 689 aureo
1236 638 1367 705 carpento

91 723 180 772 recum
202 733 217 770 n
243 723 323 788 tergo
350 713 501 790 puellarum
531 711 634 788 pilenta
661 722 780 788 quatuor
807 713 998 790 sequebantur.
1042 714 1132 774 cesar
1159 733 1192 772 er
1219 717 1366 773 amicorum

91 797 225 856 mumulis
246 799 326 858 lrnlos
348 815 365 856 e
386 797 497 873 pulvino
526 815 609 858 aureo
636 799 776 874 spectarit.
814 801 840 856 in
869 800 955 874 septis
983 799 1039 856 ludi
1065 799 1208 858 hastcnses
1235 801 1366 858 demere

91 885 168 940 editi:
190 884 265 958 paria
286 885 449 942 certantium
472 893 534 942 octo
556 885 649 944 luem:
678 893 849 942 cumrerum
871 883 1038 942 Gnillrclmus
1066 895 1094 942 et
1114 885 1267 943 ludovicus
1287 886 1367 943 Baro·

73 969 131 1028 sun
149 969 231 1026 Duces
258 977 354 1028 eontra
376 968 542 1044 Casyrnirum
569 977 597 1026 et
624 969 749 1028 comitem
779 970 812 1026 dc
840 969 1017 1043 llenueherg;
1045 985 1207 1028 concursum
1235 979 1279 1028 est
1300 970 1367 1028 satis

92 1057 194 1118 acriter;
214 1053 361 1114 corollaria
383 1062 413 1110 et
433 1055 548 1129 premia
567 1054 715 1112 victoribus
737 1056 808 1112 data.
843 1054 940 1112 deinde
962 1055 994 1110 ad
1010 1054 1122 1112 multam
1137 1065 1244 1113 noctem
1259 1056 1366 1113 elioreae

91 1139 186 1198 tunnae.
221 1139 251 1196 ln
273 1148 414 1214 posterum
436 1140 507 1198 diem
529 1154 628 1214 sponsa
652 1149 683 1196 ut
703 1140 855 1199 discederet
868 1138 1013 1198 consilium
1028 1140 1126 1196 initum
1141 1149 1197 1198 ost:
1221 1157 1281 1198 cum
1297 1146 1434 1214 urgento.

91 1225 195 1297 mimum
217 1241 317 1282 aurora
339 1223 442 1288 illuxit,
471 1223 560 1282 Quor
587 1242 618 1280 ac
646 1225 737 1282 caeteri
765 1224 902 1299 principes
930 1224 1073 1282 obeuntem
1096 1235 1170 1283 eitra
1193 1235 1299 1301 portam
1322 1243 1368 1282 eo·
1422 1292 1426 1300 Ι

92 1309 168 1365 nitati
189 1317 262 1368 sunt.
298 1325 441 1366 numerum
463 1325 595 1383 equorum
619 1309 676 1366 iere
693 1309 773 1368 trium
789 1308 893 1366 milium
910 1309 994 1367 inisse
1009 1310 1133 1368 arbitrati
1150 1319 1223 1368 sunt.
1252 1311 1366 1387 Sponsa.
1423 1339 1425 1344 v

66 1404 117 1450 rrut
136 1396 257 1468 ingressa
279 1395 401 1470 proxime
423 1403 495 1456 emt·
514 1393 647 1452 ‹lenurnto
670 1411 752 1452 curru
775 1393 938 1458 rodelentum
966 1413 1038 1470 pone
1061 1389 1149 1454 Cesar
1178 1405 1207 1452 et
1230 1397 1367 1471 principes

91 1479 251 1552 equitantum
274 1479 423 1538 interiectis
445 1478 551 1554 aliquot
572 1479 694 1553 equitum
718 1479 813 1538 turmis
834 1479 977 1537 duodecim
999 1490 1191 1556 carpentorum
1214 1481 1284 1538 ordo
1304 1481 1367 1538 sulu-

91 1563 260 1638 munitm.
288 1565 403 1622 maximo
432 1564 533 1638 ulique
555 1574 584 1620 ct
606 1563 732 1622 tubarum
754 1575 783 1621 et
805 1574 995 1640 tympanorum
1017 1566 1162 1624 confertim
1184 1567 1365 1640 strepentium

21 1701 22 1708 ,
91 1651 181 1706 sonitu.
225 1649 292 1706 mm
318 1649 376 1708 hmo
404 1657 569 1712 tractantur.
596 1658 725 1708 constans
753 1651 823 1708 lama
846 1651 899 1708 luit
920 1651 1041 1708 Tlrnrem
1063 1651 1210 1708 exercitum
1233 1650 1434 1713 validissimo.

92 1751 154 1790 mum
174 1743 202 1792 et
225 1742 384 1791 terrestrem
405 1742 433 1792 et
453 1733 618 1792 maritimum
641 1751 750 1809 parare,
780 1736 861 1810 idque
883 1734 1066 1810 significatum
1088 1755 1103 1794 n
1125 1735 1254 1810 Vicerege
1276 1739 1365 1812 Appu·

68 1817 141 1881 rolin,
163 1827 289 1893 motaque
311 1819 338 1876 id
360 1812 499 1876 celeritate
521 1837 616 1894 agere.
640 1829 671 1876 nt
693 1821 837 1878 reremlmn
860 1822 897 1878 sit
919 1822 1047 1896 prreseuti
1069 1838 1140 1878 anno
1155 1820 1257 1896 aliquid
1274 1823 1300 1878 in
1317 1837 1367 1878 nos

91 1904 191 1960 omnino
213 1903 373 1967 moliturum
395 1912 424 1961 et
445 1905 558 1968 sacient.
581 1905 632 1962 nisi
656 1923 706 1962 nos
729 1914 833 1962 tantum
854 1904 924 1962 belli.
941 1914 1100 1981 oppnrutum
1122 1906 1312 1982 impediamus:
1334 1907 1369 1964 de

91 1987 137 2044 hoe
161 1988 244 2046 latins
270 1989 297 2046 in
328 1990 453 2046 oratioue
480 1999 574 2046 nostra
603 1991 790 2076 disseruimps.
834 1989 966 2048 Caeterum
996 1992 1023 2046 in
1053 1991 1207 2056 (immania.
1241 1991 1368 2066 qnoniam

91 2073 173 2130 multae
193 2074 339 2148 ardoreque
361 2091 406 2130 res
428 2075 455 2132 in
483 2073 728 2139 consultationem.
757 2093 791 2132 ne
819 2076 907 2132 dicum
936 2076 963 2132 iu
991 2077 1204 2134 controversiam
1233 2085 1369 2138 renerent,

92 2157 167 2214 risum
188 2159 232 2216 est
255 2159 287 2216 ad
308 2175 354 2216 ens
376 2167 482 2216 mature
504 2159 681 2234 perficiendas
701 2167 808 2236 tempus
830 2161 942 2217 omnino
964 2161 1073 2218 minime
1096 2161 1281 2218 suffecturum.
1318 2161 1369 2218 ita·

66 2255 139 2314 nque
159 2251 195 2300 nt
210 2241 267 2300 alio
288 2253 436 2300 conventus
458 2245 666 2307 transferretur,
689 2246 733 2320 agi
755 2253 873 2320 ereptum
896 2255 946 2302 cst.
990 2247 1095 2302 lntcrco
1118 2246 1224 2304 sanstus
1245 2255 1273 2302 et
1295 2245 1438 2302 tutuno.

91 2329 194 2387 umcros
216 2327 310 2386 attulit
332 2327 463 2388 Caurum
485 2346 517 2387 ac
539 2329 657 2386 Venetos
679 2331 705 2386 in
730 2330 943 2404 quinquennium
966 2329 1059 2387 Gallim
1081 2330 1271 2405 llispauiaequc
1299 2331 1371 2404 regi·

92 2411 134 2468 lus
154 2413 316 2470 authoribus
338 2413 459 2472 inducias
480 2413 662 2472 confirmasse.
699 2415 747 2472 sed
768 2415 801 2472 dc
829 2415 883 2471 hiis
911 2414 987 2472 alius.
1024 2415 1089 2472 Cum
1118 2433 1186 2490 ergo
1215 2403 1397 2490 ailrespern·'

49 2527 53 2537 ·
91 2507 184 2562 sceret.
208 2497 412 2556 illustrissimus
426 2499 589 2562 (lercensis,
611 2501 652 2557 rir
674 2499 755 2556 animi
777 2499 962 2574 magnitudine
985 2517 1016 2558 ac
1030 2498 1194 2558 liberalitate
1210 2508 1285 2557 entra
1300 2517 1372 2558 mor·

91 2581 178 2640 talium
197 2583 285 2640 aleam
307 2583 431 2658 positus.
454 2585 482 2640 in
504 2601 580 2642 omna
600 2585 741 2642 duodecim
762 2585 877 2643 comites
900 2585 1009 2648 lubuit.
1032 2585 1060 2642 in
1082 2603 1163 2661 quam
1186 2579 1261 2642 tanta
1281 2603 1372 2642 rerum

65 2669 198 2726 nimietas
219 2685 253 2726 ex
275 2668 385 2743 popinis
406 2668 489 2727 allata
510 2679 567 2732 est.
591 2678 621 2726 ut
643 2669 715 2726 ceuli
738 2671 887 2746 spectando
908 2669 1064 2728 delicerent.
1097 2671 1143 2728 scd
1173 2669 1219 2728 illa
1242 2671 1322 2744 louge
1345 2678 1373 2726 et

92 2752 200 2826 opimior
214 2763 243 2810 et
260 2755 368 2826 gravior
383 2771 459 2811 omna
475 2755 530 2812 visa
546 2763 596 2817 est,
614 2773 674 2830 qne
690 2755 915 2814 reverendissimo
929 2755 1165 2816 Cardiualisaneti
1178 2755 1255 2817 Sinti,
1271 2755 1372 2828 legato.

91 2845 115 2891 et
135 2837 288 2896 Gnracciolo
309 2838 366 2896 viro
381 2837 562 2896 solertissimo
576 2847 605 2896 et
620 2841 793 2913 gravissimo.
817 2839 952 2915 pontificis
967 2841 1075 2898 maximi
1090 2841 1203 2904 nuncio,
1227 2839 1373 2914 Balboquc.

92 2920 227 2980 Pannoniae
251 2923 325 2996 regis
349 2923 467 2987 oratori,
490 2933 518 2980 et
540 2924 678 2999 plerisque
700 2924 761 2984 aliis
783 2926 847 2983 viris
868 2925 1037 3000 dignissimis
1051 2926 1112 2983 (lata
1128 2935 1184 2988 est,
1208 2925 1234 2981 in
1252 2941 1304 2998 qna
1319 2925 1374 2982 dno

92 3013 116 3060 et
136 3007 228 3080 viginti
254 3009 384 3066 missuum
407 3025 506 3082 genera
528 3009 608 3066 alluta
630 3019 708 3072 sunt.
736 3010 835 3086 partim
863 3011 1033 3073 Germanice.
1063 3011 1161 3086 partim
1190 3008 1282 3068 ltnlice
1310 3027 1375 3066 oon·

66 3091 200 3150 nonnata.
235 3109 286 3149 nec
307 3094 453 3150 doluerunt
475 3094 522 3167 qni
551 3092 591 3150 rel
619 3103 700 3152 centu
731 3095 772 3152 vel
793 3095 953 3154 histrionice
980 3095 1061 3152 variis
1088 3097 1175 3153 modis
1203 3097 1373 3152 convivarum

93 3191 165 3232 aures
187 3177 365 3235 oblectarent.
409 3179 554 3236 Nonnullis
574 3195 640 3252 erpo
661 3182 764 3252 etopr'n
784 3181 890 3245 dicbus.
918 3181 1150 3254 curnPrinctper
1175 3182 1242 3254 qnid
1262 3182 1442 3253 turrenor-

94 3263 310 3334 rcrpcudendnnr
331 3270 402 3322 esset
422 3261 527 3336 (nrnddr
548 3267 619 3322 enim
640 3266 827 3322 emendando
839 3263 1011 3342 demerent)
1034 3268 1242 3336 conclusissent,
1274 3265 1375 3322 Orunr

93 3359 127 3402 ec
144 3349 257 3422 cottepto
277 3349 460 3406 sacedotium
470 3349 660 3408 leodiensium
682 3353 791 3406 corion
807 3353 949 3423 inqrmeus
962 3359 1018 3420 ert,
1040 3357 1158 3427 croto-1
1180 3345 1368 3424 lammis

93 3446 140 3486 rar
158 3450 239 3497 mox.
268 3435 321 3490 unt
337 3437 482 3506 prirtciper
498 3451 564 3506 proe
585 3451 680 3492 rerum
702 3451 869 3509 maenarum
890 3436 985 3506 toedio,
1014 3453 1067 3508 qno
1095 3436 1193 3507 offecti
1213 3444 1308 3502 erunt,
1331 3449 1376 3490 ne-

66 3517 215 3592 ”neuun
237 3521 268 3574 iu
288 3519 421 3578 senectuto
442 3527 533 3576 tenen
553 3538 616 3594 qaue
637 3521 762 3577 dictem
783 3527 846 3576 erut
865 3523 906 3576 oti
925 3521 1092 3576 describeret
1104 3521 1252 3576 tusserunt.
1274 3522 1299 3574 is
1313 3535 1375 3574 cum

94 3603 120 3656 in
137 3606 198 3660 atrro
219 3603 347 3668 nannet.
368 3607 514 3677 porrcxttr
534 3623 597 3678 pure
618 3606 726 3677 qtn'dcur
747 3605 816 3662 nidd
834 3605 911 3661 eliud
931 3605 1092 3661 continebo!
1104 3607 1159 3660 nist
1177 3605 1320 3660 meledicto
1342 3621 1378 3660 nc

93 3690 208 3744 munnio
229 3693 259 3746 in
282 3689 483 3746 Bononiensem
504 3692 625 3746 cumen.-
648 3691 811 3748 numeraret
823 3687 943 3764 frondes
958 3705 1066 3755 omnes,
1087 3692 1165 3753 uitio,
1187 3692 1318 3764 sceleris,⁴
1330 3705 1376 3762 sy·

155 3954 268 4018 ‘truttam
282 3960 306 4008 2.
341 3956 550 4012 ἰειιιιιιὶῑίῡ2.
587 3955 609 3992 ¹⁰
621 3973 703 4010 cumn
716 3961 742 4009 3.
779 3955 933 4011 ¹³trlrtlrutt
946 3961 970 4006 2.
1008 3957 1028 3992 ¹²
1041 3955 1122 4022 urst]
1136 3956 1266 4023 cherpen
1275 3973 1305 4022 p.
1317 3955 1377 4008 261.

95 4036 113 4068 ¹⁸
129 4041 231 4094 nurnine
248 4041 352 4096 ttrinitttr
369 4045 395 4092 2.
441 4040 808 4110 111οιιριιιιηᾱ.οεριιιιιιι.
856 4039 936 4104 ,ntro
954 4043 978 4094 2.
1026 4039 1048 4074 ¹¹
1067 4043 1179 4092 nuntlus
1198 4045 1225 4092 3.
1262 4040 1379 4104 „Crem

95 4137 194 4190 qnoque
212 4125 338 4176 induulnn
357 4140 419 4177 cntn
437 4127 551 4178 Venetis
569 4128 598 4178 ln
617 4129 830 4194 quinquennium
849 4127 1009 4193 prorogarit
1028 4141 1062 4178 ea
1080 4127 1155 4192 lege,
1174 4130 1206 4176 nt
1224 4126 1251 4175 ei
1263 4129 1378 4191 quotan-

94 4209 134 4258 nis
150 4215 207 4283 toto
226 4211 409 4276 quinquennio
427 4212 563 4264 ducentos
580 4214 642 4264 suri
657 4211 745 4264 libros
763 4215 791 4262 et
809 4211 952 4262 civitatum
971 4223 1080 4261 suorum
1100 4209 1237 4272 cxollbus,
1256 4210 1302 4275 qui
1319 4210 1379 4261 Orc-

95 4307 178 4344 rarem
197 4301 278 4346 crunt
294 4297 420 4362 sequuti,
440 4302 566 4363 qusrtnur
585 4297 720 4348 lruotnurn
739 4311 772 4346 ex
790 4296 883 4360 bonis,
903 4295 1000 4362 quibus
1020 4302 1104 4346 antea
1123 4295 1299 4357 fruebantur,
1317 4309 1379 4360 par-

96 4381 145 4428 tern
162 4379 327 4446 penderent3
351 4383 584 4448 constitutumque
609 4383 673 4444 init,
699 4386 729 4434 ut
752 4397 786 4432 en
809 4381 842 4434 do
866 4395 953 4434 censo
982 4379 1041 4433 nuri
1064 4379 1152 4432 libres
1175 4381 1379 4445 quinquaginta

96 4465 236 4524 quotannis
253 4471 495 4534 repraesentarent.
526 4473 555 4518 et
572 4467 692 4518 fortune
711 4465 821 4528 Gaesar,
844 4466 868 4518 si
887 4467 914 4516 el
933 4465 1064 4518 maiorem
1082 4465 1209 4532 pecuniae
1226 4464 1283 4515 vim
1301 4463 1379 4516 odie·

96 4547 207 4614 curcua,
221 4550 257 4602 nd
267 4567 366 4620 pncom
379 4551 568 4604 inclinnsnet”.
587 4551 670 4602 Banu.
683 4549 784 4600 Annol.
798 4550 867 4600 cccl.
881 4551 981 4602 Bnron.
1000 4554 1065 4602 torn.
1078 4549 1152 4600 xlx.
1165 4567 1191 4616 p.
1204 4548 1263 4600 342
1299 4547 1321 4582 ²²
1333 4559 1378 4600 nn·

96 4633 187 4688 tutibus
204 4639 230 4689 2.
274 4637 363 4688 hieu,
406 4635 429 4670 ’⁵
447 4636 563 4688 adalam
581 4633 701 4699 (onceat)
720 4637 745 4686 t.
782 4638 825 4684 ost
840 4636 915 4684 etiarn
934 4639 960 4686 3.
979 4651 1028 4685 non
1045 4635 1153 4700 recepit.
1188 4631 1210 4667 ²⁸
1228 4633 1339 4697 suuni:
1355 4635 1379 4682 2.
1472 4695 1477 4708 1

95 4713 116 4748 ¹⁷
131 4717 347 4772 (laurencium.
377 4719 546 4776 (enuntiet.
592 4719 615 4752 ¹⁸
631 4722 738 4774 ctam.
784 4715 807 4750 ³²
825 4716 928 4768 loradin
947 4721 973 4768 3.
1020 4717 1042 4750 ⁸³
1059 4718 1234 4770 sacerdotum
1254 4720 1280 4768 3.
1321 4715 1381 4764 Hoc

95 4797 190 4852 lemnon
208 4807 279 4854 imi.
297 4819 352 4854 non
370 4805 481 4854 liabent.
517 4804 539 4864 ΞΡ
557 4804 722 4854 discriberet
740 4805 790 4852 1.2.
826 4801 1084 4852 27’Κὶιιιιιιιιῐιιιιεοιιι
1102 4815 1125 4855 tt·
1160 4802 1237 4854 ulcio
1255 4803 1278 4850 1.

152 4889 282 4940 Brenni
301 4889 372 4940 Orn-
388 4903 452 4939 ron.
465 4889 498 4938 V.
1126 4885 1160 4947 18
