3434 5512
328 399 401 473 326
438 428 538 464 130!st
553 430 577 463 15
592 427 700 463 coum
713 427 864 462 LVTHBBV!
878 427 968 462 nvom
981 427 1044 462 ΜΤ.
1059 421 1157 462 imm.
1172 427 1196 462 A.
1210 422 1268 462 15²⁰·
1283 429 1308 462 c.
1323 426 1446 461 ΙΠΠΕΙΙ
1460 426 1552 460 lom.

324 588 428 663 palas,
447 583 596 660 praestitos
613 599 746 655 errares,
767 601 819 642 seu
837 599 939 642 earum
954 586 1070 658 aliqnos
1090 583 1302 657 quomodolibet
1323 584 1617 656 captiaentwcam-

327 689 451 760 burani,
479 689 524 744 uel
550 683 683 743 comburi
707 683 838 755 faciant.
885 684 954 758 Ipse
973 687 1064 744 eliam
1087 685 1239 744 Martinus
1260 701 1378 742 errores
1399 692 1430 742 et
1447 687 1619 743 aesomnes

327 789 496 849 liuiusmadi
515 789 633 846 omnino
652 783 801 858 irenacei,
822 792 876 845 ‘ac
895 787 933 845 de
954 790 1138 846 revocatione
1160 789 1330 848 istiusmodi
1345 801 1406 862 per
1422 787 1546 860 publica
1564 786 1617 843 do-

327 897 462 952 cumenta
490 886 538 948 “ia
563 889 666 961 forma
692 891 767 948 iaris
789 887 904 958 ualida,
935 890 965 947 in
994 889 1129 950 morsibus
1151 891 1277 949 dirorum
1301 889 1503 947 Proelatarum
1523 890 1618 946 eami-

325 997 435 1068 paata,
462 992 505 1050 nd
530 1008 583 1050 nas
611 989 697 1063 inissa
723 993 798 1050 alios
824 992 935 1050 similes
959 993 1119 1064 serapium
1145 992 1208 1048 dies
1230 989 1487 1059 ‘transmittendo
1507 990 1551 1046 rel
1567 1005 1638 1062 pers

327 1097 483 1172 ipsummet
501 1094 541 1164 (si
561 1094 605 1151 ad
622 1109 675 1151 nos
700 1095 800 1152 renire
821 1093 958 1164 noluerit,
988 1088 1082 1166 ‘quad
1107 1095 1203 1166 mapis
1226 1094 1376 1167 placeret)
1402 1107 1470 1150 cnm
1492 1089 1620 1164 prefato

326 1197 497 1272 plenissima
514 1197 595 1254 saluo
614 1195 775 1271 conductu,
795 1209 880 1268 mum
901 1211 941 1252 ce
962 1211 1043 1254 rrunc
1064 1195 1267 1262 eoricedimus,
1289 1191 1468 1265 deserenda,
1491 1209 1544 1250 nas
1560 1209 1619 1250 cer·

329 1301 417 1358 tiores
438 1295 567 1383 aspiciat:
591 1297 676 1356 atde
694 1279 757 1355 eius
779 1313 851 1354 veru
871 1295 1036 1355 obedientia
1057 1299 1173 1354 'nullus
1188 1295 1377 1355 dubitationis
1393 1297 1556 1370 scrupulas
1569 1309 1620 1351 aa·

329 1403 390 1459 lem
404 1415 534 1458 manere.
568 1399 652 1458 Alias
673 1401 701 1458 si
714 1393 829 1478 liquot
839 1396 927 1478 absit)
946 1397 1096 1456 Mrutinus
1108 1396 1269 1473 praefatus,
1293 1399 1457 1470 complices,
1478 1394 1620 1467 sonares.

331 1502 508 1562 adherentes
528 1506 557 1560 et
574 1506 773 1575 receptatores
789 1501 935 1573 predicti
959 1517 1043 1558 sectis
1065 1503 1193 1574 aperiret,
1218 1515 1270 1558 seu
1294 1500 1453 1574 proemrma
1481 1500 1580 1555 omnin
1596 1504 1648 1554 etn

331 1605 450 1678 siaonia
474 1601 560 1674 infra
583 1601 740 1662 terminum
762 1603 943 1676 praedictum
966 1617 1033 1660 cum
1060 1601 1169 1674 effecta
1193 1617 1252 1660 aon
1269 1601 1469 1675 impleverint,
1497 1598 1624 1674 Apostoli

333 1707 479 1764 imitantes
494 1704 669 1774 doctrinam,
691 1706 744 1776 qui
760 1703 932 1763 boereticum
946 1703 1091 1762 bominem
1104 1711 1173 1778 post
1188 1705 1317 1778 primam
1331 1709 1360 1761 et
1376 1701 1541 1762 arandam
1555 1716 1622 1759 car-

333 1807 491 1864 rectionem
513 1805 666 1865 ricandum
687 1804 800 1881 docuit,
823 1801 876 1864 *ea
896 1821 977 1864 nuuc
996 1812 1086 1880 prout
1105 1823 1145 1864 ea
1166 1813 1251 1876 tanc,
1271 1811 1336 1864 ete
1359 1819 1518 1870 conuersa.
1547 1819 1621 1862 ean·

333 1906 399 1968 dem
419 1908 598 1978 illartianm,
626 1909 798 1984 complices,
826 1907 1016 1981 redimentes,
1036 1906 1188 1981 saumres,
1209 1913 1238 1966 et
1256 1913 1456 1982 receptatores
1474 1905 1622 1982 prefatos

332 2016 482 2069 eteorum
504 2009 667 2082 quemlibet,
689 2015 831 2084 tanquam
851 2009 955 2068 aridas
974 2011 1112 2084 palmites
1131 2010 1163 2068 in
1178 2008 1294 2068 Clarista
1313 2024 1371 2068 nan
1391 2015 1553 2080 manentes,
1574 2007 1650 2066 sedis

333 2111 500 2172 doctrinam
521 2113 713 2182 contrariam,
732 2112 890 2176 ‚eatbalicte
909 2111 983 2176 ridel
1001 2113 1160 2182 inimicam,
1176 2112 1237 2170 siae
1256 2111 1472 2182 scandolasam,
1491 2127 1545 2170 seu
1567 2110 1624 2168 da-

332 2218 479 2288 mnatam,
502 2214 534 2271 in
552 2229 610 2270 non
634 2212 780 2273 modicam
802 2213 948 2286 offensam
970 2213 1079 2273 dirime
1098 2215 1276 2288 maiestatis,
1303 2228 1341 2272 ac
1361 2214 1542 2272 aniversalis
1564 2210 1623 2270 Ec-

332 2316 431 2373 clesioe
452 2322 481 2372 et
497 2315 573 2386 fidei
591 2315 747 2374 cotaolicoe
766 2315 980 2388 detrimentum,
998 2322 1027 2375 et
1042 2314 1220 2375 scandalum
1234 2315 1477 2390 dapmatizantes,
1500 2321 1529 2373 ct
1540 2329 1623 2389 pra-

333 2417 481 2484 dicaates‚
516 2418 630 2476 *claues
662 2431 777 2492 quoque
808 2416 952 2478 Ecclesiae
984 2417 1210 2493 vilipendentes,
1239 2417 1368 2477 notorias
1398 2422 1427 2476 et
1454 2417 1623 2492 pertinaces

332 2517 486 2578 haereticas
506 2517 611 2578 endem
629 2517 806 2580 authoritate
825 2518 922 2592 sitisse
939 2526 968 2579 et
984 2536 1047 2579 esse
1069 2519 1273 2596 declarantes,
1292 2518 1407 2578 easdem
1423 2525 1455 2576 at
1471 2519 1546 2576 talcs
1566 2517 1650 2575 lia-n

332 2635 400 2678 rum
421 2622 498 2680 serie
519 2622 766 2698 condemnamus,
792 2631 820 2680 et
845 2637 893 2680 eas
912 2637 970 2698 pro
994 2621 1101 2682 talibus
1129 2621 1236 2680 baberi
1262 2620 1300 2680 ab
1321 2620 1454 2680 amnibias
1475 2622 1623 2692 utriusque

332 2738 423 2780 sexus
446 2722 691 2796 t'bristilidelibus
717 2723 901 2799 supradictis
929 2727 1073 2796 volumus,
1098 2730 1127 2782 et
1153 2723 1344 2782 mandamus.
1387 2721 1505 2796 Easque
1529 2735 1623 2780 amnes

332 2833 360 2882 et
377 2825 522 2896 sinpulas,
542 2825 675 2884 omnibns
696 2827 891 2902 supradictis,
914 2838 942 2886 et
960 2827 1028 2885 aliis
1048 2833 1153 2886 curura
1175 2827 1249 2884 tales
1267 2841 1287 2883 a
1308 2825 1375 2883 inre
1395 2824 1516 2896 inflictis
1529 2823 1623 2898 panis

331 2928 523 2998 prensantium
542 2933 641 2985 tenme
666 2927 848 3002 subiicimus,
876 2924 927 2988 s„
945 2927 1055 2988 eisdem
1083 2929 1212 2988 irretitos
1233 2925 1331 2999 faisse
1356 2933 1385 2984 et
1401 2937 1465 2984 esse
1487 2925 1623 2985 decer-ni-

334 3175 500 3254 podagriois
522 3177 698 3256 quibusdam
719 3143 751 3239 bt
773 3179 856 3241 aliter
879 3179 1041 3249 morbosis,
1071 3181 1119 3260 qui
1148 3183 1177 3240 in
1208 3179 1321 3241 lecticis
1343 3179 1519 3257 adportandi
1547 3181 1647 3243 sonte

333 3295 368 3337 aa
402 3275 458 3338 illis
490 3271 576 3340 etiam
609 3280 783 3359 decrepitis,
817 3284 867 3360 qui
904 3283 1035 3361 tripodes
1072 3280 1272 3342 ambulabunt.
1351 3279 1542 3341 ⁸Obtinuisti:
1578 3297 1621 3338 ar·

333 3379 417 3447 dent,
441 3380 544 3441 sedin
568 3381 707 3442 cordilms
729 3382 887 3443 bonorum.
925 3383 950 3442 0
973 3385 1171 3462 perniciosum
1194 3382 1247 3442 tibi
1270 3381 1449 3442 incendium.
1496 3379 1554 3470 lam
1577 3395 1621 3438 ex·

332 3483 448 3559 tingite,
478 3483 501 3542 si
530 3491 624 3562 potes.
700 3481 895 3552 ”Revocabih
932 3493 961 3546 et
988 3484 1174 3553 reclamabit,
1206 3501 1302 3564 neque
1332 3500 1460 3562 unquam
1494 3487 1621 3560 repetere

334 3581 461 3644 cessabit
483 3586 611 3645 raritatis
640 3583 779 3655 verbum,
808 3603 905 3664 nequa
933 3584 1004 3647 illud
1034 3585 1141 3646 oblivio
1166 3589 1304 3664 perimat.
1382 3585 1502 3645 ‘Caute
1574 3580 1620 3641 ‘ld

323 3681 377 3744 ‘cst
399 3685 429 3743 in
453 3685 546 3745 torma
571 3703 695 3746 camerae
718 3684 895 3765 apostolicae.
967 3687 1188 3757 ‘Transmittet,
1218 3689 1241 3746 si
1264 3707 1311 3748 me
1335 3687 1446 3756 audiet,
1475 3691 1509 3746 ut
1531 3685 1648 3746 rideas:

265 3796 267 3800 ’
332 3803 439 3863 magno
463 3804 530 3870 cum
554 3787 656 3848 dolore
680 3793 739 3848 tuo.
804 3783 905 3848 ‘Tunc
928 3791 1005 3849 onim
1029 3788 1137 3848 liceret·
1152 3789 1320 3848 interlicere
1336 3787 1389 3848 tibi
1404 3787 1620 3866 predicatorem

332 3888 470 3947 veritatis.
517 3888 581 3948 Non
612 3887 725 3966 absque
756 3905 858 3950 rasisse
887 3891 972 3950 toties
1002 3889 1093 3950 allicis
1117 3890 1288 3950 Lullicrnm.
1365 3887 1511 3950 ‘Nimium
1533 3903 1619 3949 carm.

329 3986 451 4067 ”Neque
474 3991 553 4050 enim
576 4010 592 4051 e
614 4009 647 4052 ra
669 3998 719 4050 tua
742 3993 805 4051 crit.
883 3989 1020 4053 ¹Pulslna
1044 3991 1183 4070 loquutio.
1230 3991 1272 4051 En
1295 3989 1393 4050 stilum
1414 3989 1554 4050 Romana
1576 4005 1621 4047 su·

332 4092 393 4150 rim.
439 4091 519 4150 ‘Non
543 4091 714 4153 videbamus
737 4091 833 4153 claves
855 4095 926 4163 iam,
950 4096 1110 4170 imperator
1132 4093 1200 4154 Leo.
1245 4092 1289 4152 Tu
1313 4094 1392 4152 enim
1415 4090 1528 4170 gladios
1542 4107 1620 4152 usur·

333 4207 470 4268 presseras,
494 4211 581 4271 quem
604 4193 728 4256 vidimus
751 4192 851 4255 multis
874 4213 940 4255 cum
964 4193 1083 4255 milibus
1106 4196 1134 4255 in
1158 4193 1260 4254 Urbini
1277 4193 1382 4254 ducem
1399 4194 1486 4262 terri.
1511 4212 1544 4254 ac
1558 4207 1646 4250 ssa-o

334 4291 450 4368 gisinem
474 4293 707 4356 Christianorum
736 4293 870 4356 tundere.
949 4293 1033 4356 *Hoc
1055 4294 1124 4356 illud
1149 4304 1192 4355 est
1215 4294 1415 4374 Apostolicum
1438 4293 1537 4362 rhete,
1566 4309 1618 4371 qua

401 4475 420 4509 ¹¹
439 4477 546 4545 etpost]
564 4477 642 4530 Paul.
658 4479 818 4544 epadTit.
833 4481 882 4532 111.
900 4480 938 4530 10.
993 4480 1014 4514 ¹⁵
1032 4479 1341 4532 ci.er.10nnn.XV.².
1386 4478 1410 4512 ²⁸
1428 4475 1556 4545 tripodes]
1574 4477 1620 4526 ba·

333 4561 396 4613 culo
415 4563 477 4613 tutti
495 4569 601 4614 euntes.
653 4561 675 4596 ¹⁸
694 4566 735 4613 En
754 4564 822 4630 stit]
844 4567 967 4616 Nondum
987 4567 1095 4616 dixerat
1113 4565 1235 4630 Sarpiits.
1287 4562 1310 4596 ’ὅ
1328 4565 1395 4615 Uib.
1415 4561 1521 4628 ducem]
1538 4563 1619 4611 Fran·

332 4647 436 4697 cissam
454 4647 586 4710 Mariam,
614 4649 658 4698 cui
683 4654 806 4726 ereptum
830 4651 959 4701 (tuentum
983 4651 1078 4715 nepoti
1101 4665 1150 4702 sao
1168 4649 1321 4729 Laurentio
1339 4648 1476 4699 Mediana
1493 4646 1620 4698 trionem

331 4733 390 4784 Leo
409 4748 434 4783 a.
451 4731 524 4784 lblb.
577 4731 598 4766 ⁸⁸
617 4733 654 4784 ai.
669 4745 710 4784 er.
725 4749 781 4783 seo.
796 4734 864 4784 Luc.
878 4735 909 4784 V.
923 4735 948 4784 t.
