3464 5526
217 473 343 509 avarunt
363 473 391 508 ut
410 473 503 509 DYOH
522 472 800 508 WIRTENPEBGENSEK
819 473 921 508 onusto
941 449 998 507 1111ss
1016 473 1043 507 tl.
1057 473 1121 510 AVG·
1134 473 1162 510 Δ·
1177 465 1234 516 1517.
1317 443 1364 514 65

91 627 220 688 imuriam
245 625 362 688 mortuo
384 627 500 699 lacere,
524 627 581 688 hoc
602 605 701 689 tamen
724 627 782 712 dici
804 646 889 717 ame
912 626 982 710 nihil
1004 627 1168 707 prohihet,
1181 637 1282 690 contra
1302 630 1367 689 irati
1452 681 1455 688 .

90 727 211 790 hominis
239 719 416 790 violentiam
431 727 518 790 nullo
541 729 728 790 interimendi
755 722 907 810 proposito
938 730 1018 790 hunc
1047 749 1078 792 se
1107 730 1288 800 defendisse3
1317 729 1368 792 ubi

91 827 181 909 siquid
203 831 336 908 asperius
358 829 462 891 accidit
483 849 571 909 quam
593 831 641 891 hic
665 830 792 901 volebat,
818 815 847 892 in
871 851 906 892 eo
929 830 1012 911 culpa
1036 831 1145 892 residet
1167 834 1216 912 qui
1238 834 1368 918 occasio·

91 950 153 992 nens
175 931 315 1010 praebuit,
338 949 396 994 nou
419 934 468 1012 qui
490 934 663 994 necessitate
683 927 865 1011 compulsus
881 941 925 993 est
953 935 996 994 uti
1025 923 1156 1003 foetuum
1184 941 1217 994 tu
1249 933 1368 996 minime

80 1033 267 1104 saudiendus,
281 1033 340 1120 ¹qui
360 1032 432 1094 illud
455 1034 539 1097 nobis
561 1034 666 1095 adimis
686 1034 765 1115 quod
787 1033 867 1114 leges
895 1051 1012 1114 quoque
1041 1035 1220 1106 concedunt,
1249 1037 1367 1098 ustum

93 1137 114 1196 ri
136 1134 350 1214 propulsemus,
392 1135 430 1195 ht
449 1136 656 1212 ingratitudine
677 1143 727 1198 tua
756 1137 833 1216 quid¹
852 1143 949 1216 potest
977 1155 1040 1198 esse
1068 1137 1241 1214 flagitiosum
1263 1139 1364 1215 magis,
1377 1148 1436 1200 §.ss

94 1236 206 1316 maudo
228 1237 255 1297 ii
277 1236 354 1298 milia
376 1247 535 1298 aureorum
557 1246 660 1300 mutuo
683 1237 735 1298 tibi
758 1239 911 1306 data-,non
941 1257 1006 1300 esse
1035 1237 1210 1300 beneficium
1238 1240 1298 1300 ais?
1325 1228 1402 1300 hn'.

94 1337 262 1400 heneficium
284 1357 345 1403 non
367 1338 410 1400 est
431 1340 526 1419 siquid
549 1339 670 1402 iurandi.
688 1335 786 1401 animo
799 1341 960 1402 'confertur
982 1341 1011 1400 in
1034 1341 1219 1420 quenquam?
1241 1347 1369 1401 autnon

94 1439 137 1499 ilia
158 1440 182 1500 X
205 1439 284 1502 milia
305 1447 377 1502 tunc
399 1441 478 1522 dedit
499 1440 720 1504 liberalissimus
741 1459 848 1510 senex,
873 1438 989 1521 quando
1012 1448 1044 1502 tu
1066 1441 1095 1503 in
1110 1461 1225 1504 summa
1242 1447 1371 1520 egestate
1401 1474 1403 1479 ·

72 1557 156 1602 strum
177 1549 308 1603 extrema
330 1543 446 1604 fortuna
468 1549 578 1614 stares,
607 1561 666 1604 non
693 1543 824 1605 habebas
852 1561 910 1622 quo
938 1552 966 1604 te
981 1541 1093 1632 'multis
1121 1562 1155 1606 ac
1176 1543 1371 1624 praesentibus
1476 1572 1479 1580 ·

94 1641 226 1722 perieulis
249 1639 408 1732 eximeres?
431 1645 524 1718 Tanta
544 1647 668 1728 pecunia
690 1637 758 1707 cum
780 1645 833 1707 tibi
855 1639 1091 1716 subvenerimus,
1113 1643 1288 1706 beneficium
1309 1643 1439 1711 nontlss.
1506 1660 1509 1681 ¹

95 1747 237 1824 agnoscis,
253 1746 330 1823 'quid
345 1742 459 1809 iaceres
473 1747 497 1807 sl
518 1765 579 1808 uno
601 1765 722 1809 nummo
744 1745 867 1808 salutem
889 1747 969 1810 tuam
984 1745 1157 1828 redemisset
1172 1749 1254 1828 quisi
1276 1747 1372 1808 duris·
1475 1757 1480 1768 ’

95 1849 160 1908 sisare
182 1846 351 1918 hominum,
373 1847 484 1910 adeone
506 1867 611 1911 saxeus
634 1867 684 1920 es,
708 1842 842 1912 utnulla
863 1849 1042 1930 benignitas,
1072 1847 1152 1912 nulla
1179 1849 1372 1912 beneficentia

95 1955 243 2010 cortuum
265 1951 417 2029 penetret?
445 1957 474 2011 et
495 1951 583 2013 dehet
603 1948 821 2032 istudquidem
843 1952 1018 2013 documento
1046 1948 1111 2013 osse
1138 1931 1274 2013 omnibus
1301 1951 1371 2031 quid

73 2049 141 2110 suhi
161 2050 319 2122 debeatur,
343 2070 409 2113 cum
432 2052 489 2113 boc
510 2053 577 2114 loeo
598 2053 751 2116 hominum
773 2055 803 2114 in
824 2059 854 2116 te
875 2052 1056 2117 benemerita
1078 2071 1180 2133 ponas.
1225 2051 1280 2124 Qui
1303 2067 1439 2118 comeso.

97 2151 152 2212 talis
172 2147 226 2224 sie,
249 2171 306 2216 nec
328 2138 439 2215 crimen
462 2155 676 2232 ingratitudinis
698 2153 743 2216 vel
766 2153 1008 2230 dissimulandum
1030 2155 1133 2226 ducas,
1163 2153 1254 2215 multa
1274 2161 1372 2236 tamen
1482 2151 1492 2160 ’

96 2271 186 2315 mores
208 2273 274 2336 que
296 2249 333 2316 ad
353 2264 384 2317 te
405 2257 562 2318 iurandum
584 2257 746 2335 pertinent,
769 2258 851 2336 quasi
873 2274 932 2318 non
954 2255 1057 2317 solitus
1072 2258 1112 2317 sis
1127 2262 1291 2318 servatores
1305 2264 1373 2318 tuos

97 2353 161 2416 alios
181 2357 253 2427 rita,
276 2356 348 2419 alios
371 2358 529 2420 carissimis
551 2358 608 2420 sibi
628 2357 719 2421 rebus
739 2357 883 2438 spoliare,
907 2358 989 2446 addis
1004 2343 1091 2423 etiam
1106 2359 1298 2420 iactationem¹
1310 2365 1372 2419 tua·

97 2477 156 2519 rum
178 2461 332 2528 virtutum,
362 2467 392 2520 et
412 2459 488 2521 inter
510 2467 615 2522 caetera
638 2463 679 2524 ais
702 2479 768 2522 eum
791 2479 855 2522 esse
876 2468 906 2522 te
928 2459 978 2542 qui
1004 2461 1147 2523 honorem
1176 2463 1292 2543 semper
1313 2439 1371 2520 ha·

71 2559 189 2622 cubueris
209 2559 349 2622 muliebri
370 2563 462 2623 sexui.
500 2563 583 2641 quasi
610 2581 680 2624 vero
707 2563 737 2624 in
760 2542 934 2648 oblivionem
957 2562 1096 2625 ceciderit
1123 2561 1370 2640 quemadmodum
1380 2578 1441 2632 aas.

38 2695 43 2706 ι
98 2669 169 2723 tuam
191 2665 365 2741 coniugem,
386 2660 460 2726 illud
482 2663 629 2743 singulare
652 2663 798 2744 pudicitia
819 2667 983 2744 specimen,
1006 2665 1191 2733 tractaverim
1216 2671 1257 2735 et,
1281 2683 1298 2724 o
1320 2662 1374 2724 nri·

98 2781 185 2826 seram
206 2763 418 2828 mulierem·ac
440 2766 560 2827 sinistro
582 2765 680 2846 aliquo
702 2767 761 2828 lato
784 2769 968 2828 commissam
983 2751 1052 2846 lupo
1068 2760 1188 2846 agnam!
1211 2771 1289 2826 tuam
1304 2782 1373 2826 vero

101 2875 226 2928 naturam
249 2868 398 2946 quomodo
421 2869 495 2930 leret
517 2867 684 2947 quisquam,
714 2869 738 2928 si
759 2870 814 2930 ista
842 2869 920 2931 lerre
947 2866 1065 2948 nequit?
1097 2874 1148 2928 aut
1175 2865 1297 2928 alicuius
1319 2884 1373 2927 un·
1396 2899 1411 2908 -

100 2985 178 3046 quarn
200 2965 334 3031 conuictu
357 2969 506 3038 mitesces,
530 2971 579 3048 qui
602 2970 658 3030 hoe
680 2973 760 3032 suari
783 2971 917 3048 coniugio
940 2975 1043 3032 auctus
1065 2989 1097 3032 es
1119 2969 1234 3031 lerilate
1253 2989 1287 3030 ac
1303 2983 1373 3030 con·

71 3073 241 3132 eumacius,
256 3071 363 3134 Debuit
385 3070 447 3144 illa,
471 3071 516 3132 vel
539 3073 728 3134 vehementer
744 3055 889 3134 commoto
906 3071 973 3144 tihi,
997 3075 1110 3154 quoties
1125 3072 1289 3142 incidisset,
1312 3087 1440 3143 unocu.

100 3181 209 3249 aspectu
231 3193 350 3253 unoque
365 3166 476 3235 intuitu
499 3191 616 3236 omnem
639 3175 735 3235 statim
758 3174 939 3234 iracundiam
959 3175 1139 3253 reprimere,
1162 3175 1306 3234 tristitiam
1323 3191 1374 3234 au·

101 3274 185 3345 terre,
207 3276 460 3355 perturbationem
482 3291 677 3356 componere,
699 3277 772 3336 iram
795 3271 914 3336 sedare:
937 3283 966 3336 at
987 3282 1017 3336 tu
1040 3293 1099 3335 non
1123 3279 1180 3336 iam
1196 3275 1298 3344 homo,
1321 3273 1373 3334 sed

102 3375 223 3438 immanis
244 3379 353 3448 bestia,
377 3379 456 3438 omui
473 3378 576 3456 uipera
598 3377 782 3448 virulentias,
812 3377 891 3437 omni
913 3377 1069 3458 scorpione
1091 3376 1270 3446 insidiosior,
1294 3377 1374 3436 omni

102 3479 190 3556 aspide
211 3481 379 3550 nocentior,
403 3499 438 3540 ex
460 3478 653 3542 saluberrimo
668 3465 766 3540 iructu
783 3479 1041 3558 praesentissimum
1057 3477 1204 3556 exugebas
1219 3494 1372 3546 venenum,

53 3565 126 3636 'sset
145 3579 218 3642 illam
241 3582 297 3643 hac
318 3567 429 3652 forma,
453 3581 498 3642 his
519 3581 670 3651 moribuS,
694 3582 736 3642 sic
758 3581 794 3642 de
818 3588 845 3644 te
868 3581 1002 3642 meritam
1025 3580 1177 3641 durissime
1195 3577 1370 3648 habendam,

103 3681 276 3744 acerbissime
299 3683 499 3760 affligendam,
528 3684 694 3746 immaniter
710 3683 906 3744 occidendam
935 3681 1050 3744 duxisti.
1088 3681 1136 3743 cui
1165 3681 1229 3761 quis
1256 3685 1441 3758 putarettas.

103 3780 126 3839 io
146 3782 236 3863 aliqua
258 3785 348 3846 domo
371 3803 430 3846 non
453 3803 516 3846 esse
537 3784 653 3856 locum,
677 3803 743 3846 curn
767 3805 802 3846 er
825 3785 881 3848 bac
901 3785 1074 3864 prodiisset?
1101 3789 1131 3844 at
1152 3783 1181 3844 in
1204 3789 1253 3842 tna
1276 3781 1373 3852 domo,

105 3899 181 3959 quam
201 3889 318 3964 generis
339 3887 467 3967 primum
489 3885 661 3966 splendore,
685 3886 790 3949 deinde
812 3885 948 3948 omnihus
964 3873 1079 3966 ¹pariter
1101 3884 1189 3947 animi
1211 3902 1246 3946 ac
1268 3901 1380 3964 corpo-y

105 3984 139 4044 ris
159 3987 270 4049 dotibus
292 3995 464 4057 ornaverat,
492 3987 569 4050 haud
598 3989 661 4050 init.
707 3987 815 4050 deinde
840 3989 905 4068 quis
926 3987 1012 4049 alicui
1042 3989 1117 4049 hanc
1144 3987 1288 4066 speciem,
1317 3985 1375 4046 hoc

78 4085 317 4160 spulchritudinis
338 4089 451 4168 insigne
473 4090 627 4169 displicere
649 4090 792 4152 credidit?
812 4097 842 4150 at
863 4088 930 4160 tihi,
954 4105 1048 4170 quem
1064 4091 1154 4170 partis
1169 4106 1286 4168 quoque
1301 4085 1373 4148 libe·

107 4186 140 4246 ris
158 4198 288 4262 auxerat,
311 4197 424 4252 tantum
444 4190 538 4253 abluit
551 4200 584 4254 ut
597 4191 728 4272 placeret
735 4240 747 4265 „
765 4199 798 4252 ut
812 4194 899 4252 etiam
914 4187 1029 4268 flagris,
1053 4189 1239 4262 verberibus,
1261 4189 1373 4269 laqueis

107 4305 135 4348 sc
154 4293 286 4378 crncilsus
307 4295 396 4373 petita
419 4295 464 4355 sit.
509 4291 670 4374 Quicquam
698 4295 787 4371 igitur
814 4295 956 4356 committi
985 4292 1037 4354 ahs
1064 4299 1094 4354 te
1115 4301 1212 4371 potest
1233 4293 1441 4354 adver-susan.

107 4385 175 4454 bunc
194 4409 294 4458 sexum
317 4384 497 4458 inhonestius
518 4415 553 4457 ac
575 4394 791 4458 detestabilius?
819 4394 864 4456 rel
891 4396 938 4456 eui
966 4393 1157 4476 persuadebis
1178 4394 1321 4456 bonorem
1343 4399 1372 4454 te

107 4487 230 4559 babuisse
249 4495 438 4568 mulieribus,
462 4499 511 4577 qui
534 4503 636 4560 contre
657 4497 733 4558 hanc
755 4495 842 4557 talem
865 4515 899 4557 ac
918 4503 1026 4558 tantam
1042 4497 1172 4559 inaudito
1187 4496 1309 4558 lenitatis
1323 4514 1373 4573 ge·

108 4608 170 4656 nere
190 4598 382 4661 debacchatus
405 4599 453 4660 est
476 4599 534 4660 Sed
555 4601 613 4660 iam
635 4598 705 4662 illud
727 4598 799 4659 mihi
821 4599 963 4668 occurrit,
990 4615 1050 4678 quo
1076 4606 1109 4660 tu
1130 4599 1266 4678 respicis:
1297 4596 1373 4660 bene

109 4709 284 4729 ''h-*¹*—

137 4777 449 4849 ‘bAhffszmdLLAq
478 4783 667 4836 ¹²redim.edd.
696 4783 716 4817 ¹⁵³
726 4785 974 4836 clarissuma.
1001 4781 1212 4835 “ferocitatem
1240 4785 1371 4834 aenean.

162 4865 282 4922 iliram
301 4871 369 4922 Ore.
393 4885 458 4921 voa.
476 4869 510 4920 V.
1218 4871 1237 4929 5
