3434 5512
198 427 298 462 LEONI&
312 429 337 464 X.
351 429 460 466 CONTRA
474 431 625 466 tvrunuvrt
638 433 730 469 BVLM
744 435 805 472 DET.
822 428 854 468 lt'r·
866 437 923 470 lvii.
936 435 961 470 Δ.
971 433 1029 472 152⁰.
1045 439 1070 474 0.
1084 439 1208 476 nument
1223 440 1315 478 honlo.
1355 413 1427 484 307

125 589 177 638 tro
199 581 334 658 Apostoli
351 585 518 652 doctrinam
539 589 611 662 ptos
631 605 739 664 sapere
762 593 862 651 ouium
884 597 991 667 ”quom
1018 601 1173 670 onorem,-
1203 611 1330 672 oenum
1348 615 1429 674 oer-

16 747 19 752 ,
126 683 240 741 entitas
269 683 316 760 (et
342 687 457 760 qinquit
476 685 690 764 Hieronymus)
720 693 784 750 sine
803 695 1024 769 scripturorum
1048 697 1233 775 1αιιιΙιονιιιιιι
1263 705 1338 758 'oon
1369 701 1430 760 ho-

126 783 199 842 here
219 784 326 857 fidem,
352 789 412 847 nisi
436 788 608 850 uiderentur
631 787 821 866 bperversam
842 795 1024 874 doctrinam,
1050 800 1138 858 etium
1160 799 1270 860 diuinis
1296 803 1429 862 testimo-

127 888 215 954 niis„
229 889 323 948 ‘mole
341 895 453 958 tomen,
475 893 678 966 interpretatis
699 894 857 967 roborare·
876 912 896 956 o
916 913 1042 974 quorum
1061 901 1154 962 ocutis
1181 896 1252 962 ‘dei
1271 904 1357 964 timor
1376 921 1430 964 re-

107 990 230 1061 sceno,
263 988 389 1050 humani
416 995 537 1065 generis
570 993 668 1054 ‘hoste
697 1005 887 1072 inenormis,
927 1003 1041 1060 nouiter
1069 1004 1239 1074 suscitastis,
1276 1011 1305 1064 et
1333 1023 1431 1081 nuper

128 1090 219 1164 opud
249 1084 405 1166 ‘quosdam
431 1095 555 1154 teniores
587 1098 634 1156 ‘in
662 1099 774 1174 inclyto
800 1103 920 1165 notione
947 1103 1127 1164 Germanico
1150 1108 1317 1168 emmens.
1350 1107 1432 1182 quod
1546 1098 1548 1102 ⁴

127 1207 163 1250 eo
185 1195 284 1266 monis
302 1191 433 1256 uorem
453 1196 496 1256 ihi
514 1199 657 1271 evenisse,
684 1199 766 1274 quod
785 1196 931 1264 ¹¹eoadem
950 1207 1100 1266 notionem
1124 1212 1154 1265 et
1174 1223 1227 1266 nos
1256 1215 1286 1268 et
1302 1209 1430 1284 proede-

128 1309 263 1354 cessores
290 1299 386 1356 nostri
410 1293 454 1357 iin
482 1299 642 1360 decoribus
667 1317 785 1378 semper
810 1306 990 1378 gesserimus
1020 1301 1206 1368 *citeritotin
1249 1305 1339 1370 'Nom
1364 1317 1432 1386 post

130 1399 312 1456 transierum
327 1415 367 1456 ex
384 1399 499 1460 Grecis
519 1405 564 1460 ”o
581 1401 719 1462 Romano
734 1407 858 1464 ecclesio
879 1409 928 1468 ”rh
944 1409 1061 1468 eosdem
1081 1409 1244 1470 Germanos
1262 1413 1428 1486 imperium,

97 1506 121 1546 ιι
130 1496 223 1556 iidem
243 1499 479 1574 predecessores
497 1504 592 1562 nostri
606 1510 640 1564 et
659 1521 712 1564 nos
726 1506 857 1566 eiusdem
877 1511 1010 1572 ecclesie
1026 1511 1215 1586 ⁰odooeotos,
1237 1512 1430 1585 defensores-

130 1616 190 1674 que
218 1617 259 1659 ex
285 1603 328 1660 eis
353 1620 470 1680 semper
496 1608 673 1679 occepimus.
718 1606 794 1678 Quos
820 1611 938 1684 quidem
962 1613 1138 1686 Germanos,
1165 1615 1321 1676 oothoIr'coe
1347 1617 1430 1676 oeri-

130 1865 232 1918 moret
246 1864 354 1918 tamen.
412 1864 520 1938 pquarn
536 1859 588 1921 tihi
609 1859 680 1922 utiie
696 1867 754 1931 est,
778 1867 897 1942 tuteque
910 1864 1026 1942 expedit
1041 1865 1145 1930 Curiae.
1183 1867 1315 1932 ‘'Hoene
1336 1869 1431 1950 inquit

130 1959 348 2039 Hieronymus?
370 1960 414 2020 Tu
437 1961 599 2040 veroquid
620 1963 709 2023 toties
730 1963 943 2044 Hieronymum
965 1964 1091 2046 aliegasi
1121 1985 1220 2029 nonne
1247 1975 1281 2031 ut
1302 1969 1357 2032 hae
1379 1971 1429 2032 ad-

129 2067 196 2122 suta
219 2078 355 2141 purpura
377 2060 453 2123 maie
475 2064 667 2123 concinnatos
689 2069 755 2125 tuos
777 2073 919 2128 centones
940 2067 1100 2132 adornatos
1128 2069 1254 2130 reddas?
1281 2071 1339 2133 Sed
1369 2089 1428 2134 non

98 2175 122 2214 ιι»
132 2164 280 2225 cohaeret:
309 2165 407 2242 itaque
434 2164 542 2226 desisto
568 2165 597 2225 in
625 2163 728 2227 hiroio
750 2166 905 2228 mendacio
927 2170 1021 2230 saneti
1049 2171 1102 2231 riri
1123 2171 1331 2254 authoritatem
1353 2191 1431 2252 prae·

131 2273 236 2326 texere
257 2265 321 2328 tihi.
390 2273 506 2344 ‘neque
527 2265 638 2328 habore
660 2267 757 2328 debet.
787 2265 844 2330 iam
860 2268 916 2330 hoe
938 2277 1144 2332 contestamur.
1209 2269 1296 2334 ¹'Tibi
1310 2275 1428 2352 quidem

131 2386 253 2448 semper
268 2385 406 2448 perversa
422 2369 477 2429 init
490 2366 664 2447 Euangeliou
679 2368 742 2439 iiia,
766 2387 853 2448 quarn
869 2388 924 2430 nos
938 2373 1104 2450 sequimur:
1127 2389 1223 2454 neque
1244 2377 1322 2436 enim
1345 2376 1431 2437 docet

131 2477 160 2530 te
176 2471 276 2532 iaoere
292 2489 357 2550 qun
371 2469 445 2532 iacis
459 2470 602 2547 nonnose
617 2467 718 2532 multa.
775 2469 895 2551 ‘Neque
917 2473 994 2534 enim
1017 2493 1034 2534 e
1054 2479 1107 2534 tuo
1129 2477 1302 2548 commodo,
1325 2478 1376 2538 sed
1393 2497 1428 2540 ex

130 2571 241 2633 Christi
256 2578 286 2633 et
299 2580 469 2634 sanctorum
486 2574 639 2632 sententia.
704 2570 882 2633 ‘Pontificio
897 2575 1059 2654 tyrannidis
1073 2582 1179 2646 metue,
1202 2583 1232 2637 et
1246 2579 1428 2664 superstitio·

93 2687 184 2734 naus
199 2673 339 2734 Romanae
354 2673 514 2752 tyrannidis
530 2673 635 2738 cuitus.
685 2673 810 2736 ‘Errast
833 2693 929 2756 neque
945 2677 1022 2736 enim
1039 2684 1135 2757 potest
1149 2677 1293 2750 diabolus,
1309 2697 1376 2741 oum
1391 2682 1429 2742 sit

130 2783 219 2854 pater
233 2775 387 2844 mendacii,
410 2791 571 2854 suggerere
587 2776 746 2837 veritatem.
799 2771 969 2847 ‘Quomodo
985 2777 1072 2848 leves,
1089 2779 1138 2859 qui
1155 2779 1207 2841 tibi
1223 2788 1427 2860 quoqueum

129 2877 245 2956 potem
262 2883 397 2957 tyranno,
413 2883 473 2936 usn
489 2878 547 2938 rito
562 2891 666 2953 graves
682 2895 745 2938 esse
762 2879 936 2956 oeperunt?
1003 2881 1050 2941 ‘id
1066 2889 1110 2942 est
1125 2899 1191 2961 que
1206 2883 1314 2943 aiiatim
1336 2901 1426 2962 peen-

130 2979 212 3038 ninm
228 2977 362 3039 mittebat
376 2977 475 3048 nobis;
498 2976 606 3057 alioqui
622 2977 747 3039 harhara
764 2985 794 3040 et
807 2981 933 3061 stupida.
998 2979 1132 3044 ¹¹Laudat
1146 2985 1347 3045 Germaniam:
1371 2983 1428 3046 hoo

130 3097 226 3140 unum
242 3079 339 3141 reddit
354 3080 438 3140 toties
453 3079 639 3142 incommodo
655 3079 692 3140 ah
707 3099 740 3141 se
755 3081 880 3151 aiieotae;
896 3083 994 3162 itaque
1010 3083 1107 3146 adlruo
1122 3085 1151 3145 in
1167 3103 1220 3164 spe
1235 3092 1280 3146 est
1294 3087 1427 3146 reconoi-

93 3179 275 3242 ²⁵hationist
291 3181 375 3242 aliter
390 3199 450 3241 non
464 3182 507 3241 sio
522 3171 629 3243 hianda
644 3179 784 3260 palparet.
855 3179 1083 3246 ¹Devorareritis
1098 3187 1192 3256 enim,
1216 3186 1267 3248 sed
1284 3204 1364 3248 nune
1380 3205 1425 3248 re·

129 3284 274 3352 numetis,
297 3291 326 3343 et
341 3282 377 3344 de
392 3289 494 3343 ventre
509 3291 606 3344 restro
624 3285 758 3345 extrahet
771 3283 850 3346 iilam
867 3286 949 3347 deris.
1015 3284 1071 3348 'At
1086 3305 1151 3366 quae
1167 3305 1230 3347 esse
1246 3293 1342 3366 potest
1357 3287 1427 3350 oha-

130 3385 205 3444 ritas
228 3385 258 3443 in
279 3381 327 3444 tali
350 3391 490 3463 tyranno,
512 3391 572 3444 tam
595 3385 797 3446 fraudulenter
813 3395 842 3447 et
856 3385 994 3454 suhdoie,
1017 3396 1077 3448 mm
1092 3387 1234 3448 violenter
1249 3395 1278 3447 et
1292 3389 1427 3466 improbe

130 3485 289 3564 pecuniam
305 3484 341 3544 ah
357 3486 458 3546 aminis
473 3487 617 3563 exigente,
633 3489 804 3556 suihrrante,
821 3487 995 3566 emisi-gente,
1012 3495 1205 3566 extorquente
1223 3495 1253 3548 et
1267 3491 1427 3566 eripiente?

127 3584 167 3646 ΙΑ
192 3583 297 3646 ealiato
320 3586 390 3648 olim
414 3586 558 3650 beneflcio
581 3589 821 3649 commendatae
843 3590 1012 3658 Germanis,
1042 3595 1149 3668 putans
1177 3588 1287 3649 ideireo
1315 3588 1425 3650 hahere

94 3687 287 3748 aonhnoxios.
311 3707 328 3746 o
351 3687 500 3748 iraudem!
564 3687 642 3750 mliia
666 3691 743 3752 enim
765 3690 905 3751 transfert
926 3689 1025 3751 saculi
1046 3690 1186 3768 Imperia,
1211 3707 1269 3769 quo
1292 3692 1355 3750 iure
1378 3690 1425 3751 dio

128 3787 238 3848 sodes?
301 3788 487 3868 ¹'opportuni
510 3789 683 3852 videbantur
699 3794 776 3850 errim
794 3809 867 3869 qnos
882 3791 1060 3852 iniatuarent
1076 3789 1123 3852 iih'.
1191 3793 1252 3853 ⁰'l'u
1270 3793 1424 3870 veroquid

128 3892 195 3968 agis
217 3891 352 3959 interim,
376 3893 476 3952 ociose
499 3897 615 3969 pastor,
638 3891 755 3970 quando
777 3891 850 3952 aiios
872 3892 1056 3954 defendendo
1079 3894 1161 3970 gregi
1182 3891 1352 3953 substituis?
1374 3901 1424 3954 aut

128 3993 223 4052 armis
250 3990 390 4060 ecelesia,
419 4009 479 4052 non
501 3992 627 4072 ¹optimis
649 3993 714 4052 ritae
745 3993 888 4072 exemplis
917 4001 945 4053 ot
972 3983 1047 4054 'sana
1078 3993 1213 4054 doctrina
1241 3991 1424 4054 detenditur?

198 4229 210 4262 ⁷
228 4225 400 4294 Hieronym]
417 4226 545 4278 iconam.
559 4227 587 4280 in
600 4243 699 4293 evang.
712 4228 813 4280 Matth.
829 4228 877 4280 lih.
891 4228 938 4280 IV.
958 4241 982 4280 o.
996 4226 1039 4280 2³.
1056 4244 1084 4280 v.
1097 4227 1187 4295 iihsq.
1205 4227 1287 4294 „Hoc
1306 4231 1371 4296 quie
1389 4231 1423 4282 du

127 4313 276 4379 seripturis
293 4327 348 4363 non
365 4312 452 4364 hauet
474 4314 684 4374 auctoritatem,
710 4313 807 4363 endem
826 4312 966 4364 facilitate
986 4314 1170 4366 contemnitur
1192 4310 1422 4380 quufprohutur'h

128 4397 296 4460 (musaeo.
304 4399 365 4448 vn.
377 4395 444 4459 190.)
464 4397 539 4448 Idem
554 4398 588 4448 ad
600 4397 699 4448 Motth.
714 4395 854 4448 uniunt
868 4397 961 4463 (hep.
972 4396 1039 4461 180.)
1058 4399 1231 4464 „Propterea
1244 4407 1345 4463 errant,
1359 4401 1424 4464 quis

127 4483 284 4548 scripturus
302 4483 444 4542 nesciunt3
463 4487 491 4531 et
509 4483 574 4546 quie
591 4483 744 4548 scripturus
762 4481 903 4547 ignorant,
929 4488 1129 4547 nonaequenter
1146 4485 1275 4535 neseiunt
1293 4486 1423 4534 virtutem

127 4567 188 4629 dei,
207 4551 260 4616 hoc
281 4570 325 4618 est
341 4565 492 4627 Christum,
513 4567 559 4630 qni
577 4573 620 4618 est
638 4567 682 4616 dei
701 4567 788 4618 virtus
807 4573 836 4616 et
853 4565 898 4616 dei
916 4568 1081 4632 supientin''.
1111 4567 1155 4618 (ιι.
1175 4567 1259 4620 etiam
1277 4567 1380 4618 Corum.
1393 4567 1423 4618 iu

128 4667 172 4717 ep.
186 4652 222 4702 ad
235 4650 338 4716 Ephes.
352 4649 388 4700 11.
403 4649 459 4702 eti.
473 4648 539 4714 (1.οέ
544 4649 648 4716 phur.)
693 4649 704 4680 ⁸
722 4651 789 4701 viae.
804 4649 917 4718 charit}
932 4652 968 4702 ei.
981 4651 1063 4702 Pauli
1076 4667 1119 4718 ep.
1133 4652 1168 4702 ad
1180 4651 1301 4717 Philipp.
1313 4651 1334 4700 1.
1346 4649 1421 4713 8.aq.

127 4739 139 4770 ⁵
156 4737 255 4790 tranei.
270 4751 304 4786 ex
317 4738 416 4796 Gran]
436 4736 473 4786 ei.
486 4749 568 4800 supra
581 4752 607 4800 p.
621 4735 679 4784 255.
694 4733 728 4784 ad
747 4735 770 4796 θ.
783 4734 825 4788 to.
878 4733 900 4766 ²⁰
917 4735 1013 4786 Ionan.
1029 4735 1104 4786 vul.
1118 4735 1159 4784 44.
1212 4733 1234 4768 ²⁵
1252 4733 1301 4784 lob
1314 4729 1419 4784 xxdie

1135 4815 1200 4877 20*
