3410 5524
353 403 421 474 144
457 432 483 468 Δ.
495 433 590 470 ΠΟΟΠ
601 434 697 470 ΔΡο8Τ.
710 434 768 470 ΒΗ).
777 420 878 470 Latiar!
892 435 1011 471 BXHOB'I’.
1027 436 1313 474 ΠΙῙΝΙΤῘΟΜΟΙΤΒΔ
1325 437 1405 474 'NEG-
1419 439 1445 473 D.
1454 433 1620 474 vuormati-

346 592 498 666 provineias
519 593 634 666 imperio
657 610 721 655 suo,
751 593 825 666 quod
854 591 975 668 alioquin
1005 593 1146 653 marimum
1175 603 1203 652 et
1230 595 1310 653 nobis
1333 593 1540 652 formidulosum
1560 605 1620 658 erat.

348 677 498 734 incredibili
520 695 648 734 successu
671 677 781 742 adiecit.
810 677 892 734 rebus
915 680 1040 738 omnibus
1069 680 1105 753 (id
1134 681 1341 755 quodminiuie
1363 679 1534 754 sperabatur)
1555 677 1621 736 iom-
1698 667 1699 714 1

346 763 453 836 positis.
476 761 740 836 Constantinopolim
756 761 869 820 rediisse
891 781 958 824 auro
980 775 1062 839 atque
1084 775 1199 838 argento
1215 773 1356 827 onustum,
1379 783 1410 822 ac
1426 773 1500 820 tanta
1515 766 1619 823 victoria

252 913 256 922 1
345 846 460 910 elatum.
489 847 611 922 nihilque
634 847 691 904 suis
712 847 822 922 perlldis
848 849 991 907 conatibus
1020 851 1071 906 iam
1099 851 1208 907 obstare
1237 867 1327 926 posse
1352 856 1539 924 reputantem.
1570 867 1620 906 non

345 931 416 988 aliud
439 933 583 1007 quiequam
604 932 725 1006 cogitare
748 949 828 1006 quam
850 941 882 992 ut
903 935 1008 994 oriente
1030 935 1142 993 subacto
1164 935 1283 1010 reliquas
1305 935 1379 991 orbis
1401 942 1494 1008 partes
1509 935 1536 990 in
1552 951 1645 990 suanis

345 1019 510 1090 teterrimam
525 1036 556 1075 ae
577 1017 794 1076 nefandissimam
816 1019 974 1077 servitutem
989 1021 1103 1094 redigat.
1131 1008 1335 1095 Proptereaque
1349 1019 1423 1076 ultra
1438 1018 1620 1075 validissimam
1698 1073 1699 1078 ,

343 1102 457 1160 classem
484 1102 556 1161 illam
586 1120 666 1176 quam
695 1104 830 1178 superiori
858 1121 928 1168 anno
956 1115 1110 1180 paraverat,
1139 1106 1218 1184 aliam
1246 1122 1300 1162 non
1328 1104 1460 1161 minacem
1483 1104 1619 1164 instruere
1698 1097 1699 1182 1

345 1189 510 1262 insuperque
532 1187 671 1244 terrestris
686 1189 820 1244 exercitus
835 1190 927 1264 copias
942 1207 1056 1247 numero
1072 1191 1196 1265 ingentes
1212 1204 1241 1247 ac
1257 1189 1356 1246 robore
1370 1188 1472 1245 validas
1483 1187 1618 1262 vlligere
1698 1229 1699 1280 1

344 1273 442 1347 quibus
464 1290 518 1330 nou
540 1272 641 1329 ltaliam
663 1273 744 1329 morlo
773 1272 825 1347 (cui
848 1274 955 1350 semper
977 1275 1099 1350 inhiavit)
1126 1276 1173 1332 sed
1195 1277 1345 1332 universam
1368 1289 1479 1348 quoque
1500 1273 1620 1328 Christia—

320 1349 455 1414 nitatem
477 1357 604 1432 subigere
627 1359 723 1432 possit.
767 1359 900 1432 quendem
927 1369 1057 1434 praeterea
1087 1370 1224 1419 oratorem
1250 1377 1330 1416 suum
1353 1357 1478 1414 Venetias
1504 1358 1646 1432 proximem

344 1444 465 1506 misisse.
488 1459 521 1507 eo
544 1443 652 1516 quidem
673 1451 821 1517 pretextu.
845 1453 876 1500 ut
897 1444 930 1500 de
952 1445 1064 1503 victoria
1086 1457 1181 1503 contra
1204 1444 1348 1502 Scldanum
1369 1451 1448 1518 parta
1470 1459 1530 1500 eum
1545 1459 1619 1516 repu-
1698 1417 1700 1502 l

345 1528 413 1588 blica
435 1527 481 1584 illa
503 1527 554 1584 sibi
576 1527 758 1584 confoederata
780 1527 923 1603 gauderet,
946 1530 1034 1587 timeri
1056 1541 1159 1594 autem.
1183 1548 1216 1588 ne
1238 1530 1291 1586 alio
1312 1529 1426 1585 tendant
1439 1528 1553 1586 consilia
1567 1545 1617 1588 sua.
1698 1503 1699 1598 1

344 1631 403 1670 cum
426 1613 543 1670 civitatis
565 1610 638 1668 illius
659 1612 773 1669 formam
796 1631 826 1670 ac
848 1614 928 1670 situm
951 1631 984 1671 en
1006 1617 1119 1690 quadam
1141 1615 1272 1673 altissima
1294 1615 1364 1670 turri
1392 1613 1527 1687 speculari
1547 1612 1619 1668 Pata·

346 1699 415 1756 'viuin
438 1715 547 1773 quoque
569 1697 673 1760 videre,
697 1706 725 1754 et
745 1707 842 1754 cuncta
863 1700 979 1756 civitatis
1003 1699 1075 1758 illius
1097 1699 1300 1778 propugnacula
1323 1698 1510 1756 curiosissime
1532 1697 1616 1752 rimari

249 1803 252 1808 ·
346 1783 474 1846 voluerit,
497 1783 575 1858 quasi
597 1799 627 1840 ea
650 1783 737 1838 omnia
759 1801 774 1838 a
796 1801 846 1839 suo
859 1785 995 1860 ‚Tyranno
1017 1787 1073 1844 sint
1095 1787 1270 1861 expugnanda
1293 1803 1353 1859 quae
1376 1783 1437 1840 aliis
1460 1785 1646 1856 incepimus-ts

276 1868 408 1927 ‹oa-thilia
430 1869 515 1925 fuisse
535 1869 702 1942 cognoverit.
745 1868 902 1943 Recepimus
924 1879 1093 1943 praetereas
1116 1865 1239 1951 praefulto
1255 1871 1425 1938 sanctissimo
1445 1867 1475 1924 ll.
1490 1867 1521 1922 h.
1536 1883 1617 1922 easm-

342 1953 403 2027 plur
423 1953 599 2012 discussionis
622 1954 698 2010 facte
719 1970 769 2027 per
790 1955 960 2012 sanctitatem
982 1973 1057 2012 suam
1080 1975 1140 2014 cum
1163 1951 1507 2024 venerabilibusfratribus
1522 1961 1615 2008 sancta

341 2041 468 2114 Romane
490 2038 611 2096 ecclesie
634 2037 818 2094 Cardinalihus
847 2057 877 2096 ac
899 2039 1014 2114 singulis
1036 2039 1248 2098 Christllnorum
1277 2040 1430 2115 principum
1456 2036 1616 2096 oratoribus.

341 2134 423 2199 atque
445 2125 478 2182 ad
501 2141 593 2182 omnes
615 2139 707 2180 eorum
729 2141 810 2197 reges
831 2124 1020 2198 principesque
1044 2128 1225 2184 transmisisse
1246 2127 1278 2182 de
1300 2121 1455 2181 huiusmodi
1479 2129 1617 2194 sanem-as

341 2210 491 2268 necessaria
506 2209 675 2284 expeditione
696 2217 791 2266 contm
812 2207 945 2283 perfidum
967 2211 1056 2284 ipsum
1072 2213 1218 2268 l'urcarum
1234 2220 1377 2286 tyrannum
1399 2207 1544 2268 sumenda.
1567 2223 1644 2280 qnasi

342 2296 448 2369 quidem
469 2293 563 2369 plures
585 2293 691 2351 articuli
713 2294 902 2352 eontinentur:
924 2295 1029 2358 Primo.
1052 2304 1143 2352 utrum
1165 2297 1218 2354 hoc
1239 2294 1339 2352 bellum
1354 2295 1390 2350 sit
1404 2291 1616 2365 suscipiendum:
1698 2295 1699 2378 1

341 2380 586 2444 Sacramentum]
609 2379 735 2436 ollensive
757 2397 789 2435 an
811 2379 947 2436 defensive
969 2380 1184 2455 suscipiendum
1208 2379 1299 2438 Tertio
1322 2394 1444 2454 quaenam
1467 2375 1616 2432 huiusmodi
1698 2379 1699 2440 1

289 2489 293 2498 ·
341 2463 441 2524 bellum
462 2473 575 2540 possent
604 2465 747 2538 impedire:
774 2463 890 2546 Quarto,
918 2463 1019 2520 bellum
1040 2481 1075 2522 ne
1107 2484 1157 2542 per
1184 2484 1277 2523 omnes
1305 2463 1443 2540 principes
1471 2461 1615 2535 gerendum
1698 2461 1699 2528 1

339 2551 390 2615 sit.
413 2568 447 2608 an
468 2567 519 2625 per
540 2549 659 2622 aliquos.
689 2558 715 2606 et
738 2566 869 2622 quosnam
892 2548 1112 2618 illos;'0uinto‚
1142 2569 1202 2628 quae
1225 2549 1366 2627 apparatui
1388 2547 1456 2601 tanti
1480 2544 1544 2602 belli
1566 2546 1616 2600 sint
1698 2535 1699 2560 1

292 2661 298 2668 ·
339 2635 503 2700 necessaria;
526 2633 606 2691 Sexto
629 2643 657 2690 et
671 2632 783 2696 ultimo.
806 2635 942 2708 quomodo
964 2633 1066 2692 bellum
1080 2636 1319 2694 administrandum
1333 2635 1384 2696 sit.
1406 2629 1534 2687 videlicet
1549 2637 1643 2684 terreas

339 2735 372 2775 an
394 2720 475 2783 mari.
503 2735 536 2776 an
560 2718 639 2776 simul
663 2727 735 2774 terra
756 2727 783 2774 et
805 2719 887 2784 mari,
915 2737 949 2775 an
970 2720 1063 2777 divisis
1084 2720 1207 2796 partibus
1230 2717 1429 2798 aggrediendus
1457 2716 1497 2770 sit
1522 2713 1615 2772 hostis.
1698 2771 1699 2792 1

338 2802 380 2859 ael
401 2821 456 2870 nno
478 2805 570 2878 potius
594 2804 709 2877 impetu,
732 2821 766 2860 an
790 2805 854 2861 totis
876 2803 984 2861 insimul
1007 2804 1108 2862 viribus
1130 2806 1308 2880 impetendus.
1352 2803 1488 2871 Quantum
1511 2800 1543 2856 ad
1565 2799 1615 2872 pri·

338 2906 410 2944 mum
432 2887 588 2945 conclusum
611 2897 653 2944 est
675 2888 784 2948 omniuo
807 2889 1007 2964 suscipiendum
1022 2907 1095 2954 esse,
1118 2907 1179 2948 cum
1200 2899 1294 2948 noster
1309 2899 1427 2946 aeternna
1450 2893 1533 2959 atque
1549 2884 1613 2939 idam
1698 2922 1699 2970 1

336 2973 542 3047 potentissimus
565 2973 651 3029 bostis
673 2974 802 3030 maximos
824 2983 968 3049 apparatus
990 2974 1085 3031 lecerit
1105 2993 1136 3032 ac
1158 2973 1246 3032 facere
1269 2992 1322 3031 non
1344 2973 1471 3033 desistat.
1496 2978 1527 3025 ut
1540 2969 1614 3024 mise·
1698 2981 1699 3020 1

337 3071 383 3114 ros
405 3056 572 3114 Christianos
600 3056 725 3129 (miseros
753 3057 874 3132 inquam.
903 3060 931 3114 ni
958 3060 1064 3116 tandem
1091 3068 1135 3116 tot
1161 3061 1257 3116 divinis
1285 3053 1481 3120 monitionibus
1509 3051 1642 3110 eammtiso
1698 3051 1699 3130 1

337 3142 465 3216 incipiant
487 3159 581 3217 sapere
603 3141 662 3216 qud
684 3143 783 3199 Christi
805 3144 879 3216 sunt)
901 3152 990 3206 statu.
1013 3146 1121 3218 regnis,
1143 3145 1274 3207 fortunis,
1303 3144 1382 3202 bonis
1404 3139 1532 3200 omuibus
1554 3139 1614 3194 rita·
1698 3143 1699 3222 1

337 3244 390 3300 que
411 3228 470 3301 ipsa
492 3227 618 3300 exturbet
640 3236 720 3302 atque
743 3226 870 3303 expoliet.
915 3227 1021 3296 Quoad
1044 3225 1191 3287 secundum
1213 3211 1337 3304 plu'ribus
1359 3225 1515 3284 rationibus
1529 3224 1609 3279 visum
1698 3271 1699 3280 ,

335 3321 377 3367 est
405 3311 504 3369 bellum
534 3313 627 3388 potius
655 3313 787 3370 offensive'
809 3313 1010 3387 suscipiendum
1041 3331 1120 3389 quam
1141 3315 1277 3372 defensive
1299 3311 1457 3389 gerendum.
1503 3305 1612 3376 Quoad
1698 3291 1699 3362 l

336 3397 459 3460 tertium,
482 3396 545 3454 licet
567 3396 646 3472 plura
661 3398 687 3454 in
702 3398 952 3462 considerationem
967 3400 1100 3463 renerint,
1123 3417 1206 3456 unum
1228 3406 1317 3456 tamen
1339 3399 1478 3474 precipue
1492 3393 1612 3452 conside·
1698 3397 1699 3482 1

334 3475 422 3538 ratum
438 3491 488 3546 est,
513 3483 585 3556 quod
602 3489 654 3540 tam
669 3484 787 3540 salutare
803 3491 911 3556 tamque
927 3485 1108 3540 necessarium
1131 3481 1231 3541 bellum
1253 3474 1308 3541 non
1330 3483 1402 3541 aliud
1426 3481 1514 3554 magis
1529 3479 1638 3552 impe-ts
1698 3493 1699 3552 1

332 3565 390 3623 dire
413 3575 460 3624 aut
480 3569 618 3624 retardare
646 3576 752 3642 posset.
782 3585 861 3642 quam
887 3567 1022 3640 discordia
1044 3569 1257 3643 Christianorum
1285 3568 1452 3644 principum:
1481 3564 1545 3621 hnic
1567 3565 1611 3617 im·

333 3653 486 3725 pedimento
496 3650 624 3712 tollendo
638 3653 693 3710 duo
709 3661 773 3709 sunt
786 3653 904 3709 remedia
920 3655 1088 3728 excogitata,
1110 3653 1241 3717 Primum.
1258 3655 1332 3728 quod
1346 3651 1488 3728 generales
1504 3647 1611 3706 omuino
1698 3693 1699 3702 ,

333 3737 448 3794 induciae
471 3738 503 3794 ad
524 3753 622 3794 annum
644 3738 740 3795 saltem
763 3753 793 3794 ac
814 3737 1021 3795 donec'bellum
1042 3739 1095 3796 hoc
1109 3739 1307 3796 sanctissimum
1321 3737 1499 3813 perduraret,
1523 3749 1555 3790 ac
1568 3749 1611 3788 ses
1698 3725 1699 3810 1

332 3837 437 3879 menses
459 3821 544 3885 ultra.
566 3823 750 3880 intercedente
772 3816 891 3879 ominium
907 3822 1122 3881 Christianorum
1143 3825 1295 3899 principum
1311 3823 1471 3884 iuramento,
1487 3818 1610 3877 aretiam
1698 3813 1699 3876 1

331 3904 381 3963 sub
404 3906 642 3965 ecclesiasticarum
664 3925 837 3964 censurarum
859 3909 1035 3966 anathematis
1057 3909 1270 3984 privationisque
1285 3925 1443 3983 regnorum,
1466 3907 1638 3964 bonorumso
1698 3911 1699 3988 1

331 3991 536 4066 privilegiorum
558 4010 589 4049 ac
610 3993 708 4049 iuriam
731 3994 818 4067 poenis
841 3994 1010 4058 sancientum
1032 3993 1198 4056 Secundum,
1221 4003 1303 4068 atque
1325 3994 1351 4050 id
1373 3992 1494 4051 sanctius
1516 3999 1546 4048 et
1560 3989 1609 4044 uti·
1698 4015 1699 4064 1

330 4074 384 4132 lius
406 4078 491 4133 visum
514 4085 568 4141 est,
592 4078 664 4151 quod
687 4094 739 4134 una
762 4085 853 4134 sancta
875 4079 1031 4134 fraternitas
1054 4079 1268 4136 Christianorum
1295 4077 1448 4160 principqn
1476 4093 1538 4134 cum
1560 4073 1610 4130 llo·
1698 4085 1699 4120 ἐ

331 4175 410 4216 manc
425 4160 552 4235 pontifice
567 4159 663 4218 eodem
678 4163 827 4218 iuramento
842 4162 938 4220 vallata
960 4163 1115 4238 eisdemque
1136 4164 1257 4221 censuris
1280 4171 1307 4220 et
1328 4164 1415 4237 pmnis
1437 4171 1532 4220 contra
1554 4177 1609 4218 eam
1698 4155 1699 4194 1

263 4239 481 4322 ‹paralellanmm
505 4245 652 4310 efficiatur,
681 4263 766 4321 eaque
789 4247 954 4305 ‘fraternitas
976 4257 1076 4306 sanctae
1097 4249 1232 4307 cruciatae'
1253 4249 1452 4305 denominetur.
1495 4243 1608 4315 Quoad
1698 4229 1699 4264 1

332 4339 472 4402 quartam.
495 4348 555 4388 cum
576 4349 704 4388 uumerus
726 4332 838 4395 ducum,
862 4333 908 4407 qui
930 4334 988 4408 pari
1012 4341 1148 4408 potestate
1171 4334 1227 4389 sint
1247 4333 1368 4406 prediti,
1392 4333 1419 4388 in
1442 4341 1495 4388 mm
1511 4347 1636 4404 magneta
1698 4373 1699 4380 1

329 4414 450 4470 exercitu
471 4431 558 4489 neque
579 4417 762 4480 necessarius,
789 4434 877 4491 ireque
904 4417 980 4474 utilis
1007 4418 1116 4476 futurus
1138 4417 1306 4492 apparuerit,
1335 4425 1363 4474 ct
1379 4423 1473 4473 'tamen
1495 4424 1608 4492 propter
1698 4405 1699 4490 1

329 4497 459 4555 humanos
485 4497 564 4556 casus
592 4501 662 4556 duos
688 4500 781 4562 saltem
810 4503 932 4576 potentia
954 4503 1169 4578 auctoritateque
1191 4518 1286 4576 magua
1309 4503 1440 4577 preditos
1461 4511 1607 4576 mutuaque
1698 4543 1699 4548 1

997 4591 1009 4615 Ο

326 4607 527 4624 ---——-b-—.

395 4677 416 4713 ¹⁰
429 4685 564 4732 oratorum
577 4688 605 4733 A.
653 4679 673 4716 ¹¹
686 4682 769 4732 timiri
782 4690 809 4732 A.
851 4686 1002 4737 tenduntA.
1045 4683 1065 4717 ¹⁴
1083 4683 1127 4736 illo
1139 4691 1167 4734 A.
1214 4681 1235 4716 ²⁸
1248 4683 1403 4748 perdurarit
1414 4690 1443 4735 A.
1464 4671 1468 4689 '
1488 4681 1511 4716 ³⁸
1530 4683 1604 4735 cbri-

284 4817 287 4827 .
329 4763 476 4820 fdanorum
490 4773 519 4817 Α.
553 4766 579 4832 *1,
592 4769 710 4834 pauisA.
724 4775 749 4818 et
765 4773 803 4819 rte
818 4771 903 4833 paullo
920 4771 999 4832 infra.
