3464 5526
318 404 366 474 22
466 431 589 468 llvlffflll
608 431 638 468 ll(
657 389 801 468 budelli!
820 429 1099 466 ἪΜἛΙΡΕΙΜΜΙΙ
1118 427 1220 464 ORATIO
1239 429 1259 464 1·
1279 428 1342 464 ΜΤ.
1356 427 1382 464 Δ.
1397 421 1454 462 ibib·

320 588 467 649 ‘invictum
490 586 655 648 Germanic
674 583 781 648 robur!
805 584 882 656 vale,
901 583 1006 648 nobilis
1028 583 1158 661 equitum
1182 582 1270 653 ordo,
1289 583 1376 644 cuius
1398 590 1457 646 tam
1480 583 1601 662 insignis

321 697 366 750 ‘ex
388 707 436 749 me
458 687 613 766 despectus
636 693 681 748 est
701 687 852 766 quesitus!
875 685 966 747 valete
986 687 1083 748 omnia
1106 703 1170 766 quae
1193 685 1303 766 ubique
1325 687 1408 758 estis,
1431 684 1540 766 quibus
1557 685 1601 746 io·

249 805 317 862 aros.
330 790 482 851 ‘nocentiae
493 806 566 849 mere
577 789 774 850 testimonium
789 786 893 867 reliqui
902 786 919 847 l'
955 787 1024 848 llaec
1035 786 1204 866 loquentem
1220 783 1421 868 illum2dngite,
1434 803 1602 867 quanquam

317 890 454 970 loquatur
476 893 537 970 ipse
560 896 655 960 certc;
683 889 788 951 deinde
811 890 880 969 quid
908 907 958 952 ros
984 895 1112 978 statuere
1141 907 1256 968 {equum
1279 889 1329 959 sit,
1361 891 1494 969 cogitate.
1534 905 1603 948 reus

316 998 472 1064 tractatur,
491 994 519 1052 in
541 993 623 1054 cuius
639 990 837 1052 incolumitate
852 993 947 1054 omnis
961 991 1118 1072 pernicies,
1137 990 1321 1052 damnatione
1336 1009 1403 1053 cum
1421 1008 1537 1052 summo
1552 1004 1628 1050 ved

318 1101 379 1155 stro
400 1093 556 1156 commodo
578 1113 691 1155 summa
712 1094 849 1156 honestas
871 1102 899 1156 et
919 1093 1017 1172 legum
1039 1098 1141 1154 nutura
1164 1094 1318 1154 coniuncto
1340 1099 1399 1153 est:
1427 1092 1498 1172 qnid
1524 1091 1603 1153 eninr

317 1213 376 1257 non
399 1195 596 1265 horrendum,
627 1194 746 1257 crudele
763 1203 802 1258 et
824 1203 907 1260 atrox
930 1195 966 1257 de
989 1213 1023 1256 eo
1052 1177 1261 1274 suspicandum
1286 1195 1336 1273 qui
1363 1195 1417 1254 ists
1441 1193 1603 1254 commisitt

316 1305 367 1360 aut
388 1298 458 1377 quid
480 1315 539 1356 non
561 1295 694 1367 audebit,
717 1297 786 1374 quid
809 1298 975 1360 consociet
996 1299 1034 1368 is,
1058 1297 1082 1356 si
1106 1295 1163 1358 boc
1178 1297 1306 1375 impune
1327 1294 1444 1357 tulerit?
1466 1294 1538 1372 quid
1551 1311 1603 1354 au·

316 1406 376 1460 tem
399 1399 581 1460 commodius
605 1417 639 1460 ac
662 1397 760 1460 utilius
780 1400 832 1460 toti
854 1400 1018 1462 Germaniae
1037 1415 1125 1478 quam
1147 1403 1179 1458 ut
1200 1399 1328 1475 primum
1351 1396 1414 1459 haec
1434 1401 1604 1457 amoveatur

317 1498 435 1580 publica
456 1501 561 1578 pestis,
590 1499 647 1561 boc
670 1502 855 1578 extinguatur
877 1518 1033 1562 commune
1059 1499 1247 1561 incendiuml
1277 1498 1384 1562 deinde
1412 1497 1482 1578 quid
1510 1498 1639 1560 bone-ro
1726 1559 1727 1564 ,

197 1659 201 1676 ‚
249 1604 397 1668 §.rocstius
416 1619 503 1681 quam
524 1599 674 1662 orantibus
695 1601 781 1662 nobis
803 1602 992 1672 comedint
1013 1603 1058 1663 ius
1073 1589 1205 1662 nostrum
1224 1600 1424 1662 obtineamus?
1447 1600 1605 1662 Amisimus
1680 1613 1685 1620 ’

318 1706 469 1774 iuvenem,
493 1705 523 1764 in
545 1721 692 1783 quocum
715 1705 818 1766 eximia
846 1705 979 1782 corporis
1004 1702 1222 1783 pulchritudine
1249 1703 1487 1781 prestantissima
1515 1703 1605 1790 qnimi

317 1805 409 1866 virtus
431 1805 586 1866 coniuncta
609 1805 678 1866 luit:
708 1823 776 1867 eum
798 1807 852 1866 iste
874 1807 1075 1879 innocentem,
1107 1805 1214 1866 indicta
1236 1823 1339 1876 causa,
1373 1803 1454 1866 nulla
1478 1806 1604 1866 interce-

317 1907 404 1970 dente
424 1907 550 1976 olleosa,
571 1923 659 1985 quem
683 1907 814 1968 inomni
842 1906 1007 1969 officiorum
1035 1925 1145 1987 genere
1173 1907 1470 1987 obsequentissimum
1492 1905 1605 1968 babue-

316 2014 378 2077 rat,
402 2027 418 2069 a
441 2009 525 2092 cuins
546 2015 630 2088 patre
651 2015 694 2068 tot
717 2015 855 2089 tantoque
876 2008 1016 2072 beneficia
1044 2016 1213 2088 acceperat,
1239 2015 1309 2071 tunc
1335 2026 1403 2070 cum
1427 2007 1483 2068 sibi
1512 2009 1638 2070 inser-rs

316 2110 404 2178 viret,
426 2107 642 2182 crudelissime,
664 2112 861 2182 atrocissime,
890 2111 1114 2181 immanissime,
1144 2112 1271 2190 primum
1299 2111 1461 2181 interemit,
1498 2110 1607 2172 deinde-

316 2219 465 2272 mortuum
493 2229 611 2291 quoquc
638 2211 776 2275 lsoeravit
802 2231 837 2274 ae
859 2212 1017 2291 suspendio
1043 2211 1186 2274 infamare
1214 2219 1338 2274 conatus
1364 2219 1423 2282 est;
1445 2219 1608 2292 ,postremo

247 2313 490 2392 §.torpescentibus
511 2295 549 2375 ad
571 2314 751 2393 sepulturum
774 2315 859 2378 nobis
881 2317 923 2376 sio
946 2313 1070 2376 conlecti
1095 2331 1203 2393 eorpus
1225 2316 1348 2393 negavit.
1393 2313 1426 2374 lu
1450 2313 1507 2374 bac
1525 2321 1608 2376 mota

315 2415 501 2492 indignitate,
525 2423 605 2477 tanta
627 2415 736 2478 doloris
758 2418 850 2480 nostri
872 2417 1046 2496 acerbitate,
1069 2416 1147 2495 quod
1170 2435 1206 2477 cx
1228 2403 1343 2494 legibus
1361 2415 1447 2476 nobis
1465 2415 1607 2488 debetur,

314 2517 401 2579 huius
422 2517 598 2597 supplicium
619 2520 761 2597 petimus,
789 2526 890 2600 teque,
926 2519 1023 2581 Caessr
1051 2517 1260 2588 blaximiliane,
1296 2535 1430 2588 oramus,
1463 2523 1495 2578 ut
1518 2520 1639 2582 ouiucu

314 2619 363 2680 bic
383 2627 501 2700 tempus
522 2621 644 2682 crimine
666 2622 818 2682 teterrimo
844 2618 989 2708 nullisque.
1018 2628 1084 2682 ante
1109 2620 1208 2682 audito
1238 2619 1353 2709 saeculis
1378 2619 1541 2696 insignivit,
1577 2623 1607 2682 in

315 2722 377 2782 eius
398 2720 543 2802 supplicio
566 2719 654 2783 lolem
676 2706 704 2783 te
727 2721 826 2793 nobis,
847 2720 971 2801 ,qualem
995 2739 1096 2783 ornnes
1118 2728 1185 2782 ante
1204 2721 1323 2801 populi,
1346 2738 1449 2806 omncs
1470 2723 1609 2783 nationes

304 2829 544 2903 perspexerunt,
567 2807 684 2902 equum
699 2823 824 2885 iudicem
840 2825 1003 2903 impertiam
1029 2841 1152 2903 rosque,
1175 2825 1338 2903 principes,
1362 2829 1536 2902 utquorum
1556 2823 1608 2886 bic

316 2925 448 2986 ordinem
477 2923 689 2986 nobilissimum
716 2925 861 2986 dedecore
889 2928 969 3005 turpi
989 2945 1024 2988 ac
1045 2925 1210 2988 detestabili
1232 2923 1469 2996 commaculavit,
1500 2917 1607 2987 eosic

245 3041 313 3090 tros.
323 3026 380 3086 boc
400 3025 508 3088 iudicio
528 3027 747 3089 existimationis
769 3045 829 3088 suae
850 3028 977 3090 vindices
1000 3029 1177 3106 experiatur.
1220 3027 1375 3106 Nunquam
1398 3025 1485 3088 elicui
1504 3045 1640 3092 oausaeas

224 3134 228 3144 ’
316 3129 408 3207 magis
427 3130 616 3211 patrocinatae
636 3135 705 3190 suot
725 3128 821 3208 leges:
850 3130 926 3210 quid.
949 3132 1026 3192 enirn
1047 3127 1126 3200 aliud
1154 3129 1211 3191 illae
1230 3128 1333 3192 volunt
1355 3147 1443 3208 quam
1464 3131 1541 3190 tueri
1566 3129 1605 3190 ab

313 3230 417 3292 iniuria
437 3232 625 3304 innoeentes,
655 3233 760 3310 punire
785 3231 823 3294 ob
851 3231 994 3296 maleficia
1015 3231 1184 3310 improbos‘l
1213 3232 1276 3293 lloc
1304 3248 1369 3302 vos,
1402 3232 1498 3292 ceteri
1527 3232 1605 3293 Ger·

314 3332 409 3403 mani,
433 3349 669 3404 commonemus,
692 3340 725 3394 nt
747 3334 817 3414 quid
839 3333 919 3414 leges
941 3333 1030 3396 velint
1044 3336 1192 3413 cogitetis,
1213 3340 1242 3395 ct
1259 3333 1338 3413 qnod
1353 3331 1410 3395 itte
1426 3332 1527 3394 volunt
1543 3340 1605 3394 sta·

313 3435 410 3494 luatis.
447 3433 498 3495 sed
521 3435 578 3495 iam
600 3435 763 3512 cogitastb,
786 3439 842 3498 iam
862 3438 1015 3508 statuistis,
1037 3439 1093 3498 iam
1116 3436 1288 3498 damnastis:
1316 3435 1433 3508 edicite,
1454 3436 1605 3514 prolcrte;

314 3541 411 3616 neque
432 3537 509 3598 eninr
533 3536 719 3599 indemnatus
741 3539 832 3600 sideri
851 3545 962 3616 potest,
986 3542 1033 3601 cni
1050 3541 1081 3600 in
1097 3538 1177 3600 nullo
1190 3538 1342 3610 bominum
1359 3542 1450 3608 coetu,
1472 3537 1501 3598 in
1520 3536 1641 3600 nnllaao

314 3637 455 3700 nobilium
477 3641 705 3718 congregatione
727 3639 810 3702 locus
833 3648 893 3710 est:
920 3659 1009 3720 quem
1036 3640 1107 3702 nulli
1137 3660 1195 3721 quo
1224 3640 1307 3718 prins
1329 3637 1457 3718 alloquio
1479 3637 1604 3717 dignan-

263 3767 267 3774 ’
295 3747 377 3814 tur,
398 3759 486 3804 nemo
508 3741 738 3812 salutat,·nemo
761 3742 904 3822 appellat,
927 3745 977 3822 qui
1000 3744 1134 3805 desertus
1154 3752 1198 3804 est
1218 3742 1254 3804 ab
1271 3741 1422 3813 omnibus,
1446 3741 1604 3818 despectus

313 3844 399 3903 etiam
421 3841 457 3904 ab
483 3844 603 3913 intimis,
632 3861 720 3924 quem
750 3863 853 3906 omnes
877 3845 1017 3916 oderunt,
1051 3863 1153 3906 omnes
1177 3843 1329 3923 indignum
1358 3844 1405 3904 cui
1432 3844 1604 3921 ignoscatur

312 3950 429 4022 putant,
453 3963 542 4024 quem
563 3947 708 4007 victimam
730 3947 935 4009 innocentibus
958 3947 1070 4010 umbris
1090 3948 1154 4007 lieri
1176 3945 1341 4024 postulant,
1366 3953 1531 4006 vexatorem
1549 3963 1604 4024 pa·

311 4047 388 4116 trice,
415 4049 507 4108 nostri
532 4045 643 4108 ordinis
665 4048 863 4126 proditorem,
889 4051 983 4110 omnis
1005 4049 1093 4118 iuris,
1121 4049 1258 4136 ‚omnium
1279 4046 1378 4127 legum
1400 4051 1639 4124 transgresso-ss

313 4165 391 4218 rcm,
412 4147 543 4210 Suevioae
563 4150 688 4210 nationis
703 4148 815 4221 labem,
839 4151 1018 4231 propudium
1037 4152 1216 4222 Germanice,
1239 4157 1350 4229 pestem
1368 4149 1456 4210 buius
1475 4150 1602 4227 imperii,

313 4255 482 4328 portentum
502 4251 589 4312 buius
612 4250 719 4314 saecirli.
766 4251 863 4322 Quare
885 4253 952 4332 quid
977 4251 1054 4314 alind
1076 4269 1127 4312 vos
1148 4269 1283 4324 exorem,
1307 4269 1397 4330 quam
1419 4258 1451 4312 ut
1471 4249 1501 4311 id
1523 4251 1604 4330 qnod

312 4369 345 4412 re
365 4358 423 4421 est,
448 4351 544 4414 verbis
567 4372 685 4434 qnoque
708 4353 915 4432 comprobetis.

318 4473 511 4482 ...ω-*-

378 4538 399 4574 ¹⁹
417 4509 636 4592 contereretur.
688 4539 709 4574 ³²
728 4537 900 4608 op-lppcllat.
920 4545 943 4592 1.
996 4539 1017 4574 ³⁰
1035 4541 1114 4609 buius
1134 4544 1157 4592 1.
1187 4541 1332 4608 praesentis
1351 4546 1380 4592 tl.

761 4793 1151 4814 ψ-
