3468 5512
349 432 423 506 444
444 463 566 500 RVTTRNI
577 463 611 498 DE
622 463 738 500 ovattcr
748 465 885 500 ubic-8¹1⁸
895 464 990 502 101130
1000 465 1081 502 GALL·
1087 465 1145 504 aas.
1156 467 1206 502 nr
1216 463 1346 502 UURRERS
1358 467 1473 502 [ἛΒΙΒΒ.
1483 469 1610 504 ῦΑΡ.ΧῙίῙῙ.

348 629 420 699 potu
442 620 589 682 abstinere
612 637 723 697 aegrum
746 621 935 683 arbitrantur.
973 640 1065 701 quare
1086 623 1116 682 in
1138 622 1285 702 Hispaniis
1300 615 1336 684 ‘et
1357 623 1408 686 ubi
1429 623 1614 686 vehementior

294 729 449 792 §.aestate
472 722 568 792 calor,
592 741 652 782 nou
674 723 771 784 adhuc
791 724 855 784 iere
877 725 940 785 ausi
962 732 1031 785 snut
1051 723 1108 786 hoc
1131 727 1272 805 temporis
1294 729 1424 804 experiri
1439 745 1511 787 eam.
1543 727 1615 788 tute

349 825 427 904 quod
450 843 504 903 per
525 824 661 903 hyemem
682 827 814 886 nascitur
835 826 951 905 pituita,
974 833 1158 906 augeturque
1180 834 1303 906 propter
1324 826 1435 906 largius
1450 839 1615 908 assumptum

349 934 420 994 tnnc
441 927 555 995 cibum,
578 933 611 988 ut
632 927 798 989 Alexandro
821 927 1022 1008 Aphrodision
1045 928 1175 998 videtum
1198 939 1227 990 at
1249 931 1400 991 curatione
1422 930 1492 1000 hac,
1519 932 1547 990 in
1566 949 1614 1009 qua

291 1029 510 1092 t-tiamescere
531 1031 682 1099 convenit,
705 1032 729 1091 si
750 1037 822 1091 tuno
843 1030 979 1100 adeatur,
1003 1031 1099 1092 caveri
1120 1030 1177 1092 hoc
1200 1033 1316 1110 poterit.
1359 1030 1433 1102 Qua
1455 1031 1566 1112 quidem
1585 1033 1634 1092 des

347 1130 463 1193 duobus
484 1131 547 1190 istis
569 1134 638 1192 anni
661 1132 922 1211 temporibusdici
945 1139 1077 1214 possunt,
1100 1134 1243 1194 intensius
1265 1132 1392 1195 calorem
1415 1141 1445 1196 et
1467 1135 1556 1213 trigas
1574 1134 1617 1194 ad·

252 1313 255 1328 Ι
347 1233 527 1304 ierentihus,
555 1253 620 1313 quse
641 1234 737 1296 media
759 1236 836 1297 inter
857 1234 904 1295 iiia
932 1243 1016 1304 sunt,
1046 1253 1148 1298 eorum
1177 1233 1270 1296 rideri
1298 1241 1393 1313 potest
1420 1237 1618 1314 ineptissimum

347 1353 411 1398 esse
434 1335 618 1407 autumnale,
650 1337 729 1416 quod
756 1343 826 1398 tunc
854 1339 996 1400 maximus
1019 1337 1226 1416 aegritudinum
1253 1339 1386 1398 omnium
1408 1344 1564 1417 proventus
1582 1345 1620 1398 est

347 1445 376 1499 et
397 1438 434 1499 sd
455 1439 539 1517 peius
561 1445 715 1500 moventur
737 1439 892 1500 humores:
920 1440 989 1516 quia
1011 1446 1083 1518 puto
1106 1437 1249 1519 inaeqnaie
1271 1449 1314 1501 cst
1335 1439 1392 1500 hoc
1414 1445 1531 1518 tempus
1550 1441 1620 1500 inor-

347 1540 494 1609 dinatum,
518 1548 548 1602 et
569 1559 720 1620 nuspiam
742 1540 958 1609 sibiconstens,
982 1547 1068 1621 atque
1085 1543 1172 1620 igitur
1187 1541 1380 1603 multiformes
1395 1542 1537 1604 inducens
1550 1559 1649 1602 mor-u

252 1657 257 1676 ·
346 1641 418 1712 hos;
441 1644 512 1721 quin
536 1644 622 1704 etiam
646 1639 799 1721 ‘plurimos
821 1640 979 1722 opprimit',
1004 1643 1106 1706 Celsus
1120 1645 1223 1724 inqrrit,
1248 1644 1441 1713 ‘autumnus’;
1464 1651 1620 1724 propterea,

347 1745 415 1824 quia
438 1744 566 1808 Gallicus
588 1744 710 1806 morbus
732 1763 840 1806 nervos
862 1747 891 1804 in
909 1745 1017 1824 primis
1031 1746 1130 1814 afficit,
1153 1753 1241 1826 atque
1257 1746 1334 1807 idem
1350 1753 1436 1806 autor
1452 1746 1539 1808 docet
1552 1747 1622 1806 omni
1713 1769 1714 1780 ί

348 1862 507 1908 nervorum
529 1845 699 1908 resolutioni
726 1847 762 1907 ad
790 1846 966 1910 medicinam
998 1849 1094 1910 minus
1119 1849 1224 1910 idonee
1254 1867 1319 1910 csse
1341 1855 1476 1926 tempora
1499 1848 1622 1928 hyemem

280 1956 380 2011 §.to-et
400 1953 582 2020 autumnum.
627 1947 678 2010 sed
700 1948 746 2011 hm
768 1947 979 2027 disputationes
1007 1952 1164 2011 universim
1193 1950 1434 2012 contendentium
1461 1957 1546 2018 suut,
1572 1967 1622 2008 nnn

252 2095 254 2100 -
347 2051 383 2112 de
405 2052 524 2114 Gnaiaci
546 2057 659 2111 tantum
681 2051 711 2110 iu
733 2048 877 2112 medicina
900 2069 955 2112 usu
979 2051 1198 2114 disserentium:
1222 2069 1314 2131 quare
1336 2054 1378 2112 sic
1400 2059 1490 2130 puto,
1514 2053 1544 2112 iu
1559 2053 1650 2113 Ger-u

348 2154 444 2214 mania
467 2152 570 2214 saitem
592 2151 696 2214 melius
718 2159 847 2213 aestatem
871 2151 973 2231 deligi,
997 2153 1048 2216 sed
1070 2171 1104 2214 ea
1127 2155 1284 2231 incipiente
1305 2156 1402 2216 statim
1425 2173 1460 2214 ae
1483 2154 1624 2216 desinente

347 2255 403 2318 iam
426 2261 488 2316 tum
511 2272 588 2325 rere,
612 2255 690 2333 quod
712 2271 814 2316 mense
836 2261 905 2332 puta
927 2255 1003 2316 Maio
1026 2255 1122 2324 tirerit,
1144 2257 1214 2333 quia
1236 2273 1333 2334 neque
1354 2263 1452 2317 tantus
1474 2255 1522 2317 hic
1544 2254 1623 2320 calor.

346 2491 391 2540 aar
409 2476 532 2542 [inertia
556 2487 605 2528 nto
626 2478 656 2529 πί
679 2476 763 2528 troad
785 2473 871 2539 abiton
894 2487 959 2538 ntor.
993 2473 1077 2541 ,crit
1102 2475 1135 2539 [ie
1157 2475 1186 2528 in
1209 2475 1319 2541 stipanti
1341 2485 1372 2530 m
1392 2477 1431 2530 πίε
1453 2480 1513 2528 tam
1535 2471 1626 2528 mitam

291 2564 334 2614 tt.
346 2561 408 2627 [rint
425 2569 472 2615 tan
491 2563 543 2626 ίίε,
566 2561 641 2623 haten
665 2559 698 2624 ίίε
714 2561 752 2612 πίε
769 2555 851 2625 titileia
869 2560 924 2636 aad)
943 2559 982 2612 uit
1001 2561 1027 2614 in
1043 2567 1072 2615 ti
1091 2562 1197 2627 [numer
1218 2557 1307 2625 sittim
1332 2559 1479 2625 intanta.⁸
1508 2561 1575 2623 thud
1588 2568 1625 2634 tta

232 2640 242 2654 '
347 2648 374 2700 in
391 2647 527 2720 tiniam
544 2642 576 2699 oi
598 2645 635 2698 nit
658 2641 715 2708 aim
738 2641 771 2699 nri
794 2642 886 2697 irinati
908 2645 947 2696 πίε
969 2644 1080 2711 [europi
1103 2646 1222 2711 aaudiat
1241 2650 1280 2699 ota
1297 2643 1445 2710 aurianae
1463 2645 1650 2712 ἕίπίεεπίίειιείί

291 2731 336 2785 §.t
348 2731 426 2785 mrim
444 2729 599 2796 nitentior
617 2727 696 2794 saraia
712 2737 793 2794 aaran
811 2726 852 2782 nri
869 2733 963 2794 tunam
980 2721 1132 2808 ίείπίιιιιίιί,
1152 2717 1234 2795 [ethes
1250 2721 1280 2794 at
1299 2731 1390 2794 ίείπεεί
1411 2732 1453 2796 iit,
1470 2739 1516 2783 ms
1534 2729 1625 2784 πίπεεί

344 2816 417 2880 antii
437 2815 658 2882 ttritrntersritt
676 2828 731 2879 incy
750 2822 828 2878 arram
847 2815 1034 2868 martiatica
1058 2813 1176 2882 tristati?
1201 2813 1250 2867 ίείε
1272 2810 1308 2868 ori
1330 2810 1418 2868 ιυίεειε
1440 2815 1558 2880 trinam,
1578 2816 1626 2868 επεε

345 2901 453 2965 tantitas
469 2903 529 2952 πεπί
545 2899 584 2952 πίε
601 2900 683 2952 mittet
699 2901 745 2964 trit
763 2901 795 2963 iit
813 2914 845 2953 an
863 2905 890 2953 πί
908 2901 965 2953 atet
982 2899 1165 2968 onarityiditm
1183 2903 1223 2952 πίε
1237 2905 1269 2952 πε
1286 2900 1318 2966 itt
1334 2907 1375 2952 πεε
1393 2899 1486 2968 trabit,
1503 2905 1533 2953 πί
1552 2903 1577 2954 in
1590 2907 1626 2952 πεε

348 2984 408 3045 [etti
425 2984 472 3048 trit
490 2983 553 3048 [rint
571 2985 614 3036 atr
632 2985 678 3037 ίείπ
695 2977 725 3049 εὖ
745 2985 895 3046 tranimur
913 2985 1023 3050 sentiat,
1046 2991 1095 3037 sut
1119 2983 1181 3046 [rint
1204 2997 1236 3037 on
1259 2991 1287 3039 πί
1310 2987 1367 3040 atter
1385 2985 1569 3050 nsandiddri,
1587 2991 1626 3036 tra

286 3091 288 3102 ·
345 3069 383 3121 πίε
398 3069 445 3132 stit
463 3066 495 3132 iit
513 3069 617 3132 roaisio
634 3066 669 3123 eri
686 3070 854 3135 continencia,
877 3083 910 3123 aa
933 3067 1055 3136 tetrada,
1074 3065 1107 3124 ori
1126 3070 1230 3124 πιιειιπιί
1252 3071 1336 3134 trinas
1358 3085 1383 3122 ει
1400 3071 1456 3134 aad
1476 3071 1513 3123 oit
1532 3069 1651 3122 hmani-'2⁵

347 3153 418 3218 triti.
454 3151 510 3217 att
526 3151 614 3218 datius
636 3156 692 3218 aaa
715 3155 802 3218 idrptt
823 3161 867 3208 tas
887 3152 910 3208 π’
935 3154 1012 3218 tertia
1034 3154 1066 3220 ῐίί
1091 3157 1143 3208 taur
1166 3155 1222 3209 utri
1245 3156 1339 3220 triam.
1375 3154 1461 3226 parm,
1483 3159 1540 3220 aua
1556 3161 1581 3218 ty
1594 3153 1626 3206 πίε

347 3237 636 3304 [recrastinationem
652 3229 682 3303 ui
699 3245 751 3291 πεείι
771 3240 846 3302 triten
865 3237 999 3304 seruitiis,
1021 3235 1098 3293 πεειῑί
1122 3255 1146 3293 ετ
1164 3244 1220 3304 aad
1238 3244 1314 3293 ternu
1332 3242 1357 3306 [a
1374 3243 1418 3292 είίε
1435 3249 1510 3293 onera
1529 3239 1571 3303 [iti
1586 3235 1627 3300 πί·

277 3333 336 3384 ato.
347 3317 434 3389 petitor
452 3322 510 3387 toti
530 3321 553 3382 ia
572 3324 603 3390 iit
623 3323 650 3376 iu
666 3328 695 3377 ti
714 3324 789 3387 irrisit
808 3329 856 3376 ont
875 3324 963 3376 mirrea
981 3325 1082 3391 inentia)
1100 3336 1200 3387 orrares
1220 3317 1251 3389 εὖ
1269 3325 1373 3390 nitram,
1391 3325 1448 3378 ater
1462 3330 1509 3376 ππε
1527 3325 1586 3388 [rint
1602 3320 1628 3374 oi

345 3405 753 3473 retransmisissem,
776 3405 811 3461 nri
832 3409 870 3461 uit
894 3409 921 3460 in
941 3409 1077 3476 [urserunt
1096 3421 1144 3462 oon
1161 3413 1190 3462 πί
1209 3414 1271 3474 totta
1291 3406 1411 3462 ttuoimti
1433 3409 1538 3474 artarer,
1558 3406 1627 3463 term

345 3494 377 3557 ta
396 3493 463 3558 [tipus
484 3499 510 3556 na
534 3506 591 3546 mon
616 3493 643 3545 in
667 3501 717 3546 erm
742 3494 841 3562 teatini
865 3495 922 3546 tant
945 3507 984 3546 am
1003 3494 1060 3546 oter
1078 3495 1270 3560 triniatidytrm
1285 3501 1331 3546 πεη
1349 3495 1429 3560 [umet
1447 3493 1492 3556 uit
1509 3493 1552 3559 [ih
1569 3498 1652 3554 muse

347 3577 403 3630 oter
421 3591 460 3630 am
479 3579 535 3630 atter
554 3577 654 3639 uiritim
672 3576 696 3642 ia
716 3592 740 3629 εε
758 3579 828 3642 atii)
846 3577 954 3642 anistri,
973 3585 1028 3630 ππεε
1046 3577 1089 3642 tid
1107 3579 1177 3643 atriu)
1195 3583 1251 3632 ruti
1271 3579 1322 3644 mit,
1342 3581 1382 3632 ata
1399 3579 1428 3630 in
1444 3582 1473 3631 πί
1493 3592 1575 3644 raram
1592 3577 1626 3640 iit,

344 3701 545 3710 -ι-----

412 3765 423 3799 ¹
439 3766 557 3832 hyemen
575 3765 693 3816 reicitur
711 3769 737 3816 2.
771 3761 782 3796 ⁴
799 3763 877 3816 Alex.
890 3764 1003 3830 Aphros.
1018 3763 1185 3816 Problemat.
1198 3765 1232 3816 11.
1246 3763 1283 3831 5.]
1296 3766 1330 3816 ab
1343 3765 1468 3818 Hutteno
1488 3783 1522 3818 ex
1533 3763 1627 3817 Theod.

346 3853 432 3904 (πίπτω
450 3853 593 3913 versione,
619 3850 693 3900 inira
717 3850 752 3900 ad
771 3865 831 3914 cap.
845 3845 879 3898 26
892 3849 955 3912 (27).
969 3850 992 3911 §-
1006 3847 1048 3898 ⁴28.
1063 3851 1110 3900 cit.
1126 3850 1260 3901 adhibito.
1283 3850 1322 3900 ibi
1342 3850 1383 3915 (p.
1397 3849 1468 3900 266¹.
1483 3852 1519 3902 Il.
1532 3851 1573 3914 5.)
1593 3850 1626 3900 sic

273 3967 278 3978 ·
346 3943 402 3988 est:
426 3937 503 4001 „Cur
520 3936 622 4002 pituita
646 3950 695 4001 per
712 3933 837 3999 hyemem
855 3935 935 3984 nasci
953 3935 1103 4001 augerique
1122 3934 1233 3985 solitum
1252 3939 1306 3997 est,
1331 3951 1391 3984 curn
1415 3952 1465 4000 per
1484 3937 1511 3986 id
1529 3941 1627 4001 tempus

345 4027 425 4088 parts
441 4023 573 4072 interiore
592 4019 715 4086 corporis
733 4019 817 4069 simus
836 4018 996 4079 calidiores,
1019 4023 1049 4069 ut
1066 4019 1253 4086 Hippocrates
1277 4019 1399 4070 medicus
1417 4020 1490 4072 libro
1508 4019 1626 4087 Aphoris·

345 4123 448 4159 morum
466 4107 572 4158 scribit.
593 4105 721 4172 qnoniam
739 4103 816 4154 cibos
835 4119 901 4169 quos
919 4114 969 4170 per
986 4103 1110 4169 hyemem
1128 4103 1234 4171 largius
1257 4105 1402 4168 sumimus,
1426 4110 1526 4156 venter
1548 4109 1627 4156 miror

346 4207 516 4258 concoquere
535 4195 639 4258 potest:
664 4205 730 4256 ergo
753 4188 834 4256 larga
857 4189 913 4238 ista
937 4189 1060 4240 ciborum
1083 4189 1177 4254 eopia,
1203 4189 1293 4240 calore
1312 4190 1396 4238 insito
1415 4191 1495 4254 quasi
1513 4191 1628 4240 extincto

346 4277 472 4343 pituitam
490 4293 539 4344 per
556 4275 798 4343 refrigerationem
817 4273 919 4338 gignit,
944 4287 1004 4340 qnae
1027 4274 1142 4340 sanguis
1165 4274 1343 4342 imperfectus
1367 4273 1477 4339 quidam
1499 4290 1555 4325 aon
1577 4289 1626 4341 per·

345 4377 441 4428 peram
459 4366 551 4428 potest
570 4360 732 4427 appellarit
786 4357 1003 4426 ¹(iiiiippccr.
1023 4358 1236 4423 aphor.111.22.
1287 4357 1479 4410 'humores
1533 4360 1593 4421 Qua
1608 4362 1627 4406 t.

346 4444 366 4478 ¹¹
386 4441 472 4511 Cela]
486 4447 558 4497 Med.
571 4447 605 4496 11.
621 4445 642 4495 l.
696 4445 777 4494 εεεπίίηε
793 4447 931 4510 praeterea
949 4441 977 4506 (ί.
990 4457 1012 4492 ε.
1025 4443 1184 4494 autumnale
1203 4443 1412 4509 ineptissimum,
1423 4449 1531 4510 tempas
1549 4441 1627 4494 videri

345 4527 459 4596 potest).
512 4527 533 4564 ¹²
552 4531 653 4582 author
666 4533 690 4580 8.
727 4528 763 4580 id.
783 4525 873 4592 autor]
892 4527 964 4578 Cels.
976 4523 1050 4578 Med.
1064 4529 1100 4578 ΙΙ.
1113 4527 1138 4578 8.
1151 4543 1222 4579 vers.
1237 4529 1282 4578 tin.
1302 4529 1458 4594 „Omnique
1476 4527 1627 4579 resolutioni

346 4629 492 4666 nervorum
515 4615 550 4666 ad
573 4615 740 4667 medicinam
762 4629 817 4664 non
840 4612 941 4670 idonea
962 4617 1088 4678 tempora
1109 4618 1173 4663 sunt
1194 4613 1284 4663 hiems
1303 4617 1332 4664 et
1349 4619 1508 4675 autumnum
1532 4611 1628 4678 aliquid

347 4702 453 4767 sperari
471 4706 564 4766 potest
581 4717 646 4752 vere
665 4703 693 4750 et
705 4699 832 4750 aestate.'’
878 4695 899 4728 ¹³
917 4697 1033 4760 hyemen
1052 4700 1076 4745 2.
1095 4687 1224 4754 hiem.8.,
1243 4703 1274 4747 ut
1291 4697 1381 4764 adipi
1428 4695 1449 4730 ¹⁴
1466 4697 1528 4748 haec
1547 4699 1627 4764 dispc-

347 4787 456 4837 tatione
474 4787 681 4852 edd.proeter8.
734 4779 757 4813 ²¹
774 4791 858 4847 atrurn
878 4798 903 4831 a.
956 4779 975 4813 ²¹
995 4777 1076 4844 narde
1095 4796 1121 4831 a.
1173 4781 1192 4814 ³¹
1212 4785 1249 4832 aie
1264 4777 1379 4846 satana.
