3464 5526
351 383 399 454 46
488 413 609 446 nvrrssr
631 413 658 446 ru
679 413 770 448 uvcmr
791 414 1068 456 wrnrnsrnnucuseu
1088 413 1191 450 osarro
1211 415 1254 448 ιιι.
1275 413 1425 450 rueram.
1442 407 1499 448 tati.

350 569 400 638 dit,
413 567 459 628 bis
475 565 693 627 considentibus
708 565 896 628 nobilissimis
914 567 1046 638 ducibus,
1057 569 1225 629 fortissimis
1242 567 1435 648 principibus,
1449 567 1559 647 utribus
1574 570 1630 647 ipse

350 667 538 744 ignominiam
555 687 590 728 ao
605 667 734 730 dedecus
747 668 866 738 iuverit,
883 669 939 730 hoc
957 677 1112 731 accusante
1128 669 1266 748 Equitum
1282 669 1396 740 ordine,
1412 671 1442 730 in
1457 689 1546 750 quem
1565 667 1630 730 nibil

352 788 412 830 non
427 767 518 832 licere
533 763 590 831 sibi
608 772 727 848 putavit.
761 769 816 832 Ubi
830 772 918 849 igitur
934 772 1106 832 innocentiae
1121 772 1325 850 propugnatio,
1346 770 1394 832 ubi
1412 772 1559 834 scelerum
1575 775 1630 832 rin·

352 873 437 942 dicta,
458 870 603 934 malornm
624 871 730 950 poenal
752 870 863 935 scilicet
879 875 976 934 omnia
993 855 1178 951 indignitatis,
1202 874 1297 934 omnia
1315 873 1438 952 pudoris
1453 873 1539 952 plena
1558 880 1629 934 sunt.

283 989 340 1038 tm.
351 974 425 1038 Rem
440 974 546 1035 iactam
565 973 601 1036 ab
617 975 672 1034 isto
690 975 904 1052 turpissimam,
926 973 1023 1036 seclus
1040 975 1197 1036 admissum
1216 982 1315 1044 atrox,
1332 974 1559 1042 abhominabile,
1577 989 1649 1035 noas

350 1095 400 1138 ros
417 1083 530 1136 tantum
546 1077 639 1146 scitis,
659 1077 741 1155 quod
756 1078 824 1138 satis
842 1084 920 1146 erat,
943 1076 995 1138 sed
1014 1094 1064 1136 ros
1079 1075 1136 1136 hoc
1150 1078 1225 1137 scire
1247 1095 1348 1138 omnes
1367 1079 1479 1138 circum
1494 1080 1631 1144 nationes,

352 1195 455 1242 omnes
481 1175 580 1258 populi
608 1185 726 1239 norunt.
771 1197 827 1258 qua
853 1179 884 1238 in
911 1197 944 1240 re
973 1180 997 1238 si
1025 1179 1176 1240 defueritis
1203 1177 1299 1248 robis,
1328 1177 1396 1256 quid
1420 1180 1631 1243 existimaturos

350 1299 453 1342 omnes
472 1281 604 1350 creditis,
627 1280 705 1360 qnod
725 1279 822 1342 scelus
842 1279 925 1340 vobis
941 1280 1127 1360 imputabunt
1143 1281 1297 1341 homiues?
1319 1287 1369 1342 aut
1386 1282 1410 1341 si
1426 1279 1497 1341 nibil
1514 1279 1630 1360 loquan-

350 1391 398 1444 tur
419 1381 568 1452 homines,
591 1384 617 1444 si
638 1390 740 1444 restrae
761 1389 874 1444 naturae
895 1382 1008 1444 adversi
1032 1384 1130 1452 eritis,
1159 1389 1192 1444 ut
1213 1383 1242 1442 in
1263 1382 1394 1445 facinore
1416 1383 1547 1444 omnium
1570 1401 1630 1462 qua

350 1503 479 1564 uuquam
508 1491 675 1564 perpetrata
698 1490 765 1546 sunt
786 1483 991 1547 scelestissimo
1016 1485 1209 1553 connireatis,
1238 1485 1315 1546 banc
1340 1504 1356 1546 a
1384 1484 1466 1546 robis
1488 1482 1658 1546 maculamur

349 1603 409 1651 non
429 1586 617 1664 abstergens,
639 1593 698 1648 tam
719 1588 828 1664 turpis,
850 1593 908 1658 tam
933 1587 1060 1664 indignae
1083 1587 1237 1650 Germanis
1257 1587 1391 1648 moribus
1417 1589 1564 1664 patientiae
1585 1607 1631 1646 ro·

295 1689 398 1750 ‚ants
417 1690 526 1750 conscii
547 1688 625 1763 sitis,
647 1691 690 1750 sic
713 1689 877 1766 iustasque
902 1688 1070 1767 negligatis?
1095 1690 1138 1750 dn
1162 1689 1206 1750 las
1230 1691 1256 1750 ei
1279 1688 1376 1750 lucem
1390 1691 1498 1750 intueri
1515 1691 1567 1769 qui
1584 1689 1632 1748 bo·

350 1792 458 1852 minem
482 1789 604 1852 occidit?
626 1789 683 1851 Fas
705 1809 769 1851 esse
791 1775 900 1869 potuit:
927 1791 979 1850 sed
1005 1793 1061 1852 iste
1086 1793 1212 1854 amicum
1238 1798 1267 1852 et
1289 1789 1478 1866 lamiliarcm,
1511 1809 1633 1870 eumque

350 1895 535 1959 innocentem
561 1898 591 1953 et
617 1893 653 1953 de
676 1911 712 1953 se
741 1893 850 1970 optime
869 1894 1005 1954 meritum
1034 1891 1175 1971 prodidit,
1204 1895 1350 1959 interemit
1376 1913 1412 1954 ac
1433 1869 1552 1954 mortuo
1574 1892 1634 1953 illu·

257 1993 259 1998 ’
349 1994 399 2056 sit:
421 1995 546 2074 proinde
567 2011 714 2056 summum
737 1993 806 2056 binc
830 1993 867 2054 ad
889 2013 941 2055 ros
969 1994 1098 2056 dedecus
1124 1996 1286 2073 pertinere,
1312 2014 1371 2056 nou
1396 2003 1494 2074 potest
1513 1995 1661 2056 dubiumn

246 2112 250 2122 ·
349 2114 422 2158 esse.
452 2097 489 2158 de
508 2096 639 2174 periculo
661 2115 729 2158 vero
751 2097 794 2156 sie
814 2095 920 2156 babet:
942 2098 1070 2176 primurn
1092 2096 1162 2158 nibil
1185 2115 1244 2158 non
1263 2098 1382 2160 audebit
1397 2096 1454 2158 sibi
1475 2100 1633 2162 restitutos.

348 2201 398 2278 qui
419 2205 477 2260 tam
497 2197 638 2262 uiolenter
658 2200 687 2260 in
710 2215 828 2277 semper
850 2196 971 2258 illesam
992 2199 1079 2261 lmius
1107 2199 1219 2261 ordinis
1238 2199 1402 2260 libertatem
1424 2199 1510 2260 irruit
1532 2198 1634 2266 semel;

350 2300 455 2363 deinde
475 2298 610 2378 publicos
632 2319 730 2363 mores
751 2307 922 2379 corrumpet
944 2299 1069 2379 exempli
1090 2301 1180 2380 ipsius
1199 2301 1384 2378 magnitudo:
1407 2319 1444 2362 an
1462 2303 1584 2379 segnius
1602 2301 1634 2362 ad

280 2403 531 2482 §.repausandum
555 2404 596 2464 sic
616 2402 769 2464 absolutus
790 2403 910 2464 accedet
927 2421 1027 2480 ·quam
1056 2419 1150 2482 nuper
1179 2403 1256 2464 baud
1283 2403 1353 2464 dum
1381 2404 1467 2464 reus?
1500 2403 1635 2465 Proiecto
1719 2419 1720 2482 3

250 2507 256 2518 '
348 2505 438 2566 multa
458 2523 510 2565 ros
534 2507 725 2566 circumstant
738 2505 886 2566 horrenda
902 2511 931 2566 et
948 2507 1074 2566 atrocia:
1095 2507 1149 2568 scit
1168 2507 1223 2567 iste
1242 2507 1370 2566 omnium
1392 2505 1459 2567 odio
1477 2508 1573 2568 teneri
1593 2515 1661 2574 se,²⁰
1719 2491 1720 2526 ³

348 2615 377 2668 et
398 2607 466 2670 odio
489 2625 553 2668 esse
576 2606 667 2674 volet;
690 2607 745 2668 scit
765 2625 825 2668 non
847 2607 974 2669 obscure
995 2625 1123 2686 quorum
1151 2608 1263 2668 iudiciis
1291 2625 1378 2688 quam
1404 2607 1563 2669 manifesto
1586 2607 1633 2668 ba·

347 2709 408 2771 bito
430 2726 567 2770 sermone
586 2708 740 2770 damnatus
763 2711 814 2779 sit;
837 2709 915 2770 volet
935 2707 1053 2780 ulcisci,
1082 2709 1159 2770 volet
1182 2709 1257 2770 istud
1281 2726 1333 2770 aua
1361 2711 1445 2770 ruina
1467 2710 1633 2771 incendium

347 2812 532 2890 erdngnere:
555 2811 671 2872 iuterim
695 2810 891 2872 detestabitur
912 2813 1084 2881 Germania,
1107 2829 1161 2871 nos
1181 2811 1357 2882 exercitum,
1380 2829 1451 2872 suos
1471 2812 1525 2872 iste
1547 2811 1633 2873 latro·

346 2931 399 2974 nes
418 2920 561 2992 exponet,
588 2913 728 2991 sanguine
750 2921 868 2992 agebar,
892 2917 962 2994 igne
990 2933 1024 2974 ac
1053 2913 1133 2974 lerro
1163 2912 1345 2992 confligatur.
1390 2919 1510 2991 praestat
1538 2916 1632 2975 omnia

347 3015 465 3078 misceri
486 3013 618 3075 cladibus
639 3031 727 3094 quem
748 3033 808 3076 uno
828 3015 932 3086 verbm
956 3034 1014 3078 una
1031 3012 1201 3076 sententiola
1225 3015 1312 3078 buius
1332 3015 1446 3076 concidi
1466 3007 1660 3078 vesannmta

280 3117 429 3196 §.eadgite
451 3134 520 3177 vero
545 3135 610 3196 quae
629 3124 697 3178 sunt
719 3125 867 3196 tempora,
890 3119 940 3196 qui
960 3135 1062 3180 rerum
1086 3118 1198 3179 statuat
1229 3125 1310 3178 certe
1335 3135 1394 3178 nou
1419 3125 1477 3180 tam
1500 3126 1632 3196 spectare

347 3235 397 3279 ros
416 3225 533 3298 oportet
554 3219 623 3299 quid
645 3237 762 3298 semper
781 3219 968 3283 statuendum
991 3221 1036 3290 sit,
1059 3237 1148 3298 quam
1162 3220 1232 3299 qrrid
1248 3237 1326 3282 nuuc
1346 3218 1437 3280 ethis
1453 3237 1558 3282 rerum
1572 3238 1631 3284 mo·

345 3319 439 3394 tibus:
462 3319 572 3382 bellum
595 3321 737 3383 incumbit
757 3340 841 3390 acre,
865 3321 1079 3400 periculosum,
1108 3303 1167 3384 bon
1187 3319 1382 3384 Mediolanum
1404 3323 1461 3384 iam
1483 3323 1631 3402 eripienti·
1718 3361 1719 3370 κ

344 3422 400 3486 bus
423 3421 527 3493 Gallis,
548 3422 600 3484 sed
620 3441 696 3502 pene
717 3426 791 3486 intra
815 3425 888 3486 lines
904 3425 1068 3486 Germaniae
1090 3441 1171 3486 arma
1193 3423 1373 3501 gerentibus.
1411 3424 1480 3503 quid
1503 3424 1631 3485 sibinen
1718 3439 1719 3453 ¹

344 3525 504 3588 condonari
526 3525 623 3588 volent
645 3525 760 3596 Geldri,
783 3528 807 3587 si
828 3529 926 3588 istum·
937 3527 1084 3605 integrum
1100 3526 1240 3588 viderint?
1261 3525 1420 3589 Galliuero
1436 3526 1507 3605 quid
1526 3511 1660 3586 nostrisa

344 3625 458 3706 legibus
478 3626 661 3698 dissolutius,
684 3627 797 3688 iudiciis
819 3627 985 3698 invalidius,
1015 3629 1072 3690 boc
1101 3631 1224 3708 imperio
1251 3629 1447 3708 contemptius
1474 3627 1630 3706 putabunt,

344 3730 368 3790 si
391 3735 502 3792 tantum
526 3731 661 3810 cuiquam
683 3729 772 3791 licere
794 3737 936 3812 quantum
957 3729 1090 3801 libuerit,
1113 3731 1137 3790 si
1160 3731 1305 3808 bopuuita
1320 3728 1486 3800 latrocinia,
1511 3747 1632 3792 securos

343 3829 488 3902 latrones,
509 3829 709 3894 conculcatam
734 3833 832 3909 legum
855 3851 890 3893 ac
913 3833 984 3894 iuris
1001 3835 1163 3902 rationem,
1185 3827 1316 3892 uosuam
1330 3831 1493 3895 libertatem
1511 3833 1541 3892 in
1557 3849 1630 3910 prae·

345 3934 438 4011 cipiti,
466 3941 599 3994 nestrum
628 3935 800 4014 sangninem
830 3933 923 3994 lururi
946 3953 981 3996 ac
1009 3937 1179 3997 bomanimti
1201 3934 1387 3996 audacissimi
1408 3933 1553 4013 cuiusque
1579 3932 1629 3994 ob·

277 4036 464 4096 sesamum
489 4034 630 4096 uiderint?
658 4033 754 4110 Tuum
782 4053 852 4096 vero
874 4053 997 4106 nomen,
1027 4037 1218 4099 Maximiliaue
1243 4037 1353 4122 Caesar,
1379 4042 1411 4096 nt
1435 4031 1658 4096 recubituras

343 4137 393 4215 qrri
412 4137 448 4198 de
469 4143 500 4204 te
519 4153 671 4198 sermones
693 4144 793 4207 eruut,
817 4137 894 4216 quod
916 4141 1024 4216 passim
1049 4139 1206 4202 iudicium?
1237 4129 1336 4204 dudm
1359 4137 1459 4202 dicere
1485 4136 1628 4203 loturum,

343 4245 376 4300 ut
403 4237 558 4318 loquantur
586 4240 708 4328 externi
727 4233 813 4316 reges
846 4237 1067 4322 ‘Imperatorem
1094 4242 1232 4319 imperio,
1267 4241 1422 4326 imperium
1438 4240 1639 4316 imperatore

344 4339 449 4419 egere'.
490 4339 568 4419 quod
589 4339 661 4402 nolit
681 4341 754 4402 dens
775 4343 903 4420 optimus
922 4344 1080 4412 maximus,
1103 4349 1135 4403 ut
1151 4349 1184 4404 tu
1203 4342 1279 4404 banc
1294 4341 1394 4406 sabbe
1412 4342 1520 4403 lamam
1539 4357 1628 4420 mam

343 4442 519 4529 sceleratum
541 4443 645 4520 punire
667 4441 816 4504 bominem
835 4443 926 4504 malis.
949 4444 985 4504 Et
998 4444 1127 4505 iamdum
1151 4446 1228 4505 eninr
1250 4446 1396 4523 integrum
1418 4442 1476 4506 boc
1495 4441 1547 4504 tibi
1568 4449 1628 4503 est:

277 4545 487 4610 §.retractares
509 4544 586 4622 quod
609 4544 715 4604 duxisti
743 4553 873 4625 tempus,
905 4565 964 4606 nou
986 4545 1138 4626 improbo;
1172 4547 1249 4624 quia¹
1267 4547 1343 4608 euim
1368 4543 1532 4606 communis
1564 4543 1658 4604 bacco

395 4731 507 4785 lebam.
521 4735 545 4784 2.
581 4733 763 4784 suadelam.
799 4729 1036 4784 ³⁸ilrrsumomues.
1073 4729 1581 4796 ⁴⁰.Haeaenuaaa1n1uamamam
1596 4733 1625 4778 11.
