3382 5516
288 477 294 484 .
338 413 410 484 22⁰
431 443 463 479 rr.
477 442 577 486 rasso.
590 443 688 478 ranru.
701 438 855 480 annnorum
868 443 977 488 conans
989 442 1114 480 raesens
1127 441 1230 480 osarro
1242 443 1279 479 an
1291 443 1437 480 osauasos
1450 439 1599 502 mamus

335 637 424 674 m,
499 593 507 680 Ι
529 603 606 676 qnasi
629 603 744 678 quodam
765 603 977 678 conspirantium
992 619 1081 665 more,
1105 615 1154 660 noc
1169 603 1275 678 quidem
1290 603 1379 660 animo
1395 603 1535 678 subigendi
1548 619 1601 678 pro·

337 687 450 750 vincias,
473 704 506 743 ex
527 687 624 761 patriis
646 687 734 750 silvis,
757 699 824 762 quas
847 687 943 744 odium
965 685 1026 745 loco
1049 687 1163 752 hahent,
1186 690 1317 750 excessit,
1339 691 1431 745 rerum
1454 698 1486 746 ut
1505 688 1601 746 latroci-

338 773 425 828 nando
448 771 580 846 praedam,
609 779 637 828 et
657 773 770 832 maxime
791 773 912 848 peeoris,
941 789 995 848 qno
1017 789 1120 832 summe
1147 772 1329 836 delectantur,
1355 772 1494 847 abigeret.
1520 771 1601 842 saltu,

236 857 238 860 ’
268 849 566 940 §.taffltssss‘n'ff‘w’
588 847 596 936 Ι
618 875 712 931 rupes,
735 857 812 932 pylas
839 865 866 912 et
888 856 1006 914 claustra
1028 857 1160 914 montium
1183 860 1331 932 occuparit.
1374 857 1440 924 lude
1459 858 1602 916 Othomanis

335 941 463 1004 ducibus,
494 958 610 1015 quorum
633 941 741 998 soboles
760 959 850 1017 usque
872 942 899 998 in
921 943 989 1000 hano
1010 942 1081 999 diem
1102 942 1173 1017 apud
1196 944 1316 1000 Thurcas
1337 942 1482 1018 imperium
1502 943 1618 1000 hamis

336 1025 405 1084 tario
428 1027 487 1084 inre
509 1026 628 1096 obtinet,
651 1026 836 1102 populabundi
857 1027 925 1084 clam
948 1027 1139 1101 inopinateque
1162 1027 1188 1082 in
1212 1028 1350 1102 proximos
1372 1044 1497 1102 quosque
1523 1043 1603 1112 eacan

336 1119 428 1180 rentes
449 1119 591 1186 coeperunt
612 1110 664 1168 sihi
686 1129 783 1170 nomen
805 1119 834 1168 et
855 1112 925 1168 vires
947 1112 1018 1186 apud
1039 1111 1169 1169 finitimos
1190 1113 1339 1170 vendicare.
1381 1113 1508 1174 Proinde,
1528 1119 1604 1168 ntest

318 1203 431 1270 'magna
452 1211 516 1270 pars
537 1196 676 1253 hominum
699 1195 778 1254 alieni
799 1205 930 1271 appetens
952 1215 983 1254 ac
1011 1213 1142 1254 uovorum
1169 1205 1293 1254 motuum
1316 1197 1410 1262 'arida,
1438 1198 1554 1272 undique
1576 1195 1603 1252 rd

336 1279 384 1337 eos
407 1282 523 1354 quisque
545 1281 775 1356 flagitiosissimus
797 1281 947 1345 conlluere,
971 1283 1004 1337 iis
1027 1299 1056 1338 se
1079 1283 1106 1338 in
1128 1289 1233 1356 partem
1255 1283 1354 1356 predae
1376 1283 1531 1355 adiungere.
1563 1283 1603 1336 ita·

337 1381 389 1440 que
411 1365 596 1423 crescentibus
613 1366 702 1423 indies
722 1365 827 1422 uiribus
847 1375 928 1440 atque
950 1366 1047 1422 animis
1069 1365 1146 1422 obliti
1167 1366 1375 1424 domesticarum
1390 1367 1525 1430 silvanum,
1546 1375 1627 1439 quast·

337 1459 470 1525 perpetua
492 1450 595 1524 frigora
617 1457 645 1508 et
666 1451 740 1508 nives
762 1451 905 1514 infestant,
927 1452 960 1509 ad
983 1452 1040 1508 haec
1061 1450 1137 1508 molli
1158 1451 1241 1514 carlo,
1264 1452 1386 1526 leugam,
1409 1451 1464 1507 riui
1478 1451 1603 1524 carnisque

336 1535 477 1592 dulcedine
505 1553 536 1591 ac
563 1553 653 1593 rerum
671 1528 801 1592 'omnium
827 1535 906 1610 copia
934 1536 967 1592 ad
996 1535 1137 1594 illecebras
1163 1545 1191 1592 et
1213 1535 1391 1594 blandimenta
1413 1535 1537 1610 corporis
1556 1533 1604 1590 alli·
1672 1579 1674 1598 ,

332 1614 490 1694 fflffiff'
519 1612 527 1701 Ι
548 1620 650 1682 ciente,
679 1620 777 1696 quibus
797 1622 970 1696 potissimum
993 1622 1054 1677 lisia
1077 1620 1208 1684 abundat,
1237 1629 1264 1677 et
1286 1637 1401 1695 quorum
1424 1620 1532 1677 meari
1551 1627 1603 1675 sunt

337 1699 485 1776 Ιξῗξκῇξξξξ·
506 1697 514 1786 Ι
536 1705 696 1768 avidissimi,
725 1723 806 1778 quum
834 1722 922 1779 neque
949 1704 1020 1762 ullos
1048 1706 1114 1762 deos
1141 1722 1231 1779 neque
1258 1705 1408 1762 animorum
1431 1703 1603 1762 immortalita-

335 1783 566 1871 ζξξὶᾒᾟᾎῇξ·
587 1781 596 1865 Ι
618 1799 673 1846 tem
693 1791 812 1853 credant,
834 1790 1010 1847 decreverunt
1031 1790 1255 1848 obsecundantem
1278 1791 1413 1848 lortonam
1436 1791 1514 1865 sequi
1534 1807 1562 1846 ac
1578 1799 1627 1844 sets

338 1874 463 1931 omnihus
484 1873 612 1949 periculis
634 1892 786 1950 opponere,
808 1875 895 1933 donec
915 1883 961 1932 aut
977 1891 1071 1932 omnes
1092 1875 1203 1932 fortiter
1224 1875 1369 1950 pugnando
1391 1875 1514 1950 gloriose
1535 1875 1603 1930 inter·

269 1967 329 2019 §.tn
339 1959 410 2015 irent
437 1968 483 2016 aut
511 1959 610 2032 insigni
637 1960 751 2016 victoria
773 1960 940 2035 potirentur»
979 1960 1098 2016 Primum
1120 1960 1204 2033 igitur
1224 1969 1306 2034 atque
1326 1958 1442 2017 alterum
1458 1959 1557 2034 experti
1569 1975 1603 2012 se·

337 2045 454 2100 cundum
476 2044 603 2118 proelium
625 2045 652 2100 in
675 2061 732 2100 eam
756 2061 830 2119 spem
849 2043 918 2104 ¹elati
940 2053 1018 2107 sunt,
1047 2053 1079 2102 ut
1105 2045 1228 2102 dicerent
1253 2045 1387 2114 neminem
1409 2045 1463 2101 sihi
1485 2043 1603 2100 obsistere

337 2129 432 2204 posse,
461 2145 515 2201 quo
543 2129 633 2186 minus
661 2137 744 2186 totam
767 2129 856 2186 Asiam
884 2129 1070 2203 subiugarent
1115 2147 1164 2186 neo
1189 2147 1239 2187 sna
1265 2131 1371 2205 decepti
1393 2129 1523 2210 opiniope
1543 2125 1602 2182 hreni

337 2215 428 2288 spacio
451 2215 580 2289 temporis
603 2214 663 2270 aliis
685 2214 792 2272 lenociae
814 2213 991 2271 barbarorum
1013 2224 1086 2271 metu
1108 2215 1279 2279 cedentibus,
1301 2213 1362 2272 aliis
1384 2216 1432 2289 qui
1454 2231 1485 2270 se
1506 2230 1553 2288 pro
1567 2221 1627 2286 pert

288 2323 289 2328 ¹
338 2299 404 2362 tria,
434 2299 531 2372 opibus
554 2317 585 2356 ac
606 2298 732 2358 libertate
755 2307 955 2373 opposuerant,
983 2299 1132 2356 crudeliter
1159 2300 1300 2358 trucidatis
1322 2298 1452 2362 Colchos,
1481 2297 1604 2372 Cappado·
1639 2335 1642 2346 .

336 2377 549 2465 fffssffifflf‘l
569 2375 577 2462 Ι
598 2385 681 2446 ciam,
713 2382 938 2458 Paphlagoniam,
972 2383 1116 2447 Galatiam,
1149 2384 1252 2447 haiam,
1285 2385 1443 2458 Phrygiam.
1472 2383 1603 2441 moran.
1673 2443 1674 2464 p

336 2469 460 2543 Lydiam,
483 2469 599 2535 ioniam,
622 2469 738 2534 Cariam,
767 2469 888 2543 Lyciam.
916 2469 1106 2544 Pamphiliam,
1135 2468 1268 2531 Ciliciam,
1297 2469 1450 2526 Armeniam
1473 2486 1505 2524 ao
1525 2481 1604 2522 omnes

338 2571 399 2612 oras
428 2554 571 2628 omniaque
599 2554 694 2612 littore
722 2554 826 2610 sinistri
854 2553 947 2610 lateris
975 2553 1009 2612 ab
1037 2554 1110 2610 ostio
1133 2554 1229 2610 Tanais
1257 2571 1288 2610 ac
1309 2553 1453 2612 Cimmerio
1477 2552 1603 2626 bosphoro

337 2655 423 2713 nsque
437 2638 471 2695 ad
485 2639 615 2696 Amanum
631 2645 750 2696 montem
772 2645 800 2694 et
815 2637 952 2695 Eufratem
968 2639 1076 2698 llurium
1091 2638 1190 2712 partim
1205 2639 1230 2694 vi
1246 2639 1344 2713 partim
1358 2637 1424 2695 dolo
1439 2637 1628 2710 subegerunta

270 2727 329 2777 §.tt
340 2723 384 2780 Sic
405 2723 487 2779 rebus
509 2723 542 2780 ad
564 2724 696 2780 orientem
719 2723 926 2780 succedentibus
948 2741 1003 2780 non
1024 2723 1178 2800 cogitantes
1200 2723 1307 2780 sordida
1331 2723 1373 2779 sui
1394 2721 1550 2780 incrementi
1564 2719 1604 2776 ini·

339 2809 390 2870 tia,
418 2824 506 2881 nequo
527 2809 649 2866 contenti
673 2815 746 2864 tanta
768 2815 902 2864 terrarum
925 2807 1088 2882 urbiumque
1109 2808 1276 2872 accessione,
1304 2808 1352 2864 sed
1374 2825 1451 2864 more
1473 2804 1604 2880 inexplebi-

336 2886 523 2973 ffiffiffi
544 2887 552 2974 Ι
574 2891 608 2949 lis
629 2892 738 2950 humani
761 2893 862 2966 ingenii
884 2893 985 2950 maiora
1008 2893 1093 2950 indies
1114 2901 1273 2966 appetentes
1294 2893 1322 2948 in
1338 2891 1473 2967 Europam
1494 2887 1604 2967 perllrl·
1672 2923 1673 2962 Ι

338 2977 493 3050 lespontum
515 2985 631 3051 angusto
654 2978 833 3035 intersecante
856 2979 927 3035 lreto
949 2976 1027 3038 lacile
1050 2977 1204 3040 traiiciunt,
1232 2977 1358 3036 acrelnt
1379 2977 1492 3034 lulmine
1512 2993 1527 3032 e
1546 2973 1603 3032 oreb
1672 2967 1673 3008 Ι

337 3055 413 3134 Ιξξξξξ
423 3054 629 3135 Illam&
651 3054 659 3141 Ι
680 3062 798 3119 demisso
820 3063 920 3137 passim
941 3061 1086 3120 volitantes
1108 3079 1215 3120 omnem
1236 3079 1311 3120 oram
1335 3062 1456 3120 l'hraciae
1478 3059 1627 3120 tamtus·

339 3147 413 3208 lerro
434 3145 689 3221 direptionibusque
712 3137 875 3210 subiiciunt:
904 3164 1018 3222 quorum
1050 3147 1141 3212 snbito
1171 3154 1253 3220 atque
1280 3147 1423 3222 inopinato
1444 3148 1556 3204 adventu
1574 3145 1603 3198 ita

338 3231 504 3288 constemrti
527 3239 590 3288 sunt
613 3225 721 3294 incolae,
751 3238 782 3287 ut
811 3231 871 3288 aliis
902 3231 1020 3290 latebras
1049 3233 1075 3288 in
1098 3231 1172 3289 silvis
1195 3231 1395 3306 querentibus,
1423 3230 1484 3289 aliis
1506 3232 1532 3286 in
1552 3231 1603 3300 ingr

270 3321 328 3372 t.1s.
339 3316 470 3375 montium
491 3316 689 3390 refugientibus
711 3318 825 3374 maxima
845 3334 908 3391 pars
937 3335 967 3373 se
994 3317 1021 3374 in
1050 3299 1162 3374 urbibus
1190 3303 1352 3375 occluderet.
1395 3317 1489 3392 ltaque
1509 3313 1604 3372 barban

339 3401 438 3458 omissa
460 3402 550 3475 praeda
572 3382 605 3458 ad
627 3402 858 3477 oprnatiouem
879 3402 987 3466 urbium
1010 3419 1040 3458 se
1067 3403 1225 3476 acciugnnt;
1254 3401 1353 3476 quihus
1375 3403 1476 3476 partim
1496 3401 1524 3455 in
1543 3398 1603 3456 deli·
1671 3453 1672 3484 ,

225 3535 231 3546 .
336 3479 504 3558 mmm
525 3478 533 3547 Ι
555 3487 655 3542 tionem
678 3487 809 3561 receptis.
831 3488 931 3561 partim
953 3486 978 3542 vi
1000 3488 1174 3561 expugnatis,
1196 3495 1274 3561 napta
1295 3485 1404 3544 demum
1425 3483 1628 3542 Constantino-³⁵
1671 3509 1672 3555 q

338 3571 404 3646 poli,
428 3568 512 3627 altera
528 3571 622 3634 lloma,
642 3573 776 3629 universae
791 3571 913 3628 l'hreciee
929 3572 1021 3646 iugum
1037 3571 1234 3646 imposuerunt.
1271 3571 1369 3644 Deinde
1386 3572 1506 3630 Thracias
1527 3570 1602 3658 tortu

336 3635 500 3728 ffffihfflfm‘
513 3646 520 3716 Ι
535 3673 595 3712 uam
612 3663 764 3730 sequuntur
773 3656 895 3719 Pmones,
911 3655 1032 3718 l'riballi,
1047 3647 1214 3720 Macedones,
1231 3656 1360 3722 Thessali,
1375 3655 1512 3730 llagnesii,
1527 3651 1602 3710 hchau

336 3741 448 3802 Boeotii,
470 3740 595 3814 Opuntii,
618 3740 703 3800 Graeci
712 3783 723 3804 ‚·
744 3740 845 3806 hetoli,
868 3741 946 3798 Locri
968 3759 999 3798 ac
1021 3749 1079 3798 tota
1099 3735 1319 3815 Peloponnesus,
1342 3751 1454 3816 excepta
1474 3741 1549 3796 unica
1562 3736 1603 3790 l't·

287 3836 290 3844 ⁴
336 3817 552 3906 ffl'sslffll}
575 3818 582 3886 Ι
605 3835 729 3882 netornm
759 3826 867 3882 civitate
894 3825 1015 3900 Neapoli.
1059 3826 1156 3882 Eadem
1182 3826 1302 3900 procella
1330 3825 1469 3883 distrinxit
1495 3823 1601 3900 Epirum

336 3903 516 3991 {ffffi'ffl'
538 3901 545 3971 Ι
566 3909 716 3984 illyridem,
739 3909 907 3973 Dalmatiam,
930 3911 1096 3972 liburniam,
1119 3911 1291 3974 llardaniam,
1318 3919 1448 3986 utrasque
1467 3909 1559 3984 llysias
1575 3905 1627 3960 atltt
1670 3937 1671 3956 r

271 3993 479 4050 §.tt-Tauricam
501 3993 708 4052 Chersonesum.
753 3995 823 4052 ldem
847 3995 950 4052 Thurca
978 3994 1166 4070 superioribus
1186 3995 1300 4056 ‚duobus
1327 3997 1408 4052 annis
1435 4012 1482 4070 per
1503 3993 1602 4068 Syriam.

339 4079 522 4146 Antiochiam.
545 4079 780 4154 Mesopotamiam,
802 4079 983 4144 babiloniam,
1004 4081 1133 4142 ludaeam,
1155 4079 1333 4142 Palestinam,
1364 4079 1507 4155 aegiptum
1529 4091 1602 4150 usque

337 4163 369 4218 ad
390 4164 591 4220 cinnamileram
614 4165 737 4222 Arabiam
766 4174 794 4222 et
814 4166 951 4222 Persidem
981 4165 1110 4222 victorem
1139 4163 1285 4222 exercitum
1312 4164 1486 4223 circumtulit.
1527 4161 1602 4231 Qun·

338 4327 538 4340 ——n

405 4427 426 4464 ¹²
443 4432 467 4491 §-
483 4427 532 4496 ld.]
552 4429 620 4481 Sunt
636 4431 695 4481 lere
713 4435 836 4497 temporo
854 4430 968 4482 ormam
986 4431 1079 4497 mogni
1097 4429 1256 4497 Orksuiqne
1274 4432 1333 4484 lilii.
1367 4429 1391 4466 ¹⁰
1405 4429 1568 4500 ‚momulus
1579 4428 1598 4475 l·

336 4510 360 4544 ²
383 4513 508 4564 Gallsoiri
526 4518 550 4565 1.
601 4515 711 4577 biennii
728 4519 753 4565 1.
803 4514 825 4548 ¹⁴
848 4516 967 4568 cimerio
985 4519 1009 4566 1.
1061 4514 1083 4548 ⁸³
1107 4514 1287 4583 lubaegornnt.
1300 4519 1326 4568 1.
1355 4513 1597 4569 succedentibus!-

337 4597 360 4634 ¹'
383 4596 556 4662 secessione,
577 4605 601 4652 1.
657 4600 709 4634 ²⁰³⁰
730 4600 854 4678 Hellesp.
873 4598 1013 4666 unicium]
1037 4616 1064 4650 s.
1084 4599 1157 4652 leto.
1209 4599 1232 4632 θ’
1255 4606 1340 4667 capte
1362 4596 1463 4664 Oonst]
1487 4615 1511 4648 s.
1535 4591 1596 4646 test

336 4681 359 4716 ’7
377 4686 493 4748 Poenos,
507 4683 544 4735 1,
566 4685 706 4737 Thessalli
718 4690 742 4737 1.
777 4683 800 4718 ³⁸
817 4685 922 4750 Boetij,
942 4689 966 4736 1.
1007 4683 1117 4736 Aetholi
1135 4689 1157 4736 1.
1198 4683 1221 4716 ⁸⁸
1239 4685 1335 4750 Napoll
1349 4687 1378 4736 dt
1394 4685 1522 4740 mia,
1540 4680 1596 4730 Νϋ
1668 4729 1669 4734 ,

335 4772 398 4836 prta.
433 4767 456 4802 ⁴⁰
472 4769 571 4830 mestas
589 4774 612 4821 1.
632 4771 650 4820 n
664 4786 689 4820 ο.
702 4771 823 4821 uersas.
863 4769 886 4804 ⁴²
902 4769 1076 4833 onerosus,
1095 4773 1119 4820 r.
1158 4767 1180 4802 ⁴·
1198 4763 1428 4832 cremasteras
1668 4755 1669 4770 ²
