3444 5518
245 455 300 492 lm
312 455 360 492 ml
373 455 466 494 BAEPB'I'
477 455 631 498 ALBWRGEH
644 457 739 494 witin
752 459 800 496 Di!
812 457 979 496 rnurscnlu
992 457 1101 498 ΚΑῚΒΙΒ
1115 461 1239 500 (ΗΝΕΒΤ.
1311 433 1385 505 373

94 612 222 674 sircam
241 610 423 690 rcitrruritidq
447 613 530 674 sitm
549 615 662 697 penest)
679 617 736 694 teti
750 617 849 698 impin
863 613 970 697 niqra
1007 613 1126 697 dunin
1141 634 1170 678 rr
1184 637 1234 680 ren
1255 621 1312 698 qut
1334 625 1385 682 rut

89 713 188 788 mur
208 717 352 796 heraclea
366 713 497 805 anthimi,
516 720 547 784 bs
559 714 608 798 [ru
624 714 706 793 iiiiii)
721 715 841 784 uicerit
857 717 931 778 sinn
946 717 1055 797 tutique
1069 713 1190 801 §tritta
1204 721 1305 803 [tenco
1328 723 1387 804 trit,

92 818 198 894 prurit
221 806 269 896 jn
285 818 369 894 trice
381 819 444 880 utrr
457 819 499 878 tic
514 816 587 897 bisti
601 818 650 880 nit
665 818 751 882 circu
765 822 822 899 rsit
833 817 997 900 litteriider
1009 821 1085 901 [pren
1119 820 1215 872 decret
1227 821 1337 904 wider,

44 989 46 992 ¹
90 925 196 993 tract,
216 925 265 980 bus
285 921 326 998 [qr
342 918 403 997 unq
416 918 525 994 iamed)
541 919 570 981 iu
585 921 612 981 ir
625 921 746 1004 permisi)
759 919 841 997 rrdqt,
867 921 964 982 terim
978 940 1008 982 ss
1021 921 1082 1000 und)
1119 889 1385 954 kayaarrndench.

1294 1045 1376 1054 -2—-1

162 1105 171 1140 ¹
190 1106 337 1172 tricennii)
383 1104 412 1138 ¹·²
428 1111 470 1171 tar
488 1103 579 1172 neten
591 1105 684 1173 talen.
700 1107 704 1172 Ι
719 1107 789 1174 §iter
802 1108 827 1162 t.
839 1106 958 1172 sciente
970 1108 1002 1174 iit
1014 1105 1047 1160 ci
1058 1109 1092 1162 tii
1105 1105 1141 1166 ori
1151 1105 1233 1174 cruit
1251 1109 1311 1175 (om.
1324 1113 1385 1162 ret·-

91 1195 156 1260 quia,
173 1192 291 1256 adposito
304 1194 380 1242 lencm.
394 1189 534 1255 ,fritericus
546 1189 715 1260 [situnensi
750 1191 846 1258 athidis
881 1195 971 1260 [ridor
1005 1191 1062 1236 ΜΨ·
1074 1195 1185 1260 cenrico,
1198 1189 1384 1260 obrrbirbdpit

91 1275 171 1341 tuter
183 1274 216 1341 jn
226 1275 286 1341 jrrrr
298 1274 397 1364 urbem
411 1274 513 1339 trebiri
525 1283 572 1329 unt
585 1277 720 1344 uereque
732 1278 860 1343 cribrum
873 1276 984 1342 (omneis
994 1279 1111 1346 reliquis)

90 1463 243 1532 Gregorles
262 1463 476 1530 1x.†21.tug.
491 1463 573 1524 1241„
592 1479 671 1530 quem
690 1471 801 1518 secutus
816 1471 862 1520 ¹est
880 1465 1044 1520 Coeleetinus
1056 1467 1118 1518 1111.
1138 1467 1185 1534 qui
1202 1472 1296 1518 tamen
1313 1459 1386 1518 non-'
1490 1533 1493 1538 ἱ

88 1550 156 1600 dnm
176 1553 293 1614 accepte
311 1549 385 1600 tiara
402 1551 524 1601 mortuus
541 1555 584 1601 est
600 1555 664 1617 pest
679 1565 784 1620 paucas
800 1551 999 1616 hebdomadem
1017 1558 1115 1620 postea
1131 1554 1212 1606 eadee
1229 1553 1383 1621 apostolica

89 1636 217 1698 vacarit,
237 1635 324 1686 donec
341 1649 377 1686 m.
395 1635 476 1686 lunio
493 1651 519 1686 a.
534 1633 609 1688 less.
627 1635 785 1688 Sinibaldue
802 1637 913 1690 Fliecue
936 1643 1077 1694 crearetm
1098 1639 1145 1706 qui
1167 1641 1197 1690 in
1219 1637 1382 1706 pontificatu

88 1721 250 1774 innocentii
267 1719 330 1771 1111.
348 1735 447 1772 nomen
465 1722 560 1786 gessit.
629 1718 774 1791 ’miqidtl
793 1722 947 1790 „Princeps
963 1728 1091 1776 strenuus
1114 1729 1188 1788 erat,
1209 1722 1381 1791 magnificus,

3 1807 5 1812 ’
88 1805 233 1868 liberalis,
251 1791 399 1858 multarum
414 1802 570 1871 linguarum
587 1805 692 1871 peritus
711 1821 745 1857 ac
762 1806 842 1858 simul
860 1808 995 1860 eruditus:
1014 1810 1157 1872 Latinam,
1178 1809 1312 1873 Graecam,
1332 1808 1381 1859 Sa·

89 1891 262 1952 racenicam,
281 1887 418 1942 Gallicam
437 1895 465 1940 et
483 1889 676 1941 Germanicam
692 1889 815 1957 linguam
833 1893 935 1956 optime
955 1890 1073 1946 callens:
1092 1894 1221 1962 quicquid
1240 1896 1313 1946 enim
1331 1894 1382 1946 otii

89 1979 193 2028 nactus
210 1975 316 2038 tuerat,
335 1973 363 2024 id
380 1971 496 2026 lectioni
511 1973 642 2026 librorum
660 1975 856 2027 suffurabatur.
886 1979 985 2029 Libros
1002 1980 1102 2030 multoe
1116 1995 1149 2029 ex
1161 1979 1258 2031 Graeco
1277 1983 1305 2031 et
1317 1979 1382 2030 Ara-

89 2064 156 2114 bico
174 2061 292 2112 Latinos
308 2059 370 2111 fieri
388 2062 509 2122 curarit,
533 2061 608 2112 inter
630 2075 696 2125 quos
721 2065 750 2110 et
766 2061 925 2114 Aristotelis
948 2063 1088 2115 volumine
1111 2063 1223 2114 luerunt
1245 2067 1274 2114 et
1296 2064 1383 2115 multa

89 2144 287 2218 medicorum
308 2147 372 2212 Ipse
395 2145 519 2196 diversos
540 2144 626 2198 libros
650 2146 817 2211 composuit,
841 2151 936 2212 utpote
959 2149 993 2200 de
1016 2153 1117 2199 natura
1140 2151 1169 2199 et
1190 2165 1257 2200 oure
1280 2150 1380 2202 avium.

89 2231 211 2298 Neapoli
230 2229 402 2281 academiam
420 2228 540 2284 institnit
556 2229 648 2282 multis
661 2230 814 2296 privilegiis
827 2232 949 2282 dotatam
961 2237 1001 2284 ..”
1019 2234 1104 2284 Struc.
1118 2233 1199 2299 Corp.
1211 2233 1276 2285 hist.
1290 2233 1382 2285 Germ.

90 2317 125 2368 de
138 2316 216 2368 Frid.
230 2315 267 2366 11.
280 2315 303 2377 i.
317 2331 349 2366 rr.
411 2311 440 2345 Μ
459 2315 532 2380 [preto
547 2311 633 2380 bereri]
652 2316 711 2366 Non
729 2317 839 2384 proprie
858 2318 899 2366 sic
918 2317 1022 2368 dictam
1040 2317 1164 2384 paleam,
1189 2317 1318 2369 Gratiani
1336 2317 1382 2369 de·

86 2399 171 2454 ¹creto
190 2401 316 2451 adsutum
333 2399 436 2463 locum,
460 2399 533 2463 vult,
553 2399 602 2450 sed
620 2400 774 2450 innocentii
792 2401 858 2451 1111.
874 2418 935 2467 cap.
947 2401 972 2451 2.
986 2403 1014 2454 in
1033 2401 1115 2452 Sexto
1133 2403 1176 2452 De
1195 2404 1335 2454 sententia
1354 2407 1383 2453 et

89 2503 122 2539 re
140 2485 268 2538 iudicata
285 2484 321 2535 11.
335 2469 376 2536 ld.
391 2501 416 2536 a.
431 2483 503 2536 1245.
518 2487 655 2549 emiserim,
675 2499 727 2550 quo
745 2489 807 2550 post
826 2489 1002 2536 memoratam
1021 2486 1195 2552 imperatoris
1214 2503 1230 2538 a
1249 2487 1382 2554 Gregorio

90 2574 140 2624 rx.
162 2572 267 2622 tactam
285 2569 597 2622 anathematizationem
615 2569 849 2637 modionumque
868 2571 902 2621 de
920 2586 950 2622 ee
968 2571 1048 2636 pacis
1066 2587 1185 2622 amorem
1204 2589 1238 2623 ac
1255 2587 1382 2624 mansue·

90 2658 216 2708 tudinem
234 2655 433 2720 lenitatemque
452 2655 511 2706 iere
529 2655 719 2716 incredibilem
737 2657 915 2708 Innocentius
933 2661 983 2721 „ut
1001 2657 1036 2708 ad
1053 2661 1194 2724 praesens”
1212 2658 1253 2708 ait
1270 2658 1324 2721 „de
1339 2675 1382 2708 ce·

90 2743 161 2794 teris
181 2743 240 2792 eius
259 2738 405 2806 [Friderici
422 2737 472 2806 IL]
490 2739 641 2791 sceleribus
659 2744 810 2804 taceamus,
830 2747 946 2808 quatuor
964 2743 1136 2808 gravissima,
1155 2759 1215 2810 quse
1233 2743 1310 2794 nulla
1321 2757 1383 2810 pos·

89 2833 157 2879 sunt
175 2826 405 2892 tergiversatione
424 2824 519 2886 celari,
539 2826 688 2876 commisit:
708 2825 843 2877 deieravit
861 2828 933 2878 enirn
952 2826 1119 2893 multotiens,
1137 2844 1236 2895 pacem
1248 2829 1384 2894 quondam

89 2915 167 2964 inter
185 2908 333 2961 ecclesiam
352 2915 380 2960 et
391 2909 535 2976 imperium
547 2909 725 2960 reformatam
737 2914 841 2962 temere
853 2911 995 2975 violando;
1014 2915 1184 2979 perpetravit
1195 2913 1383 2980 sacrilegium,

91 2998 158 3064 capi
178 2996 287 3047 iaciens
305 2993 468 3046 cardinales
486 3000 592 3046 sanctae
610 2996 740 3050 Romame
759 2994 888 3048 ecclesiae
907 3015 949 3060 ...ς
968 2997 1000 3048 de
1018 2998 1119 3050 haeresi
1138 3014 1244 3064 quoque
1263 3013 1317 3050 non
1336 2999 1383 3048 du·

90 3085 147 3136 hiis
167 3087 195 3134 et
211 3079 332 3140 levibus,
351 3079 401 3130 sed
418 3079 579 3132 difficilibus
597 3085 626 3131 et
643 3081 817 3132 evidentibus
830 3083 1000 3150 argumentis
1011 3087 1155 3149 suspectus
1167 3084 1297 3148 hebetum
1315 3100 1385 3150 prra-

90 3173 136 3219 ter
153 3167 215 3218 haec
233 3179 346 3232 regnum
359 3163 473 3228 Sicilire,
493 3166 563 3231 quod
581 3171 623 3216 est
640 3167 764 3234 speciale
782 3167 974 3233 patrimonium
992 3167 1068 3220 beati
1080 3169 1166 3234 Petri,
1186 3175 1213 3220 et
1226 3170 1298 3220 idem
1310 3171 1384 3235 prin-

92 3269 161 3320 ceps
181 3251 216 3302 ab
236 3249 392 3316 apostolica
410 3251 475 3302 sede
494 3251 609 3301 tenebat
626 3253 655 3302 in
673 3250 797 3314 tendum,
822 3253 877 3304 iam
901 3252 1061 3302 adtentum
1079 3253 1108 3302 in
1127 3253 1238 3306 clericis
1257 3259 1285 3304 ot
1302 3252 1385 3306 laicis

92 3337 313 3388 exinanitionem
332 3335 546 3400 servitutemque
564 3335 687 3402 redegit,
711 3337 781 3402 qnod
799 3336 840 3388 eis
857 3352 937 3403 paene
956 3337 1066 3402 penitus
1084 3336 1155 3388 nihil
1172 3338 1340 3390 habentibus
1358 3342 1386 3389 et

92 3423 221 3473 omnibus
240 3419 337 3472 exinde
355 3419 415 3471 tere
433 3419 527 3486 probis
547 3421 656 3484 eiectis,
683 3419 745 3473 illos
769 3423 815 3488 qni
837 3426 1028 3472 remanserunt
1044 3417 1161 3483 ibidem,
1185 3422 1281 3473 servili
1305 3425 1387 3488 quasi

93 3507 255 3559 conditione
279 3506 372 3556 vivere
397 3519 431 3556 ac
449 3505 600 3557 Romanam
624 3504 787 3568 ecclesiam,
812 3508 889 3556 cuiue
912 3510 976 3556 sunt
997 3505 1123 3558 homines
1145 3506 1339 3572 principaliter
1357 3501 1386 3558 e't

92 3591 209 3654 vasalli,
234 3591 374 3641 offendere
396 3588 588 3657 multipliciter
610 3596 639 3641 ct
660 3589 799 3641 hostiliter
817 3592 978 3657 impugnare
997 3589 1148 3656 compellit.
1183 3591 1282 3642 Posset
1300 3592 1385 3643 etiarn

91 3679 195 3728 meritc
213 3675 391 3742 reprehendi,
416 3676 486 3742 quod
503 3673 579 3726 mille
598 3674 707 3741 quidem
725 3675 858 3726 sartorum
878 3691 997 3726 annnam
1015 3675 1190 3741 pensionem,
1212 3678 1242 3727 in
1265 3691 1319 3742 qna
1336 3692 1385 3742 pro

94 3763 192 3814 eodem
211 3775 296 3827 regno
312 3761 367 3826 ipsi
387 3759 514 3811 ecclesia
531 3761 609 3809 Rom.
627 3763 751 3823 tenetur,
769 3777 820 3826 per
837 3759 876 3811 IX
895 3775 981 3811 annos
1004 3759 1122 3826 amplius
1139 3760 1247 3814 solvere
1271 3765 1384 3827 praetcr-

93 3849 180 3899 misit.
215 3846 384 3912 Hostiaque
457 3849 634 3898 memoratum
651 3845 818 3911 principem,
843 3845 890 3912 qni
911 3861 941 3897 se
964 3845 1079 3914 irnperio
1099 3833 1132 3898 ‘et
1149 3847 1242 3912 regnis
1259 3846 1385 3912 omnique

91 3935 198 3985 honore
218 3935 247 3982 et
264 3931 401 3996 dignitate
419 3929 539 3982 reddidit
555 3935 613 3980 tam
631 3929 785 3996 indignum,
805 3933 905 3997 quique
918 3935 1030 3997 propter
1041 3945 1106 3982 suas
1118 3931 1282 3998 iniquitates
1295 3947 1312 3984 a
1324 3933 1385 3994 deo,

92 4036 129 4070 ne
149 4020 247 4084 regnet
264 4016 310 4067 vel
327 4015 452 4082 imperet,
472 4019 516 4066 est
534 4015 671 4078 abiectus,
695 4016 753 4066 suis
775 4018 901 4082 peccatis
919 4015 1036 4082 ligatum
1055 4021 1083 4068 et
1101 4017 1240 4068 abiectum
1258 4018 1385 4082 omnique

92 4105 199 4154 honore
219 4117 252 4152 ac
270 4101 407 4168 dignitate
425 4101 563 4167 privatum
582 4115 598 4149 a
616 4099 726 4152 domino
749 4101 918 4153 ostendimus
941 4101 1140 4152 denunciamus
1164 4109 1193 4152 et
1209 4101 1387 4153 nihilominus

92 4186 291 4240 sententiando
309 4187 455 4252 privamus,
474 4201 568 4237 omnes
586 4185 632 4252 qui
650 4187 677 4236 ei
695 4187 847 4240 iuramento
865 4185 1009 4238 fidelitatis
1027 4189 1156 4238 tenentur
1173 4187 1299 4239 adstricti
1318 4203 1335 4238 a
1347 4189 1387 4240 iu-

93 4277 222 4324 ramento
235 4271 390 4324 huiusmodi
402 4275 536 4338 perpetuo
549 4270 733 4334 absolventes,
755 4271 920 4324 auctoritate
934 4271 1089 4338 apostolica
1101 4271 1216 4324 tirmiter
1227 4272 1386 4338 inhibendo,

93 4375 129 4410 ne
149 4358 295 4424 quisquam
313 4356 346 4408 de
365 4361 458 4408 cetero
475 4356 530 4408 sibi
548 4361 680 4422 tanquam
697 4357 857 4421 imperatori
873 4355 929 4408 vei.
937 4357 997 4424 regi
1015 4361 1113 4424 pareat
1130 4363 1158 4408 et
1177 4358 1315 4421 intendat,
1339 4360 1385 4410 de·

96 4441 238 4494 cernendo
257 4439 396 4506 quoslibet
414 4443 460 4507 qni
478 4442 505 4492 ei
523 4441 655 4508 deinceps
672 4441 748 4492 velut
765 4441 926 4508 imperatori
942 4441 988 4493 vel
1005 4443 1066 4510 regi
1084 4443 1229 4495 consilinm
1248 4443 1293 4494 vel
1311 4444 1387 4494 auxi·
1468 4448 1470 4454 '

93 4529 162 4579 lium
179 4527 365 4593 praestiterint
380 4540 430 4577 seu
447 4514 580 4588 favorem',
599 4527 661 4594 ipso
679 4527 755 4578 facto
769 4527 1061 4580 excommunicationis
1072 4529 1219 4580 sententiae
1232 4529 1387 4581 subiacere.

95 4613 137 4664 illi
156 4617 251 4664 autem
270 4611 305 4661 ad
325 4625 392 4676 qnos
410 4611 437 4661 in
457 4613 552 4662 eodem
571 4612 687 4676 imperio
707 4613 880 4677 imperatoris
903 4617 1014 4679 spectat
1036 4611 1152 4678 electio,
1176 4613 1283 4680 eligant
1300 4613 1388 4664 libero
1494 4613 1499 4626 '

92 4711 286 4751 successorem
305 4693 355 4750 ...''
375 4695 418 4747 Gi.
437 4697 522 4748 ctiam
533 4697 644 4748 Nicolai
655 4697 707 4750 111.
721 4712 746 4748 a.
762 4696 834 4747 1278.
853 4697 947 4750 Romae
966 4697 1094 4750 emissum
1112 4715 1137 4750 e.
1151 4697 1192 4750 17.
1204 4699 1234 4748 in
1245 4697 1328 4750 Sexto
1345 4699 1388 4748 De

96 4783 239 4834 electione
260 4783 289 4830 et
307 4779 391 4832 electi
409 4785 547 4846 potestate
565 4782 587 4832 l.
600 4779 625 4832 6.
638 4782 709 4832 med.
