3382 5516
333 364 407 436 250
443 395 579 430 utcunnut
593 395 764 432 BABTHOLllll
779 397 881 433 ounrto
894 399 928 433 DE
941 398 1129 435 nxrsutrtott}
1143 398 1252 435 CONTRA
1266 399 1372 436 TVBCAS
1386 399 1563 438 svsctrtnnt.

333 564 375 611 ret
396 555 569 632 magnitudo,
596 564 624 612 et
645 555 726 613 divini
748 566 911 633 conspectus
933 560 988 620 tui,
1019 558 1192 615 invictissime
1220 557 1322 622 Caesar,
1351 557 1443 634 lulgor
1469 579 1520 617 uon
1544 579 1594 636 per·

284 652 316 699 .a.
332 639 498 713 stringeret?
521 643 662 715 Atqueut
683 643 716 698 tle
738 660 767 698 re
790 643 848 717 ipsa
869 643 981 718 loquar,
1005 642 1067 700 talis
1089 644 1193 701 dicendi
1215 645 1326 700 materia
1349 643 1438 701 oblata
1460 655 1514 708 est,
1535 646 1594 701 utin

332 741 362 781 ea
383 724 520 784 difficilius
542 727 578 782 sit
600 727 701 784 exitum
724 745 801 800 quam
825 727 987 802 principium
1010 729 1142 785 iuvenire:
1166 746 1226 784 nam
1247 746 1307 785 enm
1330 730 1363 786 de
1386 731 1483 788 tuenda
1503 748 1531 787 ae
1549 748 1595 786 am·

332 808 472 886 plilieandn
494 811 638 868 Christiani
661 813 778 869 nominis
801 813 940 877 libertate,
969 814 1086 870 secundo
1114 799 1176 871 eum
1202 813 1235 869 de
1259 815 1350 870 lutura
1373 815 1484 871 llomani
1505 815 1594 887 imperii

331 913 362 953 ac
383 905 502 953 vestrum
525 897 643 953 omnium
666 896 753 971 gloria
776 898 898 955 dicturus
921 899 986 962 sim,
1017 899 1038 954 si
1063 901 1151 954 omnia
1173 916 1204 954 ex
1228 899 1362 956 sententia
1380 907 1492 962 tractare
1506 898 1612 960 vellens

329 997 451 1056 praeseus
474 979 577 1037 nullum
600 981 641 1054 (ut
663 981 772 1056 opinor)
794 984 902 1040 modum
924 991 997 1040 esset
1019 981 1143 1040 habitura
1167 984 1264 1040 oratio.
1308 983 1464 1059 Quanquam
1486 985 1595 1041 intentet

330 1066 484 1139 angustias,
508 1067 535 1122 in
558 1085 624 1140 quas
647 1084 689 1123 me
711 1068 862 1125 coniectum
884 1086 944 1126 esse
966 1067 1106 1142 intelligo,
1129 1077 1275 1143 propterea
1298 1069 1395 1125 merito
1412 1079 1507 1126 memet
1527 1069 1595 1126 solari

329 1169 454 1226 possum.
478 1159 534 1208 tum
559 1152 620 1226 quia
642 1169 657 1208 a
679 1153 845 1225 gravissimis
867 1154 931 1209 viris
953 1154 1059 1210 erudite
1081 1171 1111 1210 ac
1132 1153 1242 1227 copiose
1264 1171 1308 1209 res
1331 1155 1388 1228 ipsa
1408 1156 1484 1228 prius
1499 1161 1595 1211 uastata

330 1245 386 1300 est,
410 1245 466 1294 tum
488 1237 569 1293 etiam
592 1237 663 1311 quod
687 1237 713 1292 in
736 1236 788 1295 boc
810 1238 924 1294 maximo
947 1255 1037 1296 rernm
1060 1237 1285 1312 amplissimarum
1306 1238 1415 1295 cumulo
1436 1239 1532 1297 nemini
1551 1255 1596 1294 me-

271 1321 459 1386 §.a.diocriter
480 1323 561 1379 etiam
584 1322 691 1378 erudito
712 1322 807 1379 deesse
829 1321 942 1382 facultas
964 1323 1070 1384 dicendi
1092 1330 1191 1398 potest
1224 1325 1312 1398 Atque
1334 1333 1365 1380 ut
1385 1325 1446 1382 inde
1462 1343 1514 1399 quo
1527 1323 1619 1380 debete

331 1407 419 1465 oratio
441 1407 644 1482 proficiscatur,
668 1406 736 1463 nihil
758 1425 772 1464 a
796 1416 891 1464 natura
914 1408 1075 1466 mortalibus
1098 1407 1256 1482 praeclarius
1279 1427 1309 1464 ac
1331 1409 1426 1466 utilius
1454 1427 1529 1484 quam
1548 1427 1595 1464 mu-

330 1501 376 1550 tue
399 1493 521 1566 quedam
543 1492 693 1549 animorum
716 1493 849 1558 connexio
872 1492 1032 1550 attributum
1056 1501 1112 1557 cst:
1139 1493 1211 1568 quod
1240 1493 1347 1568 quidem
1375 1503 1403 1550 et
1431 1503 1526 1552 cetera
1550 1493 1596 1550 ani·

330 1578 430 1635 mantia
452 1594 594 1634 commune
616 1576 755 1634 uobiscum
778 1577 892 1639 habeut:
920 1587 1049 1635 ceterum
1079 1595 1139 1635 cum
1167 1579 1226 1652 ipsa
1247 1595 1298 1636 nec
1319 1580 1430 1635 avaritia
1452 1597 1500 1636 nec
1519 1595 1595 1635 rerum

284 1703 288 1712 .
323 1657 511 1719 ¹novandarum
534 1662 681 1737 cupiditate
704 1662 892 1738 impellantur,
916 1664 944 1719 in
967 1680 1017 1720 suo
1033 1681 1149 1738 queque
1163 1680 1264 1738 genere
1279 1673 1402 1720 servant:
1425 1681 1485 1721 nam
1499 1680 1595 1738 serpens

331 1765 386 1805 nou
408 1748 477 1822 petit
500 1755 667 1821 serpentem.
691 1765 741 1804 uec
763 1747 806 1806 leo
829 1749 856 1804 in
879 1747 986 1806 leonem
1008 1757 1124 1824 pugnat,
1154 1749 1241 1823 tygris
1270 1750 1297 1804 iu
1326 1750 1425 1824 tygrim
1449 1767 1502 1806 non
1522 1749 1619 1808 saevitis

331 1833 377 1890 sed
401 1833 473 1907 quod
495 1831 549 1888 illis
572 1831 732 1890 naturaliter
753 1833 786 1892 ab
809 1833 887 1890 initio
910 1833 1021 1901 insitum
1044 1841 1085 1889 est
1108 1843 1273 1908 sequuntur,
1297 1841 1441 1908 amantque
1463 1851 1515 1890 non
1530 1833 1595 1889 modo

271 1915 274 1928 “
331 1935 391 1974 sese
413 1917 540 1981 invicem,
568 1918 614 1974 sed
643 1917 723 1974 etiam
751 1935 765 1976 a
794 1918 965 1976 dissimilium
994 1918 1149 1976 animalium
1173 1920 1273 1994 impetu
1296 1928 1391 1976 mutuo
1413 1919 1556 1976 defendunt
1573 1935 1597 1972 ac

270 2016 317 2065 et.
333 2011 451 2060 tuentur.
497 2002 656 2059 Hominibus
679 2020 741 2060 vero
765 2005 811 2078 qui
834 2003 1071 2079 praeclarissimum
1092 2012 1197 2061 naturae
1220 2021 1317 2060 munus
1345 2005 1456 2078 penitus
1484 2003 1596 2062 abiecere,

329 2087 397 2144 nulli
419 2089 519 2144 urainra
541 2087 700 2144 intulerunt·
714 2087 782 2144 rnala
806 2106 885 2162 quarn
907 2089 1044 2150 homines.
1069 2089 1194 2162 qrrontam
1216 2106 1286 2163 saepe
1302 2088 1473 2146 aut‘avaritia
1489 2097 1531 2145 aut
1545 2087 1596 2143 odio

329 2181 375 2231 aut
396 2174 509 2248 propria
530 2173 618 2246 gloria
641 2173 673 2230 ad
696 2189 726 2230 ea
749 2172 926 2248 impelluntur
948 2174 1043 2236 animi,
1067 2182 1097 2228 ut
1119 2173 1171 2230 nisi
1193 2174 1239 2230 diu
1262 2173 1431 2248 multumque
1453 2173 1621 2248 graviterete

328 2258 423 2315 acerbe
446 2259 473 2314 in
496 2275 577 2333 opes,
600 2259 628 2314 in
650 2259 747 2323 urbes,
769 2260 796 2315 in
818 2259 957 2316 bominum
979 2275 1111 2333 corpora,
1140 2259 1166 2314 in
1191 2260 1254 2333 ipsa
1281 2259 1398 2334 denique
1420 2258 1528 2316 deorum
1549 2258 1598 2313 lana

328 2361 359 2400 ac
380 2343 492 2400 delubra
515 2345 636 2400 saevitum
658 2344 707 2408 sit,
731 2361 825 2419 parum
848 2344 930 2417 digna
954 2343 1090 2418 triumpho
1112 2345 1262 2401 confecisse
1284 2344 1434 2400 videantur.
1467 2345 1525 2418 quis
1539 2341 1598 2398 euim

329 2429 458 2487 uelandus
481 2437 634 2503 temporum
656 2437 813 2486 nostrorum
835 2430 922 2486 caedes
945 2429 1048 2486 relerre
1071 2429 1129 2485 sine
1150 2429 1295 2503 lachrymis
1304 2429 1420 2502 potest?
1444 2429 1503 2502 quis
1517 2425 1597 2502 populi

328 2513 474 2571 Christiani
496 2513 610 2570 ellusum
632 2516 775 2572 cruorem?
799 2530 878 2588 quam
901 2512 1009 2571 crudele
1032 2513 1149 2570 bellandi
1172 2531 1272 2588 genus,
1296 2531 1350 2586 quo
1374 2515 1483 2588 quidem
1502 2529 1598 2570 necno-

328 2597 451 2657 ceutibus
474 2616 523 2656 uec
545 2597 749 2661 innocentibus,
772 2616 828 2655 uon
852 2598 974 2674 templis,
1004 2616 1058 2656 nou
1088 2599 1156 2662 aris.
1185 2615 1241 2655 nen
1270 2597 1395 2672 religioni
1425 2616 1531 2674 parsum
1555 2603 1622 2655 esto

329 2685 418 2742 omnia
440 2685 495 2758 igni
519 2684 648 2758 lerroque
669 2683 805 2741 devastata
828 2694 905 2748 sunt,
928 2683 1054 2758 squalent
1075 2683 1161 2741 adhuc
1184 2701 1258 2748 arra,
1287 2683 1393 2742 colonis
1416 2701 1510 2746 vacua,
1532 2680 1598 2738 recti-
1675 2687 1676 2694 ’

330 2767 402 2844 galia
423 2786 503 2844 quam
525 2769 571 2826 diu
595 2767 689 2844 populi
712 2787 742 2826 ac
768 2770 929 2826 commercia
954 2769 1116 2832 deseruere,
1145 2787 1205 2826 cum
1233 2785 1283 2826 nec
1312 2769 1363 2826 tuti
1393 2769 1458 2842 quid
1487 2767 1601 2824 baberent

261 2853 460 2911 'sebastenus
483 2853 550 2910 satis
571 2853 733 2927 dignoscere
756 2854 913 2930 potuerint?
935 2853 1000 2910 Nom
1022 2853 1102 2910 simul
1124 2863 1206 2928 atque
1230 2871 1282 2910 una
1304 2853 1447 2912 dimicandi
1469 2869 1544 2912 ceum
1563 2867 1599 2906 oc·

328 2938 410 3003 cidit,
442 2938 493 2994 alia
516 2938 629 2994 subinde
651 2947 733 3012 atque
761 2938 825 3000 alia,
856 2947 883 2995 et
909 2939 996 2996 maior
1024 2947 1052 2996 et
1080 2939 1178 2996 sevior
1200 2947 1259 2996 orta
1283 2947 1333 2996 est.
1378 2939 1418 2996 sie
1440 2938 1518 2996 modo
1538 2935 1598 3000 victi,

329 3025 410 3080 modo
433 3024 548 3080 victores
571 3023 754 3086 Germaniam,
778 3023 946 3098 Hispaniam,
969 3023 1072 3080 ltaliam
1095 3025 1132 3080 ita
1155 3023 1264 3100 populis
1287 3041 1424 3098 opumque
1447 3024 1471 3079 vi
1487 3023 1622 3080 esbausett

330 3117 406 3172 runt,
430 3117 460 3164 ut
483 3115 600 3183 utroque
624 3109 732 3182 integro
757 3109 841 3165 tutius
864 3109 939 3165 orbis
962 3109 1103 3184 imperium
1127 3109 1205 3166 lacile
1228 3107 1278 3164 sibi
1295 3109 1437 3165 vendicare
1452 3108 1597 3183 potuissent
1674 3101 1675 3122 l

328 3193 419 3254 Decies
442 3201 489 3250 aut
511 3193 627 3268 amplius
649 3210 706 3249 aevo
729 3202 825 3250 nostro
854 3195 881 3249 iu
905 3193 980 3250 ltalia
1006 3211 1021 3250 a
1049 3194 1247 3270 potentissimis
1275 3194 1439 3250 exercitibus
1467 3201 1598 3268 pugnatun

329 3288 385 3343 est,
408 3278 478 3335 unde
503 3286 576 3335 tanta
598 3278 753 3336 mortalium
775 3277 864 3336 clades
888 3277 993 3344 extitit,
1022 3287 1053 3335 ut
1082 3279 1178 3336 merito
1200 3296 1214 3334 a
1240 3287 1279 3342 te,
1307 3279 1491 3336 sacratissime
1517 3277 1597 3334 Cesar.

329 3364 474 3438 aliquando
496 3364 596 3421 dictum
620 3365 669 3427 sit,
699 3363 772 3420 illam
795 3363 974 3421 amicitiaeue
1002 3361 1197 3420 benevolentius
1226 3363 1425 3438 parenthesim,
1455 3381 1514 3438 quae
1540 3375 1598 3417 nunt

328 3450 373 3507 boi
397 3449 493 3524 optimi
516 3450 622 3506 maximi
644 3459 712 3506 nutu
736 3449 845 3523 penitus
867 3447 972 3506 sublata
995 3457 1050 3510 est,
1072 3448 1134 3523 plus
1155 3458 1264 3506 centnm
1286 3447 1406 3506 millibus
1422 3449 1553 3505 hominum
1566 3445 1622 3499 ine

273 3535 480 3600 §.uteremisse
523 3534 650 3591 Proiecto
679 3536 700 3590 si
731 3533 861 3608 exemplis
888 3541 917 3590 et
946 3542 1104 3590 nostrorum
1133 3542 1285 3608 temporum
1308 3541 1335 3589 et
1363 3534 1535 3606 antiquorum
1553 3545 1599 3586 rem

329 3621 398 3678 banc
422 3627 537 3676 tractare
560 3619 686 3682 velimus,
710 3617 944 3694 promptissimum
966 3619 1019 3674 erit
1041 3635 1178 3686 asserere,
1205 3619 1341 3674 discordia
1362 3618 1477 3676 maxima
1498 3635 1526 3676 ac
1544 3629 1599 3688 opu·

328 3705 480 3762 lentissima
503 3704 616 3778 imperia
637 3704 790 3766 corruisse,
819 3703 965 3762 concordia
987 3719 1050 3758 vero
1073 3720 1105 3759 ex
1128 3701 1219 3760 infimo
1242 3702 1360 3760 breviter
1382 3705 1508 3760 crevisse.
1540 3696 1598 3774 quod
1673 3717 1674 3774 t

329 3791 438 3865 quidem
461 3797 487 3845 et
511 3789 613 3864 populo
636 3790 756 3846 Romano
780 3796 807 3845 et
829 3789 951 3851 ceteris,
975 3789 1021 3862 qui
1043 3788 1215 3845 concordiam
1237 3786 1270 3844 ab
1286 3789 1365 3846 initio
1380 3788 1529 3850 coluerunt,
1547 3799 1598 3842 cott-

330 3875 426 3950 tigisse
449 3874 515 3930 satis
539 3885 633 3931 notum
656 3882 712 3930 est:
737 3874 798 3948 quis
814 3873 886 3930 enim
902 3893 916 3930 a
931 3872 1086 3948 pastoribus
1102 3873 1249 3930 Romanum
1266 3873 1423 3949 imperium,
1448 3873 1519 3950 quod
1530 3871 1622 3940 longttl

331 3969 425 4034 postea
448 3959 555 4033 lateque
578 3959 637 4016 orbi
661 3967 794 4015 terrarum
817 3961 980 4032 imperaret,
1003 3958 1169 4015 nasciturum
1192 3957 1359 4033 putavisset?
1383 3960 1445 4034 quis
1467 3976 1518 4015 non
1532 3955 1598 4012 ltbe

331 4045 464 4100 niensium
487 4052 578 4118 gesta,
613 4061 682 4117 quos
706 4043 826 4100 'l'beseus
856 4061 870 4100 e
899 4043 977 4118 pagis
1006 4044 1076 4100 intra
1105 4045 1201 4101 muenia
1224 4045 1330 4118 coegit,
1359 4043 1522 4103 admireturl
1550 4037 1598 4112 quis

270 4127 445 4202 telegono
469 4127 658 4204 audiendoque
680 4129 947 4185 Lacedaemoniorum
970 4127 1097 4185 victorias
1121 4147 1175 4184 non
1197 4127 1365 4186 delectetur?
1387 4129 1422 4185 lis
1444 4125 1598 4199 autem-dum

330 4213 397 4268 nihil
421 4213 559 4287 antiquius
581 4213 727 4270 concordia
746 4215 834 4276 ,risum
857 4221 915 4277 est,
939 4213 977 4270 ita
1000 4231 1047 4270 sua
1071 4214 1194 4289 ipsorum
1216 4214 1328 4288 imperia
1360 4231 1473 4278 auxere,
1501 4220 1528 4269 ut
1553 4223 1597 4282 pre

396 4477 407 4510 ⁴
425 4494 482 4530 seo.
496 4476 566 4545 eum]
581 4495 614 4530 ac
627 4485 763 4545 praeterea
775 4485 800 4531 2.
836 4483 858 4543 §-
873 4478 908 4546 3.]
923 4481 1042 4532 Irnltalur
1054 4481 1165 4532 Huttent'
1174 4485 1240 4532 orat.
1256 4479 1279 4531 1.
1293 4481 1319 4530 in
1337 4481 1394 4532 duc.
1411 4483 1521 4544 Vtrtenp.
1532 4473 1597 4537 §.52

331 4563 350 4598 ¹³
370 4579 483 4638 comupe
502 4568 525 4615 1.
594 4562 616 4596 ¹⁸
634 4564 753 4629 poenitus
774 4570 795 4616 t.
872 4563 892 4596 ¹⁹
910 4567 998 4616 Homo
1015 4566 1118 4617 homini
1134 4567 1221 4632 lupus.
1246 4567 1331 4616 Plaut.
1395 4563 1417 4598 ¹⁸
1434 4561 1559 4630 squallent
1576 4560 1597 4606 2.

329 4650 501 4702 ’θωυιιαλ
536 4647 743 4714 ³⁰Hyepsnlsm
757 4653 780 4704 1.
813 4649 834 4683 ³¹
848 4651 1205 4714 vindicaremtetelnsrn.
1239 4635 1379 4716 ”extititl
1393 4651 1495 4702 etitel.
1526 4640 1598 4708 “1¹⁸-

329 4735 471 4788 rsnthesiu
482 4738 508 4784 2.
542 4733 564 4766 ⁸⁷
576 4734 689 4786 Ssllust.
703 4735 763 4800 lug.
776 4733 815 4784 10.
