3434 5512
129 453 256 488 llcllssDl
272 451 445 488 nnnruontttt
460 451 563 486 ΟΙΔΊΊΟ
577 452 610 486 ΒΕ
624 452 814 488 nunterston
828 453 937 490 conatu
949 453 1055 489 Truces
1069 452 1262 488 svsctt’ttattnn.
1299 423 1372 493 263

98 619 151 674 net.
174 611 324 668 trucidabit.
362 611 494 666 omiram
517 611 717 685 inauditamque
741 612 891 688 victoriam,
920 629 970 686 pro
999 628 1051 685 epau
1079 619 1106 667 et
1130 611 1213 666 virtus
1237 619 1323 667 vestra
1347 621 1374 667 et

96 697 128 752 dii
149 696 310 754 immortales
333 695 479 769 pugnaturi
503 697 579 752 sunt!
611 714 627 752 o
651 697 723 752 icelii
748 696 929 770 triumphandi
959 713 1059 771 genus,
1090 696 1162 768 qnod
1191 697 1270 752 arratis
1292 697 1372 752 emie-

97 782 175 838 stibus
197 779 381 854 angelicisque
404 779 491 854 copiis
513 780 592 836 uobis
613 790 799 854 coruparotum
822 781 887 837 eritl
923 780 981 836 Nou
1005 779 1165 856 praeteribo,
1196 782 1268 854 (prrod
1292 781 1441 840 etianrtsu.

97 868 147 922 siae
167 866 351 924 controversia
375 865 546 920 notissimum
570 874 625 927 est,
656 866 842 922 sanctissimus
870 866 995 922 dominus
1024 874 1118 920 noster
1139 865 1193 921 Leo
1218 865 1260 920 .X.
1286 859 1374 938 ponti·

80 952 134 1007 ater
154 952 295 1014 maximus,
318 949 432 1024 cupidus
454 968 484 1006 ae
507 949 612 1006 ierveus
635 949 793 1009 Christiana
815 949 1013 1024 amplitudinis,
1038 951 1108 1023 quod
1133 951 1238 1024 quidem
1254 949 1374 1006 crebrio-

96 1036 163 1092 ribus
184 1035 285 1098 literis,
308 1043 338 1091 ut
360 1033 430 1096 vlixi,
452 1043 480 1090 et
503 1052 573 1092 nuno
595 1035 826 1092 reverendissimis
849 1036 905 1090 suis
928 1035 1051 1108 legatis,
1075 1034 1139 1089 viris
1163 1035 1283 1090 rrrnximis
1299 1035 1373 1090 etad

96 1121 140 1177 boe
160 1121 301 1194 negocium
323 1117 533 1182 ardentissimis.
562 1119 714 1194 siguificare
742 1137 795 1176 uon
825 1121 938 1182 desinit,
968 1129 1081 1194 propter
1108 1137 1182 1175 stram
1212 1120 1239 1174 in
1268 1139 1314 1175 reos
1344 1138 1373 1176 ae

95 1206 243 1262 christiana
265 1203 421 1278 reipublicae
444 1213 543 1260 statum
566 1204 731 1278 singularem
753 1205 925 1262 dilectionem
950 1206 1032 1261 instat
1054 1205 1194 1278 omniqua
1216 1213 1308 1278 potest
1330 1222 1373 1260 sn·

95 1289 239 1352 liedudioe,
263 1289 356 1346 studio
379 1307 409 1345 ae
430 1307 510 1352 cura,
533 1288 672 1351 bortatur.
703 1289 769 1346 deos
792 1289 958 1346 immortales
982 1289 1048 1345 nibil
1071 1288 1143 1344 aliud
1172 1298 1264 1362 rogat.
1294 1307 1373 1362 apuam

73 1383 121 1430 tlut
141 1375 306 1431 sanctissima
330 1373 534 1447 firmissimaque
557 1374 702 1430 concordia
733 1375 768 1431 ita
791 1374 960 1437 vinciamini,
991 1383 1020 1430 nt
1049 1383 1177 1448 qnarttnru
1206 1375 1232 1430 iu
1261 1373 1374 1447 numlib-

95 1459 166 1514 canda
188 1459 403 1522 christianitate.
427 1459 454 1514 iu
479 1460 653 1533 propagando
677 1459 805 1534 imperio,
829 1460 856 1516 iu
878 1460 999 1532 erigenda
1021 1459 1152 1532 dignitato
1175 1467 1263 1514 vestra
1287 1459 1373 1514 inteu-

97 1545 204 1607 tussit,
227 1543 307 1619 plane
329 1543 483 1618 intelligere
505 1544 633 1618 possitis,
658 1545 874 1618 ‹prraudoqnidenr
899 1545 924 1599 in
949 1544 1024 1600 vobis
1047 1561 1102 1617 pirre
1117 1544 1224 1606 ceteris,
1247 1543 1372 1598 sacratis·
1441 1601 1447 1618 ,

95 1629 152 1684 sime
172 1629 337 1704 lmperatnr,
360 1627 537 1684 illustrissimi
560 1629 712 1704 principes,
742 1637 771 1684 nt
793 1637 872 1704 pater
895 1631 921 1685 in
945 1629 1022 1684 benis
1046 1627 1107 1683 filiis
1136 1628 1219 1690 solet,
1246 1645 1300 1683 mm
1327 1645 1371 1683 se·

95 1711 141 1769 lum
162 1713 351 1770 ecclesiasticae
374 1712 515 1786 dignitatis
538 1713 571 1768 ab
599 1711 681 1768 illatis
711 1714 816 1770 iniuriis
845 1703 1035 1776 delenlendis,
1064 1713 1109 1768 sed
1139 1713 1218 1769 etiam
1241 1713 1370 1786 augendae

70 1797 299 1880 nerrotteutaque
322 1815 396 1871 spem
421 1815 526 1854 omnem
548 1806 629 1872 atque
651 1815 742 1854 curam
759 1793 916 1854 'collocavit
953 1798 1033 1856 Plura
1054 1799 1087 1854 de
1103 1789 1232 1854 Perrrtidce
1256 1797 1438 1853 nradmoeu.

95 1883 263 1945 dissererem,
288 1881 339 1938 nisi
363 1892 389 1939 et
412 1881 457 1938 alii
480 1880 644 1956 locupletius
666 1884 812 1945 dicissent,
842 1892 868 1939 et
891 1900 938 1939 vos
961 1883 1019 1940 eius
1035 1883 1166 1942 anirrrum,
1196 1879 1370 1944 vrrluutatem,

95 1967 232 2024 bonitatem
256 1985 287 2024 ae
309 1967 436 2042 pietatem
460 1967 511 2023 iam
533 1967 579 2023 diu
601 1969 753 2024 novissetis.
798 1968 852 2022 Vos
874 1977 978 2030 autem,
1003 1967 1223 2024 llevereudissimi
1247 1968 1272 2022 iu
1296 1967 1373 2022 Chri-

94 2059 132 2108 sto
153 2061 243 2126 patres
266 2062 294 2108 et
315 2051 432 2114 domini,
454 2051 557 2120 domiui
580 2053 757 2126 pientissimi,
786 2053 832 2126 qui
863 2053 1047 2108 lmiuseemodi
1076 2053 1257 2127 expeditionis
1285 2052 1372 2124 gratia

95 2137 232 2210 apostoliea
256 2135 393 2210 legatione
417 2137 574 2210 fungimini,
598 2155 628 2194 ac
650 2155 711 2201 vos,
735 2137 951 2212 praestantissimi
975 2145 1113 2199 arcatores,
1139 2139 1222 2194 totins
1244 2137 1373 2191 Christia-

70 2221 179 2280 antuus
201 2223 309 2278 nomine
333 2239 416 2296 rogo,
439 2221 563 2296 supplico
586 2232 666 2296 atque
690 2222 821 2285 obsecro,
846 2223 960 2284 instate,
985 2218 1145 2284 sollicitate,
1170 2229 1266 2294 urgete
1289 2237 1373 2292 nego·

94 2307 170 2370 cium,
191 2308 255 2364 huie
277 2307 316 2363 rei
340 2325 390 2380 pro
413 2305 483 2362 virili
508 2305 668 2363 incumbite:
697 2325 735 2362 eae
764 2307 833 2362 euim
863 2317 960 2364 vestrm
989 2314 1051 2362 sunt
1075 2313 1181 2380 partes,
1211 2315 1240 2361 nt
1265 2289 1372 2361 *scilieet

95 2392 272 2464 persuadendo
305 2391 526 2466 cousulendoqne
558 2390 710 2448 libertatem
745 2409 775 2448 ae
802 2389 1006 2465 amplitudinem
1041 2389 1216 2446 Christianam
1249 2391 1370 2463 pariatis.

94 2475 198 2534 Proinde
219 2493 282 2534 curn
305 2495 319 2532 a
342 2493 383 2532 me
405 2477 438 2532 de
460 2476 594 2534 eomutuni
618 2475 763 2532 Christiani
793 2477 911 2532 neutiuis
939 2475 1080 2538 libertate,
1109 2476 1226 2531 secundo
1253 2492 1315 2530 carm
1338 2475 1440 2531 deam

95 2569 173 2618 vestra
194 2560 340 2618 immortali
363 2579 393 2616 ac
415 2559 526 2617 llomani
550 2561 656 2636 lnrperii
680 2560 768 2634 gloria
789 2561 897 2618 concise
919 2561 1020 2618 dictum
1043 2561 1093 2622 sit,
1118 2559 1251 2634 reliquum
1268 2569 1319 2626 ost,
1342 2569 1373 2615 ut

71 2653 150 2718 teque
171 2665 222 2720 ego
247 2645 321 2702 brevi
344 2647 467 2702 oratione
490 2654 651 2720 prosecutus
674 2663 747 2709 suin.
770 2663 801 2702 en
826 2654 869 2708 tu,
898 2645 1090 2720 arrgrrstissime
1113 2645 1215 2706 (laesae,
1246 2653 1372 2717 tauqriam

97 2731 203 2788 omnium
227 2747 375 2804 regnorum
398 2749 428 2786 ac
451 2747 545 2804 regum
568 2739 698 2806 caputet
721 2731 848 2806 princeps
871 2731 970 2786 virtute
993 2730 1073 2784 solita
1098 2739 1125 2785 et
1148 2729 1265 2802 egregiis
1294 2729 1371 2784 lavetis

95 2831 260 2892 prosequare.
298 2815 370 2889 quod
394 2813 500 2889 quidem
524 2823 599 2871 tanto
622 2815 762 2872 ardentius
784 2825 811 2872 te
835 2817 967 2872 iaetruum
983 2815 1052 2872 lrarrd
1069 2815 1243 2887 ambigimus,
1267 2817 1441 2888 qriautoidt·

95 2897 230 2957 solertiore
253 2917 317 2957 cura
341 2900 542 2962 animadvertis,
573 2917 627 2974 que
659 2899 685 2956 iu
708 2909 780 2957 statu
805 2901 903 2956 interrae
926 2899 1118 2973 magnitudinis
1147 2917 1177 2955 ac
1200 2899 1279 2954 etiam
1303 2897 1373 2972 peri-

95 2985 142 3040 culi
162 3001 284 3060 preeseus
305 2985 455 3042 communis
478 2985 598 3040 omnium
621 2985 731 3041 iortnua
754 2985 843 3060 posita
867 2987 916 3040 sit:
940 3003 997 3040 cam
1021 2985 1043 3039 si
1066 2983 1207 3040 clementia
1232 2993 1276 3038 tua
1300 2984 1376 3038 dese·

70 3068 140 3132 ortt,
160 3088 208 3126 nos
230 3087 285 3128 una
307 3070 477 3132 corruimus:
500 3069 522 3125 si
545 3086 608 3125 vere
632 3071 736 3132 lettere,
766 3079 796 3127 ut
819 3087 954 3144 utinquam
983 3069 1074 3140 lovere
1102 3069 1246 3129 destitisti,
1275 3058 1376 3124 rrrrrlne·

96 3153 129 3208 ris
143 3171 171 3210 ae
185 3155 299 3212 huiusce
320 3154 459 3211 catholicae
482 3154 556 3228 pacis
580 3171 648 3210 uexu
672 3155 859 3230 amplecteris,
883 3155 990 3230 pietati,
1015 3155 1149 3216 libertati,
1173 3153 1268 3226 gloriae
1285 3171 1315 3209 ac
1331 3171 1376 3208 ue·

97 3240 206 3296 cessitati
230 3249 288 3296 tum
311 3239 426 3314 publicae
450 3248 507 3296 tum
529 3239 641 3314 privatae
663 3239 805 3302 eonsules,
830 3241 899 3296 nude
923 3239 1175 3296 nefandissimorum
1200 3239 1375 3299 'lburcaruuu

98 3323 136 3394 qni
158 3324 324 3398 principibus
346 3323 507 3382 Christianis
531 3325 622 3398 iugum
647 3343 678 3381 ae
698 3323 824 3399 laqueum
847 3324 966 3380 minitari
989 3341 1041 3380 nou
1057 3324 1198 3384 desinunt,
1223 3323 1316 3378 inritas
1332 3340 1376 3376 eu·

98 3407 176 3481 tingui
198 3409 316 3484 poterit.
340 3418 370 3465 tu
393 3426 472 3471 vero.
496 3409 677 3466 sacratissime
694 3410 856 3483 Imperator.
880 3427 932 3465 rina
948 3425 1007 3464 erim
1025 3407 1215 3482 illustrissimis
1233 3407 1286 3461 tuis
1302 3407 1376 3479 prin

72 3492 195 3566 ³³cipibus
218 3503 347 3550 veterrimo
370 3493 486 3568 gloriam
509 3509 541 3550 aa
562 3493 688 3550 meritum
716 3512 776 3550 eum
804 3494 874 3570 apud
904 3493 1029 3549 homiues
1059 3499 1114 3548 tum
1143 3491 1214 3564 apud
1237 3491 1303 3545 deos
1327 3490 1376 3546 im·

96 3578 212 3635 mortales
236 3581 422 3654 consequeris.

688 3677 767 3722 nlxt.

156 3846 185 3878 ⁸⁴
202 3846 331 3900 mitian.
380 3843 400 3878 ¹⁸
420 3845 633 3912 excotendaequa
653 3849 678 3896 2.
726 3843 746 3878 ¹⁸
764 3844 867 3895 domiui
884 3847 997 3894 semel2.
1046 3840 1066 3874 ¹⁹
1085 3839 1217 3908 oratores]
1239 3842 1376 3892 (lesnudte.

98 3925 258 3998 ”begenz
295 3931 314 3965 ²¹
335 3929 418 3997 enim]
437 3934 565 3998 nnmq32.
612 3929 634 3963 ²³
654 3947 716 3982 enm
733 3937 793 3981 ante
811 3930 845 3980 de
863 3945 910 3979 om.
925 3931 949 3978 2.
997 3925 1019 3958 ²⁸
1039 3925 1127 3976 solida
1146 3929 1171 3976 2.
1192 3925 1317 3988 (Scilicet
1330 3924 1378 3973 Sa·

99 4016 192 4066 ionicis
214 4017 307 4082 operis
325 4018 344 4066 d
361 4031 421 4066 eum
439 4023 449 4065 t
468 4017 689 4082 permutantibus
713 4016 797 4066 etium
821 4015 977 4064 Rensnerus
1000 4025 1064 4061 usna
1089 4009 1150 4072 est.)
1213 4007 1236 4042 ²⁹
1258 4025 1377 4076 praesen-

99 4098 129 4148 tis
147 4105 169 4151 t.
203 4101 224 4134 ³³
244 4101 307 4152 Chr.
321 4101 407 4167 princ.
422 4105 446 4150 2.
482 4097 504 4131 ³⁵
522 4105 579 4150 tum
597 4103 621 4151 2.
