3434 5512
289 483 293 488 .
337 415 408 484 324
446 444 546 478 Llioffl
561 444 586 480 Χ.
600 443 707 477 CONTRA
724 443 873 478 LVTHBBVH
888 442 977 478 avum
991 443 1054 478 ΒΗ.
1068 439 1101 477 15.
1111 443 1168 478 lvii.
1182 443 1208 478 Α.
1219 437 1274 478 152⁰.
1289 444 1314 479 C.
1328 443 1453 478 uvarum!
1468 443 1556 476 morta.

331 602 478 674 ploravit,
507 601 559 672 qni
583 600 629 657 itti
655 616 687 657 se
712 614 769 658 non
793 599 918 656 eredere
937 601 1040 672 palam
1058 603 1243 674 profitetur.)
1271 601 1312 659 ita
1338 604 1373 656 at
1397 604 1502 656 comma
1521 599 1629 671 rpeiam,

333 710 475 776 tamqnam
498 701 536 757 de
551 700 614 772 fide
635 701 747 758 notorie
766 706 949 773 sapertun,
972 701 1030 760 imo
1052 717 1120 759 aere
1138 700 1321 770 hereticam
1337 699 1448 774 abraae
1468 699 1530 758 atta
1549 699 1630 756 cita-

332 806 418 875 tione,
441 804 486 861 oet
502 818 602 874 mora,
625 803 668 860 ad
687 802 959 860 condemnationem
980 809 1009 860 et
1029 803 1249 860 damnationem
1269 803 1345 872 eius,
1370 805 1511 874 mannam
1528 798 1630 856 trare-

333 907 397 976 tici‚
430 921 467 962 ac
494 905 622 962 omnium
649 910 678 962 et
703 905 891 976 mandaram
913 906 1192 978 suprascriptamm
1208 917 1369 977 pertarum
1385 906 1414 960 et
1433 915 1629 961 ceosraanrm

333 1007 517 1064 severitatem
535 1005 701 1078 procedere
729 1009 913 1078 ’possemass
941 1005 1132 1064 nihilominus
1162 999 1214 1063 'de
1241 1003 1404 1064 earmndem
1421 1002 1556 1076 fratrem
1571 1013 1655 1060 rto-⁵

331 1113 461 1166 stratam
482 1108 617 1178 condito,
639 1108 842 1180 omnipotentis
861 1107 930 1165 ¹dei
950 1109 1096 1166 imitantes
1112 1108 1310 1178 alemaniam,
1332 1106 1386 1180 pai
1401 1121 1459 1164 aon
1473 1107 1536 1164 autt
1547 1118 1632 1162 mor-

332 1215 389 1267 tem
406 1210 588 1282 peccatoris,
605 1208 660 1267 sed
679 1210 775 1282 mapis
791 1213 825 1266 at
843 1213 1034 1268 concertatur
1055 1217 1084 1267 et
1097 1211 1188 1280 atvar,
1210 1209 1339 1288 omnium
1356 1209 1538 1266 iniuriarum
1555 1205 1631 1262 nac-

333 1317 417 1368 tcnas
437 1310 520 1367 arabis
538 1319 566 1368 et
587 1311 757 1384 apostatice
777 1311 844 1369 sedi
864 1313 1018 1370 ittatarum
1040 1311 1134 1386 obiiti,
1159 1312 1239 1368 omni
1260 1306 1342 1382 *qao
1354 1293 1510 1382 possamus
1520 1309 1633 1380 pictate

301 1403 306 1412 '
332 1412 377 1468 att
398 1409 580 1470 decrevimus
581 1431 596 1488 ,·'
617 1417 647 1470 et
663 1418 806 1484 quantam
829 1415 859 1470 in
878 1413 960 1472 notris
980 1421 1025 1472 est
1044 1429 1148 1486 apae,
1171 1418 1203 1470 at
1222 1414 1376 1486 proposita
1397 1409 1632 1468 mansnetadmie

332 1514 389 1582 oia,
409 1511 454 1570 ad
468 1528 521 1571 cor
538 1519 715 1584 reuertatur,
737 1521 767 1572 et
779 1529 799 1571 a
810 1515 968 1588 praedictis
980 1515 1105 1573 recedat
1117 1513 1285 1573 moriare:
1306 1519 1339 1570 at
1352 1514 1448 1586 ipmm
1469 1516 1630 1584 ‘manaem
1642 1523 1663 1563 ιι

328 1615 425 1684 filiam
451 1615 534 1673 ittam
555 1615 719 1688 prodipam
742 1609 803 1673 ¹'ad
820 1617 967 1688 premnem
991 1615 1135 1676 Ecclesia
1154 1621 1347 1675 revertentem
1367 1615 1493 1686 deripere
1517 1613 1632 1686 reeipi-

333 1727 429 1773 omas.
474 1713 577 1788 Ipsam
598 1719 689 1789 tattar
706 1716 872 1775 Martinam
893 1726 923 1776 et
942 1733 1130 1791 quoscunque
1145 1719 1175 1775 ei
1187 1719 1384 1786 adherentes,
1406 1718 1528 1787 dasque
1545 1729 1631 1772 rece—

331 1821 479 1889 ptatores,
501 1823 530 1874 et
545 1815 697 1888 saniores,
720 1817 798 1891 ‘per'
812 1821 927 1878 e’a'scera
947 1818 1161 1878 misericordiae
1181 1819 1232 1876 dei
1251 1819 1359 1894 nostri,
1380 1812 1428 1876 ‘et
1445 1832 1504 1890 per
1524 1831 1631 1889 asper-

334 1919 443 1976 sionem
463 1913 622 1990 scopatae
643 1918 756 1978 domini
773 1923 868 1980 nostri
889 1920 958 1980 Iesu
974 1920 1096 1993 Christi,
1119 1934 1190 1993 qao,
1213 1926 1242 1979 et
1255 1936 1315 1994 per
1332 1933 1418 1992 anem
1439 1917 1566 1976 numam
1576 1933 1631 1991 ae-

334 2020 415 2078 neris
430 2021 594 2094 redemptio
610 2026 640 2078 et
654 2027 768 2079 sanctae
781 2025 886 2101 matris
906 2023 1040 2082 ecclesie
1054 2021 1214 2094 edificatio
1230 2021 1320 2094 saeta
1333 2029 1392 2088 est,
1415 2035 1456 2078 ex
1470 2025 1528 2078 toto
1541 2017 1632 2077 eorde
1641 2029 1661 2068 ιι

333 2121 489 2182 mortomar
509 2128 538 2180 et
558 2122 758 2199 obsecramus,
784 2131 814 2182 at
836 2125 929 2199 ipsias
943 2123 1089 2184 Ecclesiae
1106 2139 1229 2200 pacem,
1250 2125 1405 2194 unitatem,
1427 2127 1457 2180 et
1471 2122 1632 2190 ιιονιωιιιιι,

330 2237 389 2296 pro
406 2239 467 2296 aaa
488 2225 552 2298 r'pse
574 2223 713 2283 Salvator
735 2231 794 2284 tam
814 2227 959 2284 instanter
980 2227 1078 2284 orarit
1094 2225 1137 2283 od
1152 2229 1286 2302 patrem,
1317 2223 1458 2283 “turbore
1479 2223 1631 2290 desistant,

332 2330 362 2382 et
387 2338 407 2381 a
432 2325 591 2399 predictis
619 2335 678 2384 tam
698 2329 875 2401 perniciosis
904 2322 1071 2386 ‘erroridtu
1091 2342 1219 2401 prorsas
1250 2325 1417 2385 aestimant
1423 2347 1432 2382 :
1465 2323 1634 2382 'inventuri

333 2490 470 2552 arithm:
499 2493 637 2554 seducitis
658 2511 714 2554 nos
736 2498 830 2564 enim,
860 2503 889 2556 et
911 2502 1053 2574 quantum
1074 2497 1107 2554 in
1129 2494 1213 2555 robis
1240 2503 1298 2564 est,
1328 2492 1459 2570 perditis.
1535 2489 1630 2559 ‘Quid

334 2593 391 2661 ais,
415 2593 587 2655 interfector
611 2595 829 2657 Consiliorum?
862 2596 964 2658 Hocue
989 2595 1135 2658 liutherus
1164 2595 1251 2656 faciti
1315 2593 1418 2664 ‘Quod
1447 2593 1543 2672 potuit
1570 2607 1660 2650 noun

333 2692 434 2755 votum
479 2695 551 2766 Quis
584 2704 703 2757 accusat
736 2696 886 2758 Leonem?
966 2695 1056 2759 ‘Vide
1090 2698 1262 2758 modestiam
1296 2694 1630 2758 Reverendiasimorum.

333 2795 374 2855 Ὀ
397 2794 583 2856 clementiam
611 2797 829 2860 incredibilem!
859 2799 895 2858 m
917 2799 1045 2860 Leonem
1074 2799 1194 2877 quidem
1217 2815 1305 2860 nemo
1329 2799 1439 2875 putavit
1460 2813 1548 2874 posse
1572 2803 1630 2854 mm

335 2894 509 2958 clementem
532 2917 612 2968 esse,
643 2901 807 2978 presertim
838 2900 1118 2978 quandooccidere
1147 2907 1276 2978 posset,
1331 2897 1442 2958 'Etiam
1471 2899 1538 2974 pius
1565 2913 1630 2956 esse

335 2997 395 3058 Leo
417 3006 530 3077 posset,
553 3001 642 3060 modu
665 3002 827 3079 rapientem
852 3020 919 3062 eum
943 3009 972 3062 et
992 3009 1175 3077 grassantem
1198 3002 1304 3078 iugiter
1320 3001 1474 3060 ferremus
1541 2993 1629 3066 ‘Ouid

253 3111 256 3118 ’
319 3100 437 3162 niteris
459 3099 567 3162 bonam
590 3100 747 3164 ostendere
777 3105 851 3163 viam
880 3111 975 3172 tuam,
1006 3101 1043 3163 ad
1071 3101 1270 3180 quaerendam·
1290 3099 1489 3168 dilectionem,
1520 3101 1572 3178 qui
1601 3101 1657 3158 iun

334 3199 473 3277 surperbiae
496 3211 523 3262 et
546 3202 658 3263 malicia
683 3211 731 3264 tua
754 3203 878 3264 docuisti
902 3203 962 3263 rias
984 3211 1062 3272 tuas,
1088 3211 1116 3264 et
1138 3204 1167 3264 in
1187 3201 1243 3272 alis
1266 3205 1323 3262 tuis
1344 3204 1480 3262 inventus
1502 3209 1550 3262 est
1563 3217 1630 3261 saa·

335 3302 399 3379 guis
426 3303 590 3366 animarum
619 3323 783 3384 pauperum
814 3311 843 3365 et
870 3306 1098 3382 innocentumi
1159 3303 1241 3365 ‘Heu
1270 3303 1428 3381 prodigum
1457 3301 1629 3368 Lutherum.

335 3404 384 3482 qui
407 3405 450 3463 sic
472 3402 595 3483 largiter
617 3408 750 3485 profudit
773 3406 973 3485 evangelicam
988 3406 1170 3466 doctrinam!
1257 3403 1396 3474 ¹'Quoties
1422 3403 1628 3464 inculcandum

335 3513 393 3572 est,
424 3507 453 3564 in
477 3505 601 3568 eeclesia
624 3514 673 3568 tua
697 3507 773 3569 nolle
798 3510 909 3569 versari
931 3524 1001 3577 nos,
1031 3524 1127 3585 neque
1151 3524 1217 3566 cum
1242 3504 1377 3581 Copiietis
1399 3506 1457 3564 tuis
1479 3505 1554 3564 reite
1578 3505 1628 3566 tibi

334 3605 500 3668 adsentari?
531 3606 606 3676 Quin
636 3615 667 3668 tu
691 3609 787 3685 potius
810 3607 846 3668 ad
870 3609 1023 3668 sanitatem
1047 3609 1141 3677 redis,
1170 3609 1327 3685 proiicieos
1349 3607 1497 3666 avaritiam
1522 3625 1559 3667 ex
1584 3623 1656 3666 cae

333 3705 453 3778 lucania,
478 3716 507 3769 et
521 3711 673 3770 excutiens
688 3727 794 3771 manua
815 3715 881 3770 tiras
903 3709 940 3769 ab
964 3709 1044 3769 omni
1066 3726 1201 3770 munere.
1267 3708 1354 3768 eHam
1375 3713 1404 3766 te
1419 3709 1628 3768 misericordie

283 3809 294 3828 ⁶
334 3810 444 3870 viscera
468 3810 591 3872 induere
613 3810 694 3871 iuhet
716 3809 837 3880 Paulus,
861 3809 948 3870 amul
963 3810 1190 3888 benignitatem,
1214 3808 1421 3876 humilitatem,
1445 3808 1626 3870 modeaiam

334 3917 363 3972 et
384 3911 567 3990 patientiam:
591 3930 678 3991 quem
702 3930 756 3972 noe
778 3911 909 3972 videmus
932 3891 1039 3989 maeno
1062 3911 1148 3971 etiam
1173 3927 1240 3971 curn
1263 3907 1366 3970 dolore
1389 3915 1501 3978 nostre,
1526 3919 1626 3970 eouua

333 4012 546 4090 indutum'pro
568 4013 769 4074 misericordia
793 4013 1014 4081 crudelitatem,
1037 4029 1092 4091 pro
1116 4013 1253 4089 patientia
1277 4011 1477 4080 iracundiam,
1506 4029 1563 4090 pro
1588 4013 1627 4070 iu·

334 4115 419 4174 stitia.
438 4114 636 4192 iniquitatem,
671 4113 714 4176 et'
729 4121 761 4175 ut
788 4115 880 4176 semel
909 4115 1020 4185 dicam,
1054 4132 1110 4192 pro
1137 4111 1293 4177 virtutibus
1323 4113 1409 4178 sicia.
1442 4113 1471 4173 id
1499 4120 1547 4172 est
1575 4130 1653 4190 pron

336 4213 452 4275 Christo
475 4216 531 4276 deo
546 4215 757 4276 Antichristum
774 4214 936 4276 diabolum.
1002 4212 1129 4283 ‘Mirum
1154 4214 1218 4274 talis
1233 4232 1300 4274 cum
1323 4215 1372 4284 sis,
1396 4213 1460 4273 inec
1482 4231 1572 4290 pesae
1586 4213 1626 4273 io·

335 4317 386 4391 qui
407 4322 437 4374 te
459 4317 592 4385 interim,
615 4318 658 4377 sic
679 4317 806 4393 fingere,
829 4317 871 4377 sic
893 4315 1031 4378 simrdare
1055 4322 1085 4376 et
1100 4314 1293 4378 dissimulare.
1359 4315 1489 4376 ‘Secura
1505 4313 1568 4376 ruit
1581 4333 1627 4374 re·
1708 4303 1709 4353 i

336 4432 426 4492 gnare
454 4415 606 4484 ltecimus;
635 4416 687 4477 sed
716 4436 818 4478 vereor
846 4424 878 4491 ut
904 4418 998 4496 possit
1024 4419 1067 4478 sic
1094 4423 1240 4477 commota
1263 4417 1430 4478 Germania.
1497 4411 1626 4494 'Quippe

336 4517 414 4577 urrde
436 4517 527 4577 tames
549 4524 592 4596 tot
614 4518 927 4580 reverendissimorum
951 4525 980 4580 et
1001 4519 1124 4598 penuria
1140 4519 1195 4598 ipsi
1211 4517 1330 4578 domiuo
1345 4517 1487 4577 imminet.
1554 4517 1626 4576 'Fa-

402 4671 446 4712 Μ·
460 4669 503 4719 cf.
517 4670 584 4720 Luc.
599 4670 646 4719 lx.
660 4669 1027 4722 eu.loann.111.tt.xl1.48.
1077 4667 1095 4702 ¹¹
1110 4667 1391 4733 ermentrudem.
1440 4667 1461 4700 ¹⁰
1481 4667 1626 4719 eternum.
1707 4709 1708 4716 ,

336 4757 520 4808 ΧΧΙι’.4.ιιι.
556 4752 578 4786 ²¹
591 4755 663 4818 Quid
676 4753 935 4820 etc.]ler.11.33.eq.
971 4751 1254 4805 ”lemxxxllnln
1291 4749 1624 4816 ''PauLladCul-llili.
1707 4737 1708 4760 ¹
