3468 5512
685 1159 742 1212 AD
753 1160 878 1210 DEND
889 1161 913 1210 A
1098 1160 1134 1213 ad
1151 1161 1205 1214 vol.
1218 1164 1255 1214 11.
1268 1179 1332 1230 pag.
1345 1164 1403 1220 428.
1503 1161 1509 1172 '

273 1247 408 1298 ERattMI
426 1247 507 1300 ROT.
526 1251 576 1340 AD¹
593 1251 836 1305 MEROVRINVM
856 1253 1109 1304 GATTINARIVM
1126 1254 1315 1308 EPISTVLA.

149 1551 329 1563 ιιι-
1350 1567 1440 1576 ..ι-.-

169 1497 307 1534 neriam-
623 1469 971 1548 CCCLXXVIII.*
1145 1585 1151 1595 .
1206 1501 1419 1548 ao.araas.1s2e.

237 1640 263 1696 S.
280 1641 307 1697 P.
324 1641 496 1700 celsitudinis
520 1655 572 1704 tuae
593 1646 700 1706 litteras
722 1655 764 1710 πθ.
788 1646 909 1706 octobris
931 1647 1007 1704 datas
1029 1644 1119 1720 recepi
1146 1647 1197 1704 sub
1225 1648 1303 1708 finem
1325 1652 1435 1726 Aprilis.

128 1725 284 1800 tEquidem
306 1745 357 1801 pro
379 1728 526 1802 diplomate
548 1733 691 1806 impetrato
714 1735 828 1808 qratiam
851 1733 936 1788 babeo
958 1731 1098 1789 maximam
1121 1740 1149 1788 et
1164 1731 1291 1792 Geraneae
1306 1735 1437 1796 llaiestati

149 1819 178 1866 et
202 1819 255 1870 tuae
277 1812 304 1868 in
327 1830 369 1868 me
390 1813 601 1890 benevolentiis,
631 1836 784 1893 quanquam
811 1817 880 1875 nibil
909 1835 941 1874 eo
963 1816 1116 1892 proiectum
1139 1827 1193 1882 est,
1221 1821 1367 1896 nisiquod
1390 1824 1436 1878 iri·

151 1895 201 1950 tati
224 1896 371 1954 crabrones
393 1900 482 1956 acrius
503 1903 625 1960 saeviunt.
669 1905 723 1961 Nec
745 1904 885 1980 pensionis
908 1901 962 1959 ulla
977 1920 1040 1978 spes
1056 1903 1224 1974 petenditur.
1247 1905 1300 1962 nisi
1315 1923 1435 1972 reverso,

149 1996 236 2052 eaque
258 1997 372 2054 prorsus
395 1984 507 2042 incerta.
550 1989 632 2062 Atqui
661 1990 684 2044 si
712 1990 823 2048 morbus
850 2005 905 2044 non
933 1987 999 2043 satis
1026 1995 1135 2044 excusat
1162 2005 1248 2046 meam
1278 1991 1434 2056 absentiam,

149 2072 225 2121 certe
243 2081 301 2120 res·
314 2067 341 2121 in
357 2065 496 2125 Germania
512 2080 597 2144 gestas
612 2073 746 2131 debebant
767 2093 782 2131 a
803 2075 900 2132 damno
924 2072 1064 2128 vindicare.
1109 2072 1248 2131 lteclarant
1270 2093 1330 2132 esse
1352 2078 1435 2134 veris·

114 2149 249 2205 rosinam
272 2151 344 2224 quod
366 2151 465 2218 dicam.
489 2155 685 2215 lateranorum
708 2160 734 2216 in
758 2175 799 2216 me
821 2157 958 2218 fremitus,
982 2157 1146 2230 profitentur
1167 2167 1195 2214 et
1216 2160 1381 2234 exprobrant
1403 2162 1435 2218 li·

148 2233 230 2290 bellis
252 2235 375 2299 rabiosis,
399 2247 500 2312 preater
522 2240 590 2298 alios
605 2243 754 2307 Huttenus,
778 2245 849 2300 Otbo
864 2240 1064 2305 Brunsleldins,
1087 2251 1228 2316 postremo
1243 2245 1360 2304 Luterus
1376 2247 1434 2322 ipse

148 2319 196 2391 qui
219 2319 293 2376 iusto
315 2321 450 2381 volumine
473 2328 614 2400 respondit
637 2345 703 2386 mem
732 2329 870 2390 diatribae,
899 2327 945 2383 sed
975 2327 1013 2382 sic
1043 2335 1073 2384 ut
1101 2328 1214 2385 antebac
1245 2330 1271 2384 in
1298 2333 1433 2388 neminem

147 2403 289 2477 scripserit
311 2405 451 2472 hostilius,
473 2412 607 2469 neminem
630 2415 752 2470 extitisse
776 2415 821 2488 qui
843 2412 928 2486 magis
951 2411 1090 2470 obstiterit
1105 2412 1248 2487 Evangelio
1256 2415 1325 2477 ,nsic
1341 2416 1433 2492 appel·

148 2486 206 2544 lant
229 2489 344 2546 heresim
366 2510 456 2556 suani,
480 2512 559 2569 quana
582 2498 716 2555 Erasmus.
761 2500 891 2556 detentor
912 2497 964 2552 boc
985 2497 1167 2568 cordatissimi
1183 2500 1283 2574 quique
1298 2505 1433 2559 neminem

6 2636 12 2648 .
112 2575 237 2646 ¹⁵magis
260 2576 375 2648 fregisse
398 2578 512 2653 spiritus
534 2581 834 2658 Luteranorumquam
857 2599 906 2638 me.
950 2581 1004 2638 Nec
1026 2581 1132 2640 interim
1154 2600 1337 2642 commemoro
1352 2603 1433 2660 quam

145 2656 248 2714 multos
270 2662 381 2718 secretis
402 2663 548 2738 colloquiis
570 2676 616 2724 aut
638 2667 763 2742 epistolis
790 2668 831 2726 vel
861 2667 1006 2723 revocarim
1034 2667 1176 2731 seductos,
1204 2669 1245 2724 vel
1273 2671 1431 2730 retinuerim

146 2741 310 2800 vacillantes.
354 2746 387 2804 Et
408 2748 467 2806 baec
494 2751 580 2808 audeo
608 2753 635 2809 in
662 2769 694 2810 ea
716 2754 864 2812 Germaniae
891 2759 982 2827 parte,
1012 2751 1038 2807 in
1066 2753 1143 2808 cuins
1170 2753 1289 2813 confinio
1318 2757 1432 2814 manure

145 2835 242 2900 regnat
264 2830 354 2887 lartio.
400 2831 504 2892 Utinam
526 2836 614 2895 Caesar
636 2847 778 2912 pemosset
801 2855 908 2896 omnem
929 2837 1035 2910 negocii
1058 2845 1173 2896 statum:
1201 2856 1257 2896 non
1279 2839 1368 2898 solum
1391 2844 1432 2900 iu·

144 2911 249 2968 dicaret
271 2931 312 2970 mc
335 2916 473 2990 indignum
496 2922 540 2995 qui
565 2923 674 2982 lrauder
696 2925 842 2999 pensione,
870 2923 917 2980 sed
935 2922 1018 2978 'ultro
1048 2923 1148 2980 maiora
1175 2924 1295 2983 deterret
1322 2932 1431 3002 praemia

110 3005 138 3045 2⁰
146 3011 247 3070 magno
269 3000 366 3074 capitis
389 3003 510 3075 periculo
532 3024 593 3063 cum
616 3003 722 3082 potenti
745 3011 862 3068 lectione
884 3008 1059 3082 depugnanti.
1097 3009 1136 3066 Ac
1156 3009 1222 3065 mibi
1245 3011 1353 3084 quidem
1375 3013 1431 3070 sui·

144 3081 201 3138 licit
223 3082 293 3140 bena
314 3087 478 3144 conscientia
501 3099 529 3152 et
551 3093 723 3166 praemiorum
746 3093 863 3170 largitor
884 3093 1020 3156 cluimus,
1044 3109 1124 3166 quem
1146 3095 1178 3150 ad
1200 3099 1310 3153 modum
1324 3098 1369 3171 pie
1385 3108 1431 3156 tua

143 3176 238 3224 monet
260 3169 418 3242 prudentia,
441 3175 488 3230 sed
511 3176 619 3234 interim
642 3197 655 3234 a
679 3188 757 3252 tergo
780 3181 926 3238 confossos
948 3197 963 3234 a
985 3195 1051 3235 meae
1073 3181 1159 3253 partis
1180 3179 1352 3246 bominibus,
1375 3200 1430 3240 non

143 3251 267 3309 sustineo
289 3254 342 3310 vim
364 3263 392 3312 et
413 3257 542 3333 impetum
565 3263 788 3322 adressariorum.
832 3265 960 3322 latomus
983 3264 1034 3320 iam
1056 3265 1161 3336 pridem
1183 3265 1344 3341 implacabili
1367 3269 1429 3324 odio

143 3333 264 3404 laborat,
289 3346 345 3395 tum
368 3342 460 3400 inme
484 3351 540 3402 tum
563 3347 590 3402 in
614 3347 697 3404 bonas
720 3350 832 3407 litteras.
877 3351 902 3406 ls
925 3349 1037 3421 instigat
1058 3348 1187 3406 decanum
1210 3358 1238 3406 et
1259 3351 1337 3414 alios,
1359 3369 1430 3426 praa·
1486 3409 1489 3414 .

107 3421 239 3478 ²⁵sertim
270 3424 430 3490 monachos,
460 3445 575 3502 quorum
604 3433 788 3492 immoderatis
815 3425 955 3492 allectibus
984 3434 1035 3488 nisi
1063 3434 1268 3491 monarcbarum
1297 3439 1429 3511 sapientia

143 3505 238 3562 lrenos
261 3503 398 3572 iniecerit,
427 3522 500 3570 recta
524 3517 634 3572 tendent
657 3519 682 3573 in
706 3519 805 3576 exitum
829 3519 983 3594 linguarum
1005 3535 1036 3573 ac
1057 3518 1195 3591 politioris
1217 3519 1378 3578 litteraturae
1401 3531 1428 3578 et

142 3589 194 3646 sub
210 3593 335 3665 specioso
356 3594 438 3652 titulo
461 3599 594 3658 laedentur
615 3603 726 3658 innoxii.
762 3604 797 3660 Ea
821 3622 865 3660 res
887 3610 1070 3677 preterquam
1092 3605 1164 3676 quod
1187 3605 1355 3679 iniquissima
1377 3616 1427 3670 est,

140 3675 304 3734 corroborat
326 3679 407 3736 etiarn
429 3685 532 3756 parteis
553 3685 645 3742 Lutcri
674 3696 702 3744 et
727 3705 777 3762 pro
799 3689 900 3746 butero
922 3695 1028 3760 pugnat
1050 3687 1172 3762 quisquis
1194 3707 1266 3746 nunc
1287 3691 1428 3766 impugnat

141 3757 292 3818 Erasmum.
336 3766 530 3837 providendum
553 3779 581 3827 et
602 3772 654 3828 hoc
676 3772 860 3848 principibus,
890 3783 921 3831 ut
952 3789 1091 3846 oppresse
1114 3775 1238 3833 lectionis
1261 3775 1350 3848 gloria
1371 3793 1426 3834 non
1484 3829 1492 3852 ,

104 3845 220 3902 wcedat
243 3846 269 3902 in
293 3847 436 3908 utilitatem
460 3855 642 3926 quorundam,
666 3857 711 3932 qui
734 3875 812 3916 suum
835 3868 919 3934 agunt
939 3858 1099 3931 negocium,
1122 3860 1170 3916 sed
1191 3863 1218 3916 in
1233 3860 1368 3934 publicam
1383 3880 1426 3920 ec·
1520 3875 1532 3896 ‘'

139 4025 216 4077 Inter
234 4027 306 4079 alies
325 4031 413 4083 udhnc
432 4035 552 4088 ineditas
569 4039 677 4090 Erasmi
696 4041 864 4109 aliorumque
883 4042 1030 4108 epistulas,
1056 4057 1124 4106 qncs
1142 4059 1159 4093 a
1176 4059 1203 4095 v.
1223 4045 1257 4094 cl.
1276 4045 1426 4099 Huebnero

138 4112 322 4178 transcriptus
340 4115 498 4172 Theodorus
516 4121 698 4176 Mommsenus
715 4143 822 4178 mecum
840 4129 1064 4191 commmricavit,
1084 4127 1155 4178 hanc
1173 4129 1325 4181 Hnttennm
1343 4133 1425 4184 ctiam

140 4201 349 4261 memorantem,
374 4206 460 4253 totam
477 4205 586 4256 Eresmi
605 4225 686 4260 manu
705 4213 852 4277 scriptam,
871 4213 1000 4263 exhibere
1018 4213 1106 4264 visum
1129 4219 1184 4278 est,
1209 4230 1269 4266 curn
1286 4231 1343 4282 pree
1362 4219 1426 4269 aliia

138 4279 276 4330 bominem
300 4285 358 4336 anis
376 4287 513 4340 coloribus
532 4291 674 4360 depingat.
709 4297 795 4347 Extat
811 4297 924 4349 Madriti
941 4299 1013 4348 inter
1033 4298 1134 4348 ‘Certae
1151 4301 1183 4350 de
1200 4317 1308 4352 nareae:
1324 4305 1426 4355 dusares

137 4365 255 4432 deleiplo
267 4371 346 4431 m),
366 4371 394 4422 in
407 4373 582 4426 Bibliotheca
595 4379 762 4432 Academica
781 4397 805 4432 a.
821 4381 893 4433 1518.
914 4399 947 4475 ep
966 4384 1061 4435 erchio
1079 4383 1245 4438 Simancano
1263 4388 1424 4441 mandatas.

681 4465 736 4516 Eat.
752 4469 792 4520 18.
806 4468 841 4519 u⁰.
856 4474 881 4520 5.
934 4478 937 4489 '

970 4532 1200 4552 -ὴ-

207 4634 228 4668 ¹²
244 4636 356 4706 volum]
374 4643 416 4692 Dc
430 4658 508 4696 servo
522 4647 647 4700 arbitrio.
682 4617 733 4704 css
740 4655 847 4706 Erasini
867 4657 900 4707 ed
918 4660 1031 4711 Luther.
1046 4663 1126 4727 epist.
1140 4663 1227 4716 Bceil.
1240 4664 1266 4715 d.
1282 4664 1321 4715 ll.
1334 4667 1422 4732 April.

139 4735 165 4770 a.
180 4719 254 4771 1526.
268 4722 324 4772 det.
339 4724 380 4775 ed.
394 4725 481 4796 Lugd.
495 4731 557 4782 But.
572 4732 646 4786 troo.
660 4735 697 4786 nl.
711 4753 820 4790 ncccvr.
873 4741 894 4774 ²¹
913 4746 976 4809 plac
994 4763 1084 4811 opopa.
1136 4745 1159 4778 ¹¹
1176 4751 1313 4811 confessis
1329 4767 1422 4816 apopr.

136 4801 159 4834 ²³
171 4805 317 4871 sulsti)neo
335 4826 426 4876 apopr.
479 4813 502 4847 ²⁶
519 4817 621 4868 exitum
640 4819 699 4884 (non
718 4825 840 4891 exitium)
859 4844 950 4893 opopa.
1001 4828 1024 4862 ²²
1041 4832 1167 4884 ledentur
1184 4853 1274 4900 apapr.
