3382 5516
575 1393 829 1446 FRAGMENTVM

467 1499 641 1558 ORATlONlS
663 1499 931 1560 sunonrsrontn

386 1617 434 1667 AD
453 1616 603 1666 BELLVM
621 1615 751 1666 TVRCIS
770 1614 1013 1666 INFERENDVM

326 1717 382 1779 nu
418 1715 756 1780 lldlllllllleNVll
784 1715 805 1776 l.
842 1715 1072 1780 sustituit.

46 1865 56 1900 s
537 1855 678 1898 incenso
702 1853 861 1898 serrone.

137 2009 293 2070 lurcorum
315 2027 381 2085 gens
405 2019 467 2068 ante
489 2028 574 2086 panca
597 2009 688 2068 secula
710 2009 777 2067 adeo
801 2009 916 2068 obscura
939 2009 1007 2076 luit,
1031 2019 1061 2090 pt
1085 2011 1135 2086 ipsi
1159 2013 1239 2068 ctiam
1255 2010 1403 2069 nirttassn.

63 2111 119 2152 ase
142 2113 185 2153 res
207 2104 300 2170 gestas
330 2095 468 2153 memoris
498 2096 593 2170 dignes
623 2103 685 2152 ante
708 2095 903 2158 Othmanuum
934 2097 980 2170 qui
1008 2097 1112 2172 primos
1141 2097 1210 2152 hane
1237 2105 1346 2170 gentem

64 2173 350 2244 illustravit,'narrare
371 2182 487 2256 possint.
530 2181 563 2237 Et
585 2179 649 2238 licet
675 2181 708 2238 de
738 2181 843 2254 origine
874 2181 933 2240 eius
963 2181 1034 2256 apud
1064 2182 1194 2238 authores
1216 2189 1224 2259 Ι
1245 2175 1346 2261 ξξξξξΜ

64 2283 147 2338 parurn
169 2273 293 2328 constet.
316 2283 374 2323 cam
397 2274 486 2322 tamen
509 2265 661 2342 Scythicam
683 2283 743 2323 esse
766 2276 794 2322 ct
821 2283 911 2322 mores
933 2275 961 2322 ct
982 2265 1076 2340 lingna
1105 2265 1278 2324 hauddubie
1301 2267 1346 2324 de·

39 2359 217 2408 remonstrant.
261 2349 366 2408 Plinius
389 2367 511 2425 quoque,
533 2351 710 2425 gravissimus
733 2361 830 2414 autur.
859 2351 886 2407 in
908 2351 971 2408 Asia
992 2351 1063 2408 circs
1084 2351 1235 2408 llaeotidem
1258 2351 1346 2410 lucum

63 2433 153 2492 lurcos
174 2453 265 2512 usque
287 2436 448 2494 solitudines
470 2437 575 2492 saxosis
596 2435 763 2492 convallibus
796 2453 907 2512 asperas
935 2435 1058 2493 accolere
1086 2435 1215 2512 prodidit.
1258 2437 1345 2512 lupri-

65 2521 109 2576 mis
130 2520 225 2595 itsque
248 2521 339 2596 inopie
362 2538 452 2584 rorum
475 2521 563 2578 coacti
585 2521 687 2578 ricinus
710 2521 834 2578 nationes
857 2521 1008 2580 latrociniis
1031 2522 1124 2596 potins
1152 2539 1233 2596 quem
1255 2521 1346 2598 legiti-

62 2606 106 2661 mis
125 2606 229 2680 praeliis
253 2606 436 2670 inlestarunt;
459 2623 520 2662 mos
543 2615 681 2664 crescente
704 2606 815 2662 audacia
836 2605 903 2663 duce
927 2607 1093 2670 ottinsund,
1116 2607 1173 2662 viro
1197 2605 1347 2663 bellicosis·

62 2691 121 2746 simo
144 2699 171 2748 et
192 2689 386 2754 callidissimo.
422 2707 477 2748 non
507 2689 596 2748 solnm
624 2699 655 2748 ut
684 2692 762 2766 prius
791 2692 893 2766 rapinis
916 2699 944 2748 et
974 2690 1189 2753 incursionibus.
1218 2692 1266 2748 sed
1293 2692 1344 2748 inm

40 2784 152 2848 uaperto
174 2776 259 2832 llarte
282 2775 466 2833 conterminos
489 2776 606 2852 populos
630 2777 792 2834 invaserunt.
815 2776 897 2832 Cuius
919 2791 1062 2833 successor
1083 2776 1181 2833 Ochum
1199 2768 1346 2848 lfflgfffl·
1359 2785 1405 2837 §.t-

66 2858 203 2917 inteliciter
225 2869 321 2918 contra
344 2860 473 2918 Tartarus
503 2877 627 2936 pugnans
655 2879 715 2918 cnm
744 2859 837 2918 multis
866 2861 976 2936 populis
1004 2862 1095 2934 gentis
1124 2879 1180 2918 sure
1211 2861 1346 2918 occubuit.

62 2943 118 3000 Post
140 2963 220 3020 quem
242 2945 374 3004 Amoratlt
397 2947 484 3003 lactus
506 2947 655 3020 imperator
677 2945 722 3002 ubi
746 2947 783 3002 ita
807 2947 948 3020 imperium
964 2947 1052 3008 struit.
1076 2956 1106 3002 ut
1122 2963 1207 3020 nsque
1226 2947 1256 3002 ad
1272 2947 1345 3002 Pon·

64 3037 113 3086 turn
134 3027 216 3105 longe
239 3029 348 3104 lateque
372 3029 439 3087 lines
462 3047 528 3088 suos
551 3032 723 3094 extenderet.
751 3026 1006 3089 delitum'naturae
1035 3029 1175 3108 persolvit.
1220 3031 1347 3088 Succedit

63 3113 116 3171 hnic
136 3115 278 3191 llayazitlr.
302 3116 349 3190 qui
372 3133 432 3172 cum
455 3116 514 3190 pari
537 3115 646 3174 audacia
669 3115 798 3172 llnitimos
820 3113 939 3190 populos
962 3117 1141 3191 inquietaret.
1170 3125 1266 3191 captus
1289 3125 1347 3181 ten·

38 3197 117 3255 rodem
138 3217 153 3256 a
174 3217 275 3274 magno
299 3199 476 3258 Pamlrerlano
504 3217 565 3258 cum
595 3201 699 3273 ingenti
727 3200 803 3258 clade
831 3203 922 3275 gentis
951 3219 1007 3258 snm
1035 3201 1113 3258 linem
1142 3202 1261 3262 andaciae
1289 3219 1346 3258 snae

64 3281 126 3340 lecit.
169 3285 236 3344 Post
265 3301 346 3360 quem
376 3293 495 3360 quatuor
524 3285 703 3361 imperatores
733 3295 939 3350 successerunt.
975 3287 1021 3362 qui
1051 3286 1170 3360 quamvis
1199 3285 1231 3343 de
1264 3294 1406 3360 gestent.

63 3369 182 3428 Othmana
205 3387 260 3426 non
292 3369 410 3428 luissent
435 3369 571 3434 celebres.
602 3380 690 3427 tsrncu
713 3369 782 3426 bella
806 3379 960 3444 gesserunt.
991 3383 1051 3428 nam
1072 3370 1170 3444 Cclcby
1199 3369 1353 3426 multorom·

63 3454 218 3528 populorum
241 3457 328 3512 victor
349 3464 455 3532 partem
478 3471 589 3530 quoque
612 3457 790 3529 Trapezuntis
813 3455 983 3530 subiugavit;
1013 3454 1172 3516 Soleimam.
1202 3455 1245 3511 cni
1269 3457 1346 3512 Pam·

64 3537 179 3598 berlsnus
202 3539 336 3598 tributum
359 3541 501 3616 rependit;
525 3539 614 3598 Ochan
638 3540 787 3603 secundus.
817 3541 864 3614 qui
893 3539 992 3600 multas
1016 3540 1096 3597 urlres
1118 3541 1189 3596 Asiae
1217 3547 1245 3595 ct
1267 3539 1347 3598 Ponti

37 3627 231 3699 nerpugmvir:
254 3625 329 3682 lluse
352 3634 442 3683 sutem
464 3643 525 3683 cum
541 3626 676 3682 Oritanum
699 3625 762 3681 dolo
786 3626 983 3689 interemisset,
1008 3641 1131 3698 magnam
1153 3633 1257 3699 partem
1274 3625 1344 3684 dsiae

65 3707 177 3767 insuam
200 3711 332 3767 ditionem
355 3711 469 3786 redegit.
512 3712 580 3767 Post
600 3709 702 3768 llusem
726 3710 831 3768 culmen
855 3711 960 3786 imperii
984 3710 1016 3766 ad
1039 3717 1145 3784 gentcm
1169 3708 1345 3766 lltlrmnnnnm
1359 3719 1406 3771 §.c

64 3792 145 3850 rediit:
167 3795 304 3852 llahouret
325 3795 417 3870 itaque
440 3811 472 3852 ex
494 3795 585 3854 endem
609 3803 690 3870 gente
712 3797 818 3870 potitus
841 3795 954 3872 imperio
977 3793 1141 3857 Saracenos,
1166 3793 1345 3868 Georgianos,

63 3875 163 3943 Persas,
187 3881 359 3956 Cappadoces
382 3881 464 3938 variis
487 3881 590 3955 praeliis
613 3880 698 3943 ludit.
730 3897 884 3956 nomenque
908 3881 1057 3938 'lurcorum
1087 3879 1122 3934 ita
1144 3878 1252 3936 celebre
1274 3879 1347 3942 lecit.

64 3969 89 4016 nt
108 3963 156 4021 iam
179 3974 276 4040 gentes
298 3963 414 4040 Europae
437 3964 504 4023 illud
527 3964 743 4022 reformidarent.
788 3965 869 4023 Cuius
893 3965 978 4022 lrster
1000 3963 1145 4026 Amomth.
1174 3965 1220 4038 qui
1244 3965 1348 4038 primus

38 4043 200 4108 tdumorum
224 4049 250 4106 in
266 4047 402 4125 Europum
425 4067 485 4108 conr
508 4052 629 4108 exercitu
653 4051 772 4116 traiecit,
797 4051 890 4106 multis
913 4066 1004 4124 regnis
1021 4049 1135 4125 llrrropae
1156 4049 1268 4106 devictis
1291 4067 1346 4106 mc·

64 4133 176 4191 morabili
201 4133 250 4192 illo
272 4135 369 4210 praelio
397 4135 429 4192 ad
445 4135 566 4192 'Vernnm
591 4133 755 4192 Vlndislmrm
784 4135 962 4192 fortissimum
990 4152 1083 4210 regem
1112 4133 1258 4208 llnngariae
1287 4153 1348 4193 cnm

628 4259 780 4278 —h—

164 4318 206 4368 Ex
224 4317 360 4368 Reosneri
376 4318 411 4369 ds
429 4317 504 4370 bello
522 4317 642 4368 'Pnrcico
660 4319 760 4369 verior.
776 4323 881 4368 suntor.
895 4317 949 4369 vol.
963 4318 1009 4368 IV.
1026 4317 1048 4368 1.
1062 4316 1235 4382 p.102...115.

511 4386 1043 4402 -ω--·-“·--.-ι--
1065 4389 1073 4394 -
1083 4387 1257 4394 --.—....—-.

123 4449 214 4504 ‘Veri
232 4451 300 4503 milri
318 4453 427 4505 ridetur
444 4453 614 4506 simillimum
633 4454 718 4506 etiarn
736 4453 816 4505 huius
835 4455 1027 4506 commentorii
1038 4452 1229 4520 Tranquillum
1243 4453 1347 4504 Andro·
1400 4530 1402 4534 ι

66 4533 146 4586 nicom
164 4543 305 4590 auctorem
325 4553 395 4590 osse.
433 4537 454 4574 ¹⁰
471 4538 544 4590 Plin.
557 4541 593 4590 H.
605 4541 638 4590 N.
652 4539 700 4589 VI.
713 4538 738 4588 l.
752 4543 821 4588 sect
835 4538 859 4591 7.
907 4537 928 4574 ¹⁸
947 4538 1139 4600 extenderem
1158 4543 1189 4590 n.
1242 4536 1347 4588 ”nont

65 4615 171 4672 Constet
183 4627 276 4674 tamen
289 4621 478 4674 Suleimonum
490 4625 521 4686 1.,
535 4625 643 4675 Mosam
654 4621 805 4676 Tsehclebi
818 4629 849 4676 et
858 4621 1043 4675 Mohometem
1056 4624 1077 4674 1.
1092 4623 1254 4676 Bsissetlais
1266 4623 1348 4684 filios,

10 4697 15 4716 '
65 4699 231 4760 lnorstlrean
242 4707 277 4760 11.
297 4707 420 4758 stactem
437 4715 568 4774 nepotem
587 4723 658 4760 esso.
683 4709 774 4760 Locus
792 4723 876 4759 sanos
894 4723 948 4762 non
965 4707 1082 4760 videtur.
1130 4708 1255 4760 celebres
1266 4711 1347 4758 sien.

63 4783 120 4846 sort.
133 4789 251 4844 Celebes
265 4793 282 4842 l.
296 4807 318 4842 e.
337 4791 473 4844 Temnos.
