3468 5512
817 425 821 434 '
834 425 1045 483 Pannonius.
1357 455 1366 482 ι

364 591 401 642 Hi
419 591 516 642 Floras
539 597 567 643 et
583 591 792 656 Elegantiarum
816 591 895 643 do'res
919 597 946 642 et
964 590 1099 653 Flosenli,
1124 605 1179 641 non
1202 591 1313 654 nescio,
1337 597 1386 640 aut
1410 588 1512 640 nullius
1535 597 1585 640 ant

298 675 456 743 perparvuli
481 682 537 726 tam
560 693 609 744 per
632 693 662 728 se
685 692 765 742 qnam
790 676 825 726 ad
843 675 956 726 Sallusti
975 675 1107 740 Curiique
1131 675 1215 726 crisin
1239 673 1397 726 faciendam
1420 688 1486 724 usus
1506 681 1584 736 sunm

297 769 389 812 tamen
409 777 456 813 eos
474 778 527 812 neu
546 763 655 812 omnine
672 763 893 828 praetermittere,
913 759 961 811 sed
979 759 1131 826 particulas
1149 775 1203 810 uon
1221 759 1312 809 nullas
1330 774 1399 826 quse,
1421 761 1499 810 cuius
1512 759 1586 809 medi

298 846 340 897 illi
358 847 421 909 siut,
440 847 591 898 lectoribus
609 847 790 898 informandis
809 839 963 908 sufficiant,
983 851 1109 911 repetere
1128 845 1228 906 debeo,
1248 851 1306 895 tum
1324 845 1395 910 quod
1413 845 1516 911 sepius
1535 861 1585 910 per

295 932 425 982 saeculum
437 929 511 984 XVl'.
521 933 615 984 herum
628 933 808 983 indiculorum
822 932 898 982 iacta
910 933 1041 996 repetitio
1054 930 1164 982 eosdem
1178 929 1296 980 alicuius
1308 931 1391 996 pretii
1404 946 1421 980 a
1434 931 1585 980 maioribus

296 1018 398 1067 nostris
415 1016 525 1068 habitos
544 1031 604 1068 esse
623 1018 758 1082 ostendit,
777 1024 833 1068 tum
851 1017 922 1083 qnod
940 1017 1120 1066 Hutteniauae
1138 1014 1304 1082 diligentiae,
1325 1019 1451 1083 quamvis
1469 1015 1585 1081 puerilis

297 1118 332 1151 ea
351 1101 440 1152 doctis
458 1101 613 1154 bominibus
625 1119 697 1153 nuuc
709 1103 843 1165 videatur,
864 1103 1049 1152 testimenium
1057 1101 1192 1168 praebent,
1212 1116 1266 1151 non
1278 1102 1416 1166 ingratusne
1430 1101 1498 1152 illud
1511 1101 1585 1151 anti·

298 1187 413 1251 quitatis
430 1188 561 1239 studiosis
580 1193 607 1238 et
626 1189 696 1254 quod
715 1187 828 1239 silentio
846 1203 901 1238 non
919 1187 1074 1255 praeteribit
1092 1185 1136 1250 qrri
1155 1185 1305 1238 studiorum
1323 1188 1431 1238 inveuIa
1449 1188 1538 1252 ipsius
1556 1187 1585 1235 in

298 1272 363 1320 flere
387 1273 478 1321 aetatis
502 1271 603 1322 litteris
627 1273 714 1339 erepti
738 1275 873 1324 rationem
897 1287 931 1322 ac
954 1272 1061 1323 medum
1086 1271 1245 1322 describere
1262 1270 1347 1322 volet
1382 1273 1443 1335 Quo
1461 1277 1585 1336 tempore

297 1357 326 1406 bi
345 1356 450 1407 iudices
468 1359 565 1422 scripti
583 1360 652 1420 sint,
679 1373 739 1408 cum
762 1358 859 1423 quibus
878 1353 1070 1408 historicorum
1089 1355 1223 1422 exemplis
1246 1357 1426 1422 excerpendis
1444 1357 1586 1406 lluttenns

296 1456 362 1492 usus
379 1443 429 1502 sit,
453 1458 508 1491 nen
531 1443 600 1492 satis
619 1441 749 1492 adcurate
769 1441 882 1494 delinire
906 1443 1008 1510 possim
1032 1442 1143 1506 (desunt
1165 1443 1238 1492 enim
1261 1441 1327 1492 mihi
1349 1457 1403 1492 uon
1426 1440 1503 1492 nulla
1527 1448 1585 1492 tam

297 1525 413 1577 Sallusti
432 1542 511 1598 quarn
531 1527 607 1577 Curti
628 1529 655 1577 in
674 1528 899 1592 conparationem
918 1527 1081 1578 advocanda
1099 1527 1226 1594 exempla
1243 1542 1329 1592 usque
1347 1527 1382 1577 ad
1401 1543 1427 1576 a.
1442 1525 1517 1578 1518.
1537 1541 1585 1591 pn-

296 1613 421 1676 blicata),
442 1612 534 1662 dicere
554 1628 625 1664 nunc
643 1629 698 1663 uou
716 1613 818 1676 babeo,
838 1613 866 1662 id
885 1619 977 1662 autem
996 1618 1058 1678 post
1070 1628 1096 1664 s.
1112 1610 1185 1669 1518.
1198 1611 1303 1662 lactum
1316 1627 1370 1662 nen
1388 1627 1450 1662 esse
1463 1612 1584 1662 Hutteni

296 1700 383 1749 vitam
402 1698 601 1762 contemplanti
619 1713 668 1763 per
685 1713 714 1746 se
733 1699 801 1748 antis
819 1703 923 1747 eertum
937 1712 997 1748 esse
1010 1681 1158 1747 lidebitur.
1196 1702 1316 1747 ceterum
1330 1713 1363 1748 ex
1376 1697 1470 1747 Indice
1484 1695 1585 1746 biblie-

296 1783 428 1848 grapbico
452 1783 622 1832 Hutteniano
646 1784 688 1848 (p.
701 1779 762 1832 86⁸.
776 1799 834 1848 sqq.
847 1797 874 1833 n.
889 1783 984 1832 XLVI.
998 1782 1128 1842 XLVII.)
1154 1787 1250 1847 sponte
1279 1781 1395 1848 adparet
1419 1780 1585 1844 Hnttennm,

297 1883 358 1918 cum
376 1869 490 1933 primurn
509 1868 537 1916 bi
555 1867 665 1918 ludices
684 1867 837 1927 ederentur,
857 1868 971 1917 iamdiu
985 1867 1083 1918 exbae
1102 1866 1160 1916 vita
1179 1869 1271 1917 exisse
1289 1865 1363 1930 (nam
1381 1865 1416 1916 de
1434 1864 1585 1915 Basilisnsi

297 1953 374 2002 Curti
392 1952 516 2017 exemplo
534 1969 560 2002 a.
581 1951 655 2003 1517.
679 1953 753 2004 edito
777 1952 869 2017 paullo
893 1957 954 2017 post
976 1953 1091 2016 dicam),
1110 1967 1205 2018 ‘neque
1229 1953 1371 2017 quisquam
1394 1950 1585 2016 suspicabitur

296 2040 384 2104 ipsum
403 2043 550 2094 auctorem,
569 2035 699 2103 quantam
713 2051 827 2103 cumque
841 2041 950 2088 etatem
964 2038 1115 2103 attigisset,
1134 2037 1189 2088 uisi
1202 2037 1272 2088 forte
1284 2037 1405 2086 indicum
1418 2035 1480 2086 loco
1492 2051 1584 2085 exem·

295 2123 349 2189 plis
362 2121 476 2172 Sallusti
489 2120 602 2172 Curtive
623 2117 771 2188 aliquande
791 2139 807 2172 a
826 2136 855 2172 se
876 2121 989 2172 edendis
1007 2121 1179 2181 adiciendos,
1198 2122 1247 2173 bos
1265 2122 1363 2172 Floras
1375 2121 1583 2186 Flosenlosque,

296 2223 363 2274 quos
381 2224 435 2259 nou
453 2208 506 2258 nisi
529 2213 559 2258 ut
585 2223 614 2258 se
639 2213 782 2258 exerceret
805 2207 978 2271 erudiretque
1001 2209 1061 2274 ipse
1085 2207 1192 2258 calamo
1216 2211 1376 2273 exceperat,
1401 2221 1529 2271 umqum
1555 2207 1583 2255 in

296 2293 434 2360 publicum
459 2292 593 2342 editurum
623 2293 718 2342 luisse.
754 2293 846 2342 Etiam
878 2292 1094 2356 ‘Elegantiarum
1119 2291 1222 2343 l‘leres’
1253 2308 1286 2342 ex
1310 2291 1405 2342 Curtio
1437 2295 1583 2356 excerptos

296 2377 422 2444 (quornm
445 2379 574 2443 primam,
598 2377 716 2450 mediam
736 2382 764 2427 et
781 2377 958 2428 novissimam
977 2376 1140 2442 particulam
1158 2393 1184 2442 p.
1199 2375 1257 2427 504.
1277 2377 1451 2428 exhibuimus
1470 2393 1503 2426 ex
1522 2377 1580 2426 adi·

295 2465 371 2514 tione
383 2463 539 2514 Basileensi
558 2479 584 2512 a.
600 2461 672 2512 1545.
686 2462 839 2528 publicata)
857 2463 963 2529 pariter
982 2468 1065 2528 atque
1083 2462 1268 2514 Sallustianos
1292 2461 1420 2513 flosculos
1438 2462 1466 2512 in
1484 2461 1582 2512 Indice

294 2548 514 2614 bibliographice
533 2547 768 2606 memoravisssm,
793 2549 817 2598 si
840 2563 891 2613 quo
915 2553 1036 2612 tempore
1056 2545 1145 2596 editus
1165 2551 1214 2608 est,
1235 2553 1328 2597 extare
1351 2547 1499 2597 novissem.
1533 2546 1583 2596 sed

293 2650 381 2700 nuper
400 2633 529 2700 primum,
547 2648 607 2686 cum
627 2632 680 2682 duo
699 2631 824 2700 exempla
843 2633 932 2692 Curti,
957 2649 1017 2699 quse
1036 2625 1097 2682 bum
1116 2633 1146 2682 iu
1164 2632 1313 2698 Bipontina
1330 2631 1438 2682 Notitis
1455 2631 1583 2684 literaria

295 2720 328 2768 de
347 2719 380 2780 Q.
394 2717 488 2768 Curtio
505 2733 559 2768 nou
578 2723 785 2776 recenseantur,
804 2717 897 2784 paullo
915 2723 980 2784 post
998 2718 1157 2768 adcuratius
1175 2717 1319 2778 indicabo,
1343 2719 1372 2766 in
1390 2732 1487 2768 manus
1504 2732 1582 2768 meaa

294 2904 405 2954 rumque
424 2889 565 2953 specimen
583 2889 657 2938 infra
674 2888 797 2952 (petil.)
817 2888 967 2938 exhibitum
991 2893 1046 2950 est,
1071 2887 1194 2939 diversos
1212 2903 1282 2938 esse.
1318 2889 1348 2937 Si
1367 2887 1434 2938 fides
1451 2887 1581 2937 habenda

295 2977 370 3024 esset
388 2972 429 3022 illi
441 2973 597 3038 Bipontina
614 2974 740 3035 Notitiae,
751 2973 789 3026 ,hi
809 2973 1025 3038 ‘Elegantisrum
1045 2969 1150 3022 l'lores’
1168 2973 1225 3022 iam
1243 2987 1270 3022 a.
1284 2971 1358 3022 1517.
1378 2973 1407 3022 in
1426 2972 1582 3022 basileensi

296 3057 373 3108 Curti
392 3056 529 3123 exemplo,
555 3057 626 3122 quod
644 3063 736 3106 tamen
755 3061 850 3108 extare
870 3063 918 3107 aut
937 3064 1011 3108 certe
1031 3062 1106 3108 recte
1126 3057 1166 3107 ibi
1185 3056 1304 3107 describi
1323 3059 1500 3122 negaverim,
1518 3073 1580 3123 pre·

295 3143 420 3194 ‹bissent
457 3142 565 3192 eosdem
584 3148 676 3192 autem
694 3143 722 3192 in
741 3141 873 3207 exemplis
892 3141 1219 3205 l)Basileensia.1534.
1239 3143 1265 3205 2)
1286 3142 1444 3194 Coloniensi
1463 3160 1491 3194 s.
1506 3141 1599 3194 15³8.-

294 3229 320 3292 3)
340 3227 499 3278 Coloniensi
517 3243 542 3278 a.
557 3226 630 3276 1542.
667 3233 762 3277 extare
781 3227 823 3277 illi
841 3228 954 3278 Notitiae
978 3227 1133 3278 adfirmanti
1157 3226 1241 3276 facile
1261 3227 1438 3290 crediderim
1462 3228 1526 3278 mibi
1546 3245 1580 3278 ex

293 3314 336 3364 his
349 3312 427 3364 Curti
446 3311 587 3378 exemplis,
607 3327 667 3376 quse
686 3311 861 3370 illaNotitia,
881 3315 910 3360 ut
922 3311 986 3372 dixi,
1007 3311 1194 3377 pretermisit,
1212 3311 1270 3361 noti
1288 3317 1365 3362 sunt:
1384 3317 1413 3376 Ι.)
1433 3315 1466 3376 Q.
1481 3311 1579 3380 cve-1

294 3415 336 3449 τιι
356 3413 411 3448 ara.
425 3415 450 3448 x.
466 3413 500 3447 na
519 3397 681 3461 saaxsnldri
699 3397 793 3462 Magni
812 3397 993 3450 Macedonum
1009 3395 1015 3460 Ι
1029 3396 1103 3461 regie
1122 3397 1210 3447 rebus.
1227 3393 1233 3464 Ι
1248 3395 1369 3458 Quorsus,
1395 3401 1438 3464 qui
1454 3400 1504 3448 toti
1518 3405 1580 3447 ien-

292 3485 474 3550 perminimis
492 3481 758 3544 intercider·1it,idao
774 3483 892 3548 priores,
911 3499 963 3532 erem
981 3489 1091 3530 caeteram
1108 3485 1302 3546 exemplarium,
1321 3488 1370 3532 taes
1386 3486 1390 3550 Ι
1406 3483 1517 3534 Απὶωιι·
1534 3484 1579 3532 Ni-

293 3569 430 3633 romedisia
453 3575 477 3618 et
497 3569 607 3618 Diodori
628 3565 707 3616 Sicuti
726 3565 873 3631 ptrue-llidio
895 3567 1006 3630 restituti
1024 3567 1091 3630 fiant.
1118 3561 1175 3631 ΙΙΙΙΙΙΙ
1201 3567 1265 3616 Item
1288 3565 1392 3630 Ertsrsi
1414 3570 1582 3620 Rormani

293 3661 477 3706 annotationes.
513 3652 548 3702 Et
571 3646 771 3718 elenando-irum
791 3651 870 3716 liores
890 3667 941 3715 per
963 3651 1130 3702 Hnidricbass
1150 3652 1289 3701 Huttenum
1309 3657 1313 3715 Ι
1333 3655 1440 3719 equitem
1460 3653 1576 3718 [εἱεοίὶΙ

294 3755 431 3790 assianae
450 3753 503 3788 rsa
521 3733 706 3800 nasas-leuvas
725 3751 845 3788 aaran.
863 3735 928 3796 '(8⁰.
940 3741 999 3786 min.
1013 3737 1159 3801 Sipuntem
1176 3734 1254 3790 e...d.
1266 3740 1330 3788 a...i.
1344 3737 1446 3788 A...Cc.
1479 3738 1512 3787 Ia
1525 3741 1578 3801 fiae

290 3841 352 3890 pap.
365 3822 424 3878 413.
438 3830 490 3873 eat:
509 3835 645 3872 assianae
657 3835 731 3872 arvo
744 3835 909 3872 aesarcnvss
924 3818 929 3888 Ι
945 3837 1063 3882 exessu,
1078 3835 1167 3872 sassa
1181 3837 1296 3872 ananie.
1311 3821 1315 3885 Ι
1331 3807 1577 3892 sitnm—saffi-xa—nl

293 3909 507 3975 Antepoenaitima
523 3912 547 3956 et
563 3908 709 3970 poenreitima
723 3899 827 3974 papinio
844 3913 947 3970 oncant,
967 3909 1051 3956 ultima
1063 3908 1159 3972 sipmon
1171 3913 1232 3970 eppo
1321 3907 1433 3972 'dabet.)
1468 3909 1578 3959 Duode-

294 3995 348 4044 cim
371 3993 460 4043 libelli
480 3992 548 4042 folia
567 3986 597 4056 [p
609 3986 740 4051 241164]
763 3988 792 4041 hi
812 3991 924 4040 ‘Flores'
944 3991 1089 4056 occupant.
1142 3991 1183 4055 ΙΙ.)
1202 3993 1248 4054 Q>
1338 3992 1391 4044 Tll
1406 3993 1412 4058 Ι
1419 3999 1462 4052 ΙΒΕ
1482 3999 1577 4042 GESTls

294 4077 476 4144 Alfi-lxssnas
497 4077 708 4140 saecularem
728 4093 780 4128 xrs.
795 4075 800 4138 Ι
817 4077 923 4137 Quom
942 4078 994 4141 (tt.)
1014 4074 1095 4145 ΙΙΙΙΙΙΙΙΙΙ
1115 4079 1194 4140 Item,
1213 4074 1320 4129 Eralmi
1332 4077 1508 4130 Reterodsmi
1524 4080 1577 4129 An-

293 4163 449 4212 notatioues
462 4160 504 4211 2&
524 4159 528 4226 Ι
548 4161 756 4226 Elegantiarunr
782 4163 860 4212 flores
883 4161 948 4214 Hul.
966 4162 1093 4224 Hutteni,
1113 4165 1140 4212 in
1159 4163 1290 4213 Curtium.
1311 4163 1317 4228 Ι
1337 4163 1484 4224 Postremo,
1509 4165 1576 4216 Hes.

294 4248 416 4297 Glaremsi
433 4247 628 4309 Anaotmiones,
647 4264 711 4297 aune
726 4248 730 4312 Ι
743 4249 849 4312 prinnina
865 4252 891 4298 in
908 4249 985 4297 lucem
1003 4249 1087 4306 editur,
1106 4249 1215 4298 adierim
1230 4249 1297 4312 funt.
1313 4245 1317 4315 Ι
1333 4247 1401 4299 Cum
1420 4247 1575 4316 locupletis·

293 4331 360 4384 limo
378 4346 466 4383 rarum
484 4321 630 4397 uerborinit
651 4330 754 4382 Indice.
776 4328 780 4395 Ι
799 4331 942 4392 Baesnsnr,
968 4347 1019 4382 ran
1036 4329 1040 4394 Ι
1056 4347 1220 4384 nassrcnvss
1240 4349 1330 4383 sarar.
1352 4331 1356 4398 Ι
1376 4332 1479 4399 (Sipus.
1491 4335 1576 4386 ΛΜΝ.

293 4433 364 4468 a...s.
376 4418 400 4468 Δ
412 4417 496 4468 s...H.
520 4418 584 4481 Pap.
598 4419 620 4466 1.
635 4420 713 4467 ultimi
721 4417 779 4480 solii
789 4417 878 4468 babet:
895 4414 1024 4476 Bellica,
1043 4418 1115 4482 apud
1128 4418 1295 4469 Henriebum
1310 4415 1315 4484 Ι
1329 4419 1416 4482 Petri,
1437 4435 1510 4470 anno
1522 4420 1576 4470 Do·

294 4503 360 4552 mini
376 4503 380 4566 Ι
396 4518 424 4554 ss.
444 4517 469 4551 n.
488 4517 545 4552 avr.
562 4500 608 4564 lia
622 4517 683 4566 pap.
703 4503 787 4552 arrosa
804 4509 843 4552 est
859 4500 1016 4568 typopropdi
1031 4501 1149 4567 amnon.)
1168 4507 1201 4552 16
1215 4505 1288 4566 folia,
1306 4507 1410 4570 Spania
1428 4504 1454 4554 B
1473 4505 1501 4556 C.
1518 4521 1576 4554 aaa·

291 4590 386 4637 tinena·
404 4587 445 4636 Ex
463 4587 495 4648 Q.
509 4585 605 4636 Curtio
623 4585 845 4652 ele-lgantiarum
863 4587 953 4636 dores.
968 4589 972 4650 Ι
1005 4587 1038 4636 In
1056 4584 1233 4638 studiosorum
1252 4585 1341 4648 ulum,
1362 4589 1396 4640 ad
1415 4586 1496 4640 istum
1511 4591 1517 4652 Ι
1531 4590 1576 4655 qni

197 4709 198 4714 ,
254 4727 257 4734 ,
294 4670 420 4738 sequitur,
440 4671 571 4734 ordinem,
590 4687 624 4722 ae
639 4674 644 4731 Ι
659 4673 848 4740 compendium
867 4669 1002 4738 reddenti.
1018 4669 1023 4742 Ι
1039 4687 1180 4724 avenione
1200 4689 1328 4724 assesso
1345 4673 1348 4740 Ι
1365 4674 1457 4740 equite
1469 4681 1576 4742 aurate,

292 4758 450 4810 collectore.
