<?xml version="1.0" encoding="UTF-8"?>
<!DOCTYPE html PUBLIC "-//W3C//DTD XHTML 1.0 Transitional//EN"
    "http://www.w3.org/TR/xhtml1/DTD/xhtml1-transitional.dtd">
<html xmlns="http://www.w3.org/1999/xhtml" xml:lang="en" lang="en">
 <head>
  <title>
</title>
<meta http-equiv="Content-Type" content="text/html;charset=utf-8" />
  <meta name='ocr-system' content='tesseract 3.04.00' />
  <meta name='ocr-capabilities' content='ocr_page ocr_carea ocr_par ocr_line ocrx_word'/>
</head>
<body>
  <div class='ocr_page' id='page_1' title='image "./ulrichihuttenie12huttgoog_0220.png"; bbox 0 0 3406 5526; ppageno 0'>
   <div class='ocr_carea' id='block_1_1' title="bbox 292 387 1366 456">
    <p class='ocr_par' dir='ltr' id='par_1_1' title="bbox 292 387 1366 456">
     <span class='ocr_line' id='line_1_1' title="bbox 292 387 1366 456; baseline -0.004 -2"><span class='ocrx_word' id='word_1_1' title='bbox 292 419 390 454; x_wconf 80' lang='grc' dir='ltr'><strong>ιιιοιιιι</strong></span> <span class='ocrx_word' id='word_1_2' title='bbox 403 419 428 452; x_wconf 87' lang='lat' dir='ltr'>x.</span> <span class='ocrx_word' id='word_1_3' title='bbox 442 417 478 452; x_wconf 77' lang='lat' dir='ltr'>an</span> <span class='ocrx_word' id='word_1_4' title='bbox 490 415 618 454; x_wconf 78' lang='grc' dir='ltr'><strong>ιιιιιιιιιιι</strong></span> <span class='ocrx_word' id='word_1_5' title='bbox 632 417 771 452; x_wconf 67' lang='lat' dir='ltr'>usnemun</span> <span class='ocrx_word' id='word_1_6' title='bbox 784 417 910 452; x_wconf 70' lang='lat' dir='ltr'>arrasum</span> <span class='ocrx_word' id='word_1_7' title='bbox 923 417 949 452; x_wconf 82' lang='grc' dir='ltr'>ιι.</span> <span class='ocrx_word' id='word_1_8' title='bbox 962 411 984 453; x_wconf 79' lang='grc' dir='ltr'>ι.</span> <span class='ocrx_word' id='word_1_9' title='bbox 998 417 1062 453; x_wconf 80' lang='lat' dir='ltr'>aro.</span> <span class='ocrx_word' id='word_1_10' title='bbox 1076 417 1100 456; x_wconf 80' lang='lat' dir='ltr'>a.</span> <span class='ocrx_word' id='word_1_11' title='bbox 1114 411 1171 451; x_wconf 81' lang='lat' dir='ltr'>turs.</span> <span class='ocrx_word' id='word_1_12' title='bbox 1257 395 1260 408; x_wconf 90' lang='lat'>&#39;</span> <span class='ocrx_word' id='word_1_13' title='bbox 1299 387 1366 456; x_wconf 76' lang='grc'>2111</span> 
     </span>
    </p>
   </div>
   <div class='ocr_carea' id='block_1_2' title="bbox 333 575 1131 634">
    <p class='ocr_par' dir='ltr' id='par_1_2' title="bbox 333 575 1131 634">
     <span class='ocr_line' id='line_1_2' title="bbox 333 575 1131 634; baseline -0.001 -2"><span class='ocrx_word' id='word_1_14' title='bbox 333 577 396 633; x_wconf 83' lang='lat' dir='ltr'>LEO</span> <span class='ocrx_word' id='word_1_15' title='bbox 417 575 447 632; x_wconf 88' lang='lat' dir='ltr'>ll.</span> <span class='ocrx_word' id='word_1_16' title='bbox 470 575 590 632; x_wconf 82' lang='lat' dir='ltr'>AEGllllil</span> <span class='ocrx_word' id='word_1_17' title='bbox 612 575 760 630; x_wconf 81' lang='lat' dir='ltr'>MATHAEtl</span> <span class='ocrx_word' id='word_1_18' title='bbox 781 575 910 632; x_wconf 78' lang='lat' dir='ltr'><strong>LEGATO</strong></span> <span class='ocrx_word' id='word_1_19' title='bbox 932 576 972 632; x_wconf 74' lang='lat' dir='ltr'>ue</span> <span class='ocrx_word' id='word_1_20' title='bbox 993 577 1131 634; x_wconf 74' lang='lat' dir='ltr'>Lernan.</span> 
     </span>
    </p>
   </div>
   <div class='ocr_carea' id='block_1_3' title="bbox 60 683 1472 4588">
    <p class='ocr_par' dir='ltr' id='par_1_3' title="bbox 60 683 1472 4588">
     <span class='ocr_line' id='line_1_3' title="bbox 179 683 1438 769; baseline 0.001 -19"><span class='ocrx_word' id='word_1_21' title='bbox 179 695 276 752; x_wconf 86' lang='lat' dir='ltr'>ltilecte</span> <span class='ocrx_word' id='word_1_22' title='bbox 299 693 346 750; x_wconf 89' lang='lat' dir='ltr'>iili.</span> <span class='ocrx_word' id='word_1_23' title='bbox 368 694 432 750; x_wconf 77' lang='lat' dir='ltr'>(lum</span> <span class='ocrx_word' id='word_1_24' title='bbox 454 695 536 750; x_wconf 88' lang='lat' dir='ltr'>certis</span> <span class='ocrx_word' id='word_1_25' title='bbox 558 695 660 750; x_wconf 90' lang='lat' dir='ltr'>nuntiis</span> <span class='ocrx_word' id='word_1_26' title='bbox 683 687 770 767; x_wconf 85' lang='lat' dir='ltr'>nequb</span> <span class='ocrx_word' id='word_1_27' title='bbox 792 710 846 750; x_wconf 85' lang='grc' dir='ltr'><strong>ιιιιιι</strong></span> <span class='ocrx_word' id='word_1_28' title='bbox 869 712 900 749; x_wconf 87' lang='grc' dir='ltr'>ιι</span> <span class='ocrx_word' id='word_1_29' title='bbox 924 683 985 750; x_wconf 75' lang='lat' dir='ltr'>locri</span> <span class='ocrx_word' id='word_1_30' title='bbox 1001 695 1212 751; x_wconf 75' lang='lat' dir='ltr'>intellexerimus</span> <span class='ocrx_word' id='word_1_31' title='bbox 1229 702 1372 769; x_wconf 78' lang='lat' dir='ltr'>tyrannum</span> <span class='ocrx_word' id='word_1_32' title='bbox 1437 707 1438 712; x_wconf 75' lang='grc'>’</span> 
     </span>
     <span class='ocr_line' id='line_1_4' title="bbox 105 778 1472 854; baseline -0.001 -18"><span class='ocrx_word' id='word_1_33' title='bbox 105 783 238 836; x_wconf 87' lang='lat' dir='ltr'>Turcarum</span> <span class='ocrx_word' id='word_1_34' title='bbox 255 781 287 836; x_wconf 88' lang='lat' dir='ltr'>ab</span> <span class='ocrx_word' id='word_1_35' title='bbox 301 780 414 836; x_wconf 90' lang='lat' dir='ltr'>orientis</span> <span class='ocrx_word' id='word_1_36' title='bbox 432 778 603 853; x_wconf 81' lang='lat' dir='ltr'>expeditione</span> <span class='ocrx_word' id='word_1_37' title='bbox 618 795 754 835; x_wconf 77' lang='lat' dir='ltr'>reuersum</span> <span class='ocrx_word' id='word_1_38' title='bbox 769 779 1031 854; x_wconf 77' lang='lat' dir='ltr'>Constantinopolim</span> <span class='ocrx_word' id='word_1_39' title='bbox 1047 797 1075 836; x_wconf 90' lang='lat' dir='ltr'>se</span> <span class='ocrx_word' id='word_1_40' title='bbox 1091 780 1247 842; x_wconf 88' lang='lat' dir='ltr'>contulisse,</span> <span class='ocrx_word' id='word_1_41' title='bbox 1265 797 1373 853; x_wconf 88' lang='lat' dir='ltr'>magna·</span> <span class='ocrx_word' id='word_1_42' title='bbox 1469 783 1472 792; x_wconf 82' lang='grc'><strong><em>’</em></strong></span> 
     </span>
     <span class='ocr_line' id='line_1_5' title="bbox 104 861 1373 940; baseline 0 -21"><span class='ocrx_word' id='word_1_43' title='bbox 104 883 149 938; x_wconf 87' lang='lat' dir='ltr'>que</span> <span class='ocrx_word' id='word_1_44' title='bbox 162 865 299 921; x_wconf 87' lang='lat' dir='ltr'>celeritate</span> <span class='ocrx_word' id='word_1_45' title='bbox 314 873 341 920; x_wconf 91' lang='lat' dir='ltr'>et</span> <span class='ocrx_word' id='word_1_46' title='bbox 356 863 446 921; x_wconf 90' lang='lat' dir='ltr'>studio</span> <span class='ocrx_word' id='word_1_47' title='bbox 462 865 494 919; x_wconf 90' lang='lat' dir='ltr'>ad</span> <span class='ocrx_word' id='word_1_48' title='bbox 506 864 684 940; x_wconf 71' lang='lat' dir='ltr'>apparandum</span> <span class='ocrx_word' id='word_1_49' title='bbox 696 863 809 921; x_wconf 85' lang='lat' dir='ltr'>classem</span> <span class='ocrx_word' id='word_1_50' title='bbox 821 881 849 920; x_wconf 90' lang='lat' dir='ltr'>se</span> <span class='ocrx_word' id='word_1_51' title='bbox 860 861 975 932; x_wconf 89' lang='lat' dir='ltr'>dedisse,</span> <span class='ocrx_word' id='word_1_52' title='bbox 988 865 1025 921; x_wconf 89' lang='lat' dir='ltr'>ita</span> <span class='ocrx_word' id='word_1_53' title='bbox 1036 875 1066 921; x_wconf 88' lang='lat' dir='ltr'>ut</span> <span class='ocrx_word' id='word_1_54' title='bbox 1078 866 1219 928; x_wconf 76' lang='lat' dir='ltr'>maximum</span> <span class='ocrx_word' id='word_1_55' title='bbox 1232 881 1373 922; x_wconf 89' lang='lat' dir='ltr'>nnmerum</span> 
     </span>
     <span class='ocr_line' id='line_1_6' title="bbox 82 948 1373 1023; baseline 0.002 -21"><span class='ocrx_word' id='word_1_56' title='bbox 82 951 198 1005; x_wconf 77' lang='lat' dir='ltr'>unarinm</span> <span class='ocrx_word' id='word_1_57' title='bbox 214 967 245 1006; x_wconf 89' lang='lat' dir='ltr'>ex</span> <span class='ocrx_word' id='word_1_58' title='bbox 260 949 399 1006; x_wconf 86' lang='lat' dir='ltr'>navalibus</span> <span class='ocrx_word' id='word_1_59' title='bbox 414 948 542 1014; x_wconf 88' lang='lat' dir='ltr'>deducat,</span> <span class='ocrx_word' id='word_1_60' title='bbox 559 949 682 1012; x_wconf 83' lang='lat' dir='ltr'>homines</span> <span class='ocrx_word' id='word_1_61' title='bbox 697 956 791 1022; x_wconf 86' lang='lat' dir='ltr'>cogat,</span> <span class='ocrx_word' id='word_1_62' title='bbox 814 965 874 1023; x_wconf 85' lang='lat' dir='ltr'>quae</span> <span class='ocrx_word' id='word_1_63' title='bbox 890 948 922 1005; x_wconf 89' lang='lat' dir='ltr'>ad</span> <span class='ocrx_word' id='word_1_64' title='bbox 938 950 1035 1006; x_wconf 88' lang='lat' dir='ltr'>victum</span> <span class='ocrx_word' id='word_1_65' title='bbox 1052 951 1201 1006; x_wconf 86' lang='lat' dir='ltr'>necessaria</span> <span class='ocrx_word' id='word_1_66' title='bbox 1217 959 1281 1006; x_wconf 88' lang='lat' dir='ltr'>sunt</span> <span class='ocrx_word' id='word_1_67' title='bbox 1296 949 1373 1005; x_wconf 91' lang='lat' dir='ltr'>undi-</span> 
     </span>
     <span class='ocr_line' id='line_1_7' title="bbox 103 1031 1373 1120; baseline 0 -31"><span class='ocrx_word' id='word_1_68' title='bbox 103 1051 148 1107; x_wconf 82' lang='lat' dir='ltr'>que</span> <span class='ocrx_word' id='word_1_69' title='bbox 162 1035 312 1108; x_wconf 87' lang='lat' dir='ltr'>conquirat,</span> <span class='ocrx_word' id='word_1_70' title='bbox 328 1032 461 1089; x_wconf 84' lang='lat' dir='ltr'>voluimus</span> <span class='ocrx_word' id='word_1_71' title='bbox 477 1033 529 1090; x_wconf 90' lang='lat' dir='ltr'>boc</span> <span class='ocrx_word' id='word_1_72' title='bbox 544 1031 696 1120; x_wconf 83' lang='lat' dir='ltr'>significare</span> <span class='ocrx_word' id='word_1_73' title='bbox 711 1034 949 1108; x_wconf 75' lang='lat' dir='ltr'>circumspectioni</span> <span class='ocrx_word' id='word_1_74' title='bbox 966 1043 1033 1098; x_wconf 85' lang='lat' dir='ltr'>tuae,</span> <span class='ocrx_word' id='word_1_75' title='bbox 1049 1043 1079 1090; x_wconf 92' lang='lat' dir='ltr'>ut</span> <span class='ocrx_word' id='word_1_76' title='bbox 1094 1051 1153 1091; x_wconf 92' lang='lat' dir='ltr'>cum</span> <span class='ocrx_word' id='word_1_77' title='bbox 1169 1035 1328 1090; x_wconf 87' lang='lat' dir='ltr'>charissimo</span> <span class='ocrx_word' id='word_1_78' title='bbox 1345 1035 1373 1089; x_wconf 96' lang='lat' dir='ltr'>in</span> 
     </span>
     <span class='ocr_line' id='line_1_8' title="bbox 102 1117 1373 1192; baseline 0.001 -19"><span class='ocrx_word' id='word_1_79' title='bbox 102 1117 199 1176; x_wconf 81' lang='lat' dir='ltr'>Christo</span> <span class='ocrx_word' id='word_1_80' title='bbox 219 1119 276 1174; x_wconf 88' lang='lat' dir='ltr'>lilio</span> <span class='ocrx_word' id='word_1_81' title='bbox 297 1127 393 1176; x_wconf 88' lang='lat' dir='ltr'>nostro</span> <span class='ocrx_word' id='word_1_82' title='bbox 408 1117 505 1174; x_wconf 81' lang='lat' dir='ltr'>Carolo</span> <span class='ocrx_word' id='word_1_83' title='bbox 520 1119 707 1192; x_wconf 76' lang='lat' dir='ltr'>Hispaniarum</span> <span class='ocrx_word' id='word_1_84' title='bbox 729 1135 793 1191; x_wconf 89' lang='lat' dir='ltr'>rege</span> <span class='ocrx_word' id='word_1_85' title='bbox 814 1119 953 1174; x_wconf 80' lang='lat' dir='ltr'>Cutbolieo</span> <span class='ocrx_word' id='word_1_86' title='bbox 971 1119 1000 1176; x_wconf 94' lang='lat' dir='ltr'>id</span> <span class='ocrx_word' id='word_1_87' title='bbox 1021 1120 1241 1176; x_wconf 86' lang='lat' dir='ltr'>communicares.</span> <span class='ocrx_word' id='word_1_88' title='bbox 1284 1119 1373 1186; x_wconf 78' lang='lat' dir='ltr'>Quan-</span> 
     </span>
     <span class='ocr_line' id='line_1_9' title="bbox 103 1201 1372 1278; baseline 0 -20"><span class='ocrx_word' id='word_1_89' title='bbox 103 1221 173 1276; x_wconf 87' lang='lat' dir='ltr'>quam</span> <span class='ocrx_word' id='word_1_90' title='bbox 189 1221 239 1260; x_wconf 90' lang='lat' dir='ltr'>nos</span> <span class='ocrx_word' id='word_1_91' title='bbox 256 1204 325 1278; x_wconf 83' lang='lat' dir='ltr'>quid·</span> <span class='ocrx_word' id='word_1_92' title='bbox 335 1203 358 1259; x_wconf 91' lang='lat' dir='ltr'>is</span> <span class='ocrx_word' id='word_1_93' title='bbox 374 1202 502 1260; x_wconf 89' lang='lat' dir='ltr'>moliatur</span> <span class='ocrx_word' id='word_1_94' title='bbox 516 1211 563 1260; x_wconf 90' lang='lat' dir='ltr'>aut</span> <span class='ocrx_word' id='word_1_95' title='bbox 578 1205 681 1278; x_wconf 86' lang='lat' dir='ltr'>cogitet</span> <span class='ocrx_word' id='word_1_96' title='bbox 696 1201 762 1258; x_wconf 91' lang='lat' dir='ltr'>nibil</span> <span class='ocrx_word' id='word_1_97' title='bbox 777 1210 852 1259; x_wconf 89' lang='lat' dir='ltr'>certo</span> <span class='ocrx_word' id='word_1_98' title='bbox 868 1203 996 1260; x_wconf 87' lang='lat' dir='ltr'>babemus</span> <span class='ocrx_word' id='word_1_99' title='bbox 1011 1204 1065 1260; x_wconf 91' lang='lat' dir='ltr'>nisi</span> <span class='ocrx_word' id='word_1_100' title='bbox 1085 1204 1151 1260; x_wconf 90' lang='lat' dir='ltr'>illud</span> <span class='ocrx_word' id='word_1_101' title='bbox 1174 1221 1228 1260; x_wconf 91' lang='lat' dir='ltr'>non</span> <span class='ocrx_word' id='word_1_102' title='bbox 1249 1203 1372 1260; x_wconf 88' lang='lat' dir='ltr'>dubitare</span> 
     </span>
     <span class='ocr_line' id='line_1_10' title="bbox 103 1287 1373 1363; baseline -0.001 -19"><span class='ocrx_word' id='word_1_103' title='bbox 103 1289 161 1362; x_wconf 80' lang='lat' dir='ltr'>quin</span> <span class='ocrx_word' id='word_1_104' title='bbox 180 1289 287 1346; x_wconf 89' lang='lat' dir='ltr'>immani</span> <span class='ocrx_word' id='word_1_105' title='bbox 309 1297 337 1346; x_wconf 90' lang='lat' dir='ltr'>et</span> <span class='ocrx_word' id='word_1_106' title='bbox 358 1289 440 1346; x_wconf 80' lang='lat' dir='ltr'>effera</span> <span class='ocrx_word' id='word_1_107' title='bbox 459 1287 619 1345; x_wconf 88' lang='lat' dir='ltr'>crudelitate</span> <span class='ocrx_word' id='word_1_108' title='bbox 639 1288 726 1350; x_wconf 82' lang='lat' dir='ltr'>hostis</span> <span class='ocrx_word' id='word_1_109' title='bbox 748 1288 780 1344; x_wconf 78' lang='lat' dir='ltr'>aul</span> <span class='ocrx_word' id='word_1_110' title='bbox 800 1287 900 1344; x_wconf 81' lang='lat' dir='ltr'>caedem</span> <span class='ocrx_word' id='word_1_111' title='bbox 920 1296 947 1345; x_wconf 89' lang='lat' dir='ltr'>et</span> <span class='ocrx_word' id='word_1_112' title='bbox 966 1289 1069 1346; x_wconf 84' lang='lat' dir='ltr'>cladem</span> <span class='ocrx_word' id='word_1_113' title='bbox 1089 1307 1118 1346; x_wconf 85' lang='lat' dir='ltr'>se</span> <span class='ocrx_word' id='word_1_114' title='bbox 1134 1289 1250 1346; x_wconf 84' lang='lat' dir='ltr'>instruat</span> <span class='ocrx_word' id='word_1_115' title='bbox 1265 1289 1373 1363; x_wconf 87' lang='lat' dir='ltr'>generis</span> 
     </span>
     <span class='ocr_line' id='line_1_11' title="bbox 77 1373 1372 1448; baseline 0.002 -23"><span class='ocrx_word' id='word_1_116' title='bbox 77 1387 95 1425; x_wconf 91' lang='grc' dir='ltr'>ιι</span> <span class='ocrx_word' id='word_1_117' title='bbox 104 1373 253 1436; x_wconf 80' lang='lat' dir='ltr'>Christiani,</span> <span class='ocrx_word' id='word_1_118' title='bbox 275 1373 327 1430; x_wconf 89' lang='lat' dir='ltr'>etsi</span> <span class='ocrx_word' id='word_1_119' title='bbox 343 1373 476 1448; x_wconf 74' lang='lat' dir='ltr'>precipiti</span> <span class='ocrx_word' id='word_1_120' title='bbox 492 1373 543 1430; x_wconf 83' lang='lat' dir='ltr'>iam</span> <span class='ocrx_word' id='word_1_121' title='bbox 559 1381 653 1428; x_wconf 85' lang='lat' dir='ltr'>aestate</span> <span class='ocrx_word' id='word_1_122' title='bbox 673 1390 727 1429; x_wconf 93' lang='lat' dir='ltr'>non</span> <span class='ocrx_word' id='word_1_123' title='bbox 748 1381 790 1428; x_wconf 91' lang='lat' dir='ltr'>est</span> <span class='ocrx_word' id='word_1_124' title='bbox 811 1373 927 1430; x_wconf 81' lang='lat' dir='ltr'>tortasse</span> <span class='ocrx_word' id='word_1_125' title='bbox 950 1375 1074 1432; x_wconf 86' lang='lat' dir='ltr'>universa</span> <span class='ocrx_word' id='word_1_126' title='bbox 1095 1374 1133 1429; x_wconf 83' lang='lat' dir='ltr'>ris</span> <span class='ocrx_word' id='word_1_127' title='bbox 1156 1375 1214 1430; x_wconf 90' lang='lat' dir='ltr'>eius</span> <span class='ocrx_word' id='word_1_128' title='bbox 1236 1375 1286 1430; x_wconf 90' lang='lat' dir='ltr'>boc</span> <span class='ocrx_word' id='word_1_129' title='bbox 1302 1390 1372 1429; x_wconf 87' lang='lat' dir='ltr'>anno</span> 
     </span>
     <span class='ocr_line' id='line_1_12' title="bbox 101 1449 1373 1533; baseline 0 -21"><span class='ocrx_word' id='word_1_130' title='bbox 101 1457 321 1530; x_wconf 85' lang='lat' dir='ltr'>pertimescenda,</span> <span class='ocrx_word' id='word_1_131' title='bbox 338 1465 513 1514; x_wconf 83' lang='lat' dir='ltr'>veruntamen</span> <span class='ocrx_word' id='word_1_132' title='bbox 528 1458 560 1514; x_wconf 88' lang='lat' dir='ltr'>ud</span> <span class='ocrx_word' id='word_1_133' title='bbox 576 1449 618 1514; x_wconf 93' lang='lat' dir='ltr'>dei</span> <span class='ocrx_word' id='word_1_134' title='bbox 634 1458 720 1515; x_wconf 88' lang='lat' dir='ltr'>nostri</span> <span class='ocrx_word' id='word_1_135' title='bbox 737 1459 879 1521; x_wconf 86' lang='lat' dir='ltr'>horrorem,</span> <span class='ocrx_word' id='word_1_136' title='bbox 896 1459 926 1514; x_wconf 85' lang='lat' dir='ltr'>ud</span> <span class='ocrx_word' id='word_1_137' title='bbox 942 1457 1056 1516; x_wconf 89' lang='lat' dir='ltr'>salutem</span> <span class='ocrx_word' id='word_1_138' title='bbox 1071 1459 1229 1516; x_wconf 76' lang='lat' dir='ltr'>Christiana</span> <span class='ocrx_word' id='word_1_139' title='bbox 1244 1457 1373 1533; x_wconf 91' lang='lat' dir='ltr'>reipubli-</span> 
     </span>
     <span class='ocr_line' id='line_1_13' title="bbox 101 1541 1374 1618; baseline 0 -21"><span class='ocrx_word' id='word_1_140' title='bbox 101 1560 142 1604; x_wconf 73' lang='lat' dir='ltr'>ce,</span> <span class='ocrx_word' id='word_1_141' title='bbox 157 1542 187 1598; x_wconf 89' lang='lat' dir='ltr'>ad</span> <span class='ocrx_word' id='word_1_142' title='bbox 203 1551 325 1599; x_wconf 89' lang='lat' dir='ltr'>nostrum</span> <span class='ocrx_word' id='word_1_143' title='bbox 341 1542 505 1616; x_wconf 75' lang='lat' dir='ltr'>vigilantiam</span> <span class='ocrx_word' id='word_1_144' title='bbox 522 1550 549 1598; x_wconf 87' lang='lat' dir='ltr'>et</span> <span class='ocrx_word' id='word_1_145' title='bbox 564 1541 779 1599; x_wconf 85' lang='lat' dir='ltr'>istiusCutlrolici</span> <span class='ocrx_word' id='word_1_146' title='bbox 792 1544 872 1616; x_wconf 86' lang='lat' dir='ltr'>Regis</span> <span class='ocrx_word' id='word_1_147' title='bbox 888 1543 968 1600; x_wconf 89' lang='lat' dir='ltr'>decus</span> <span class='ocrx_word' id='word_1_148' title='bbox 983 1561 1014 1599; x_wconf 89' lang='lat' dir='ltr'>ac</span> <span class='ocrx_word' id='word_1_149' title='bbox 1028 1543 1187 1618; x_wconf 87' lang='lat' dir='ltr'>dignitatem</span> <span class='ocrx_word' id='word_1_150' title='bbox 1202 1544 1374 1600; x_wconf 84' lang='lat' dir='ltr'>vehementer</span> 
     </span>
     <span class='ocr_line' id='line_1_14' title="bbox 100 1625 1372 1722; baseline 0.002 -41"><span class='ocrx_word' id='word_1_151' title='bbox 100 1628 211 1700; x_wconf 85' lang='lat' dir='ltr'>pertinet</span> <span class='ocrx_word' id='word_1_152' title='bbox 226 1645 277 1684; x_wconf 91' lang='lat' dir='ltr'>nos</span> <span class='ocrx_word' id='word_1_153' title='bbox 292 1635 320 1683; x_wconf 89' lang='lat' dir='ltr'>et</span> <span class='ocrx_word' id='word_1_154' title='bbox 335 1645 395 1683; x_wconf 90' lang='lat' dir='ltr'>esse</span> <span class='ocrx_word' id='word_1_155' title='bbox 410 1627 441 1683; x_wconf 91' lang='lat' dir='ltr'>ad</span> <span class='ocrx_word' id='word_1_156' title='bbox 459 1625 546 1683; x_wconf 90' lang='lat' dir='ltr'>omnia</span> <span class='ocrx_word' id='word_1_157' title='bbox 562 1635 590 1682; x_wconf 94' lang='lat' dir='ltr'>et</span> <span class='ocrx_word' id='word_1_158' title='bbox 605 1628 687 1684; x_wconf 89' lang='lat' dir='ltr'>videri</span> <span class='ocrx_word' id='word_1_159' title='bbox 703 1636 827 1722; x_wconf 82' lang='lat' dir='ltr'>puratos,</span> <span class='ocrx_word' id='word_1_160' title='bbox 851 1644 883 1683; x_wconf 91' lang='lat' dir='ltr'>ne</span> <span class='ocrx_word' id='word_1_161' title='bbox 905 1628 968 1702; x_wconf 81' lang='lat' dir='ltr'>qnid</span> <span class='ocrx_word' id='word_1_162' title='bbox 988 1628 1067 1684; x_wconf 92' lang='lat' dir='ltr'>nobis</span> <span class='ocrx_word' id='word_1_163' title='bbox 1090 1627 1123 1684; x_wconf 90' lang='lat' dir='ltr'>ab</span> <span class='ocrx_word' id='word_1_164' title='bbox 1145 1629 1293 1704; x_wconf 78' lang='lat' dir='ltr'>improviso</span> <span class='ocrx_word' id='word_1_165' title='bbox 1309 1627 1372 1684; x_wconf 86' lang='lat' dir='ltr'>meli</span> 
     </span>
     <span class='ocr_line' id='line_1_15' title="bbox 101 1710 1373 1788; baseline 0.002 -23"><span class='ocrx_word' id='word_1_166' title='bbox 101 1711 130 1766; x_wconf 85' lang='lat' dir='ltr'>ab</span> <span class='ocrx_word' id='word_1_167' title='bbox 144 1710 189 1767; x_wconf 91' lang='lat' dir='ltr'>illo</span> <span class='ocrx_word' id='word_1_168' title='bbox 204 1713 320 1774; x_wconf 84' lang='lat' dir='ltr'>accidat,</span> <span class='ocrx_word' id='word_1_169' title='bbox 337 1730 396 1769; x_wconf 91' lang='lat' dir='ltr'>eum</span> <span class='ocrx_word' id='word_1_170' title='bbox 414 1713 469 1768; x_wconf 89' lang='lat' dir='ltr'>veri</span> <span class='ocrx_word' id='word_1_171' title='bbox 485 1722 513 1768; x_wconf 92' lang='lat' dir='ltr'>et</span> <span class='ocrx_word' id='word_1_172' title='bbox 527 1713 617 1788; x_wconf 85' lang='lat' dir='ltr'>magni</span> <span class='ocrx_word' id='word_1_173' title='bbox 633 1712 765 1786; x_wconf 89' lang='lat' dir='ltr'>principis</span> <span class='ocrx_word' id='word_1_174' title='bbox 782 1711 825 1774; x_wconf 88' lang='lat' dir='ltr'>sit,</span> <span class='ocrx_word' id='word_1_175' title='bbox 843 1711 930 1786; x_wconf 89' lang='lat' dir='ltr'>qualis</span> <span class='ocrx_word' id='word_1_176' title='bbox 946 1711 1159 1770; x_wconf 87' lang='lat' dir='ltr'>llexCutboiicus</span> <span class='ocrx_word' id='word_1_177' title='bbox 1175 1722 1226 1776; x_wconf 89' lang='lat' dir='ltr'>est,</span> <span class='ocrx_word' id='word_1_178' title='bbox 1241 1729 1292 1770; x_wconf 88' lang='lat' dir='ltr'>suo</span> <span class='ocrx_word' id='word_1_179' title='bbox 1308 1730 1373 1770; x_wconf 82' lang='lat' dir='ltr'>corr-</span> 
     </span>
     <span class='ocr_line' id='line_1_16' title="bbox 74 1795 1373 1873; baseline 0.003 -23"><span class='ocrx_word' id='word_1_180' title='bbox 74 1795 170 1858; x_wconf 84' lang='lat' dir='ltr'>usilio,</span> <span class='ocrx_word' id='word_1_181' title='bbox 190 1815 246 1852; x_wconf 95' lang='lat' dir='ltr'>non</span> <span class='ocrx_word' id='word_1_182' title='bbox 267 1815 345 1853; x_wconf 87' lang='lat' dir='ltr'>casus</span> <span class='ocrx_word' id='word_1_183' title='bbox 365 1796 496 1854; x_wconf 85' lang='lat' dir='ltr'>beneficio</span> <span class='ocrx_word' id='word_1_184' title='bbox 517 1797 615 1853; x_wconf 89' lang='lat' dir='ltr'>salvum</span> <span class='ocrx_word' id='word_1_185' title='bbox 636 1797 755 1853; x_wconf 88' lang='lat' dir='ltr'>retinere</span> <span class='ocrx_word' id='word_1_186' title='bbox 775 1803 862 1854; x_wconf 90' lang='lat' dir='ltr'>status</span> <span class='ocrx_word' id='word_1_187' title='bbox 883 1805 910 1853; x_wconf 90' lang='lat' dir='ltr'>et</span> <span class='ocrx_word' id='word_1_188' title='bbox 931 1797 1048 1854; x_wconf 88' lang='lat' dir='ltr'>nominis</span> <span class='ocrx_word' id='word_1_189' title='bbox 1070 1799 1112 1854; x_wconf 89' lang='lat' dir='ltr'>sui</span> <span class='ocrx_word' id='word_1_190' title='bbox 1132 1799 1300 1873; x_wconf 88' lang='lat' dir='ltr'>dignitatem</span> <span class='ocrx_word' id='word_1_191' title='bbox 1335 1799 1373 1854; x_wconf 78' lang='lat' dir='ltr'>Ac</span> 
     </span>
     <span class='ocr_line' id='line_1_17' title="bbox 100 1880 1372 1967; baseline 0.002 -31"><span class='ocrx_word' id='word_1_192' title='bbox 100 1881 165 1954; x_wconf 82' lang='lat' dir='ltr'>qraod</span> <span class='ocrx_word' id='word_1_193' title='bbox 181 1880 212 1938; x_wconf 87' lang='lat' dir='ltr'>ad</span> <span class='ocrx_word' id='word_1_194' title='bbox 229 1881 397 1938; x_wconf 88' lang='lat' dir='ltr'>induciarum</span> <span class='ocrx_word' id='word_1_195' title='bbox 414 1899 480 1956; x_wconf 89' lang='lat' dir='ltr'>quas</span> <span class='ocrx_word' id='word_1_196' title='bbox 496 1881 647 1938; x_wconf 89' lang='lat' dir='ltr'>induximus</span> <span class='ocrx_word' id='word_1_197' title='bbox 663 1881 885 1958; x_wconf 87' lang='lat' dir='ltr'>approbationem</span> <span class='ocrx_word' id='word_1_198' title='bbox 902 1882 1027 1956; x_wconf 92' lang='lat' dir='ltr'>pertinet,</span> <span class='ocrx_word' id='word_1_199' title='bbox 1044 1901 1093 1939; x_wconf 91' lang='lat' dir='ltr'>nec</span> <span class='ocrx_word' id='word_1_200' title='bbox 1108 1901 1157 1939; x_wconf 91' lang='lat' dir='ltr'>nos</span> <span class='ocrx_word' id='word_1_201' title='bbox 1174 1883 1281 1967; x_wconf 82' lang='lat' dir='ltr'>quidem</span> <span class='ocrx_word' id='word_1_202' title='bbox 1297 1881 1372 1938; x_wconf 90' lang='lat' dir='ltr'>volu·</span> 
     </span>
     <span class='ocr_line' id='line_1_18' title="bbox 99 1955 1373 2061; baseline 0.002 -40"><span class='ocrx_word' id='word_1_203' title='bbox 99 1983 152 2022; x_wconf 87' lang='lat' dir='ltr'>mus</span> <span class='ocrx_word' id='word_1_204' title='bbox 168 1966 253 2061; x_wconf 90' lang='lat' dir='ltr'>ipsius</span> <span class='ocrx_word' id='word_1_205' title='bbox 267 1955 432 2024; x_wconf 83' lang='lat' dir='ltr'>Maiestatem</span> <span class='ocrx_word' id='word_1_206' title='bbox 447 1985 461 2022; x_wconf 88' lang='lat' dir='ltr'>a</span> <span class='ocrx_word' id='word_1_207' title='bbox 477 1967 604 2024; x_wconf 84' lang='lat' dir='ltr'>Caesareae</span> <span class='ocrx_word' id='word_1_208' title='bbox 620 1957 779 2023; x_wconf 83' lang='lat' dir='ltr'>Serenitatis</span> <span class='ocrx_word' id='word_1_209' title='bbox 794 1966 909 2023; x_wconf 90' lang='lat' dir='ltr'>consilio</span> <span class='ocrx_word' id='word_1_210' title='bbox 925 1967 1083 2030; x_wconf 87' lang='lat' dir='ltr'>dissentire,</span> <span class='ocrx_word' id='word_1_211' title='bbox 1101 1986 1181 2042; x_wconf 82' lang='lat' dir='ltr'>quem</span> <span class='ocrx_word' id='word_1_212' title='bbox 1196 1977 1223 2024; x_wconf 90' lang='lat' dir='ltr'>et</span> <span class='ocrx_word' id='word_1_213' title='bbox 1238 1985 1329 2025; x_wconf 89' lang='lat' dir='ltr'>amore</span> <span class='ocrx_word' id='word_1_214' title='bbox 1345 1975 1373 2024; x_wconf 88' lang='lat' dir='ltr'>ct</span> 
     </span>
     <span class='ocr_line' id='line_1_19' title="bbox 98 2051 1372 2127; baseline 0.003 -23"><span class='ocrx_word' id='word_1_215' title='bbox 98 2051 221 2124; x_wconf 87' lang='lat' dir='ltr'>sanguine</span> <span class='ocrx_word' id='word_1_216' title='bbox 237 2051 319 2108; x_wconf 90' lang='lat' dir='ltr'>babet</span> <span class='ocrx_word' id='word_1_217' title='bbox 329 2051 588 2112; x_wconf 87' lang='lat' dir='ltr'>coniunctissimum.</span> <span class='ocrx_word' id='word_1_218' title='bbox 610 2052 656 2108; x_wconf 89' lang='lat' dir='ltr'>sed</span> <span class='ocrx_word' id='word_1_219' title='bbox 670 2051 914 2126; x_wconf 77' lang='lat' dir='ltr'>quoniamllaesaris</span> <span class='ocrx_word' id='word_1_220' title='bbox 928 2051 1074 2108; x_wconf 88' lang='lat' dir='ltr'>voluntatis</span> <span class='ocrx_word' id='word_1_221' title='bbox 1085 2061 1186 2110; x_wconf 85' lang='lat' dir='ltr'>certam</span> <span class='ocrx_word' id='word_1_222' title='bbox 1197 2070 1283 2127; x_wconf 91' lang='lat' dir='ltr'>prope</span> <span class='ocrx_word' id='word_1_223' title='bbox 1296 2069 1372 2126; x_wconf 85' lang='lat' dir='ltr'>spem</span> 
     </span>
     <span class='ocr_line' id='line_1_20' title="bbox 99 2135 1371 2213; baseline 0.003 -24"><span class='ocrx_word' id='word_1_224' title='bbox 99 2135 246 2193; x_wconf 87' lang='lat' dir='ltr'>obtinemus</span> <span class='ocrx_word' id='word_1_225' title='bbox 262 2137 322 2193; x_wconf 82' lang='lat' dir='ltr'>tore</span> <span class='ocrx_word' id='word_1_226' title='bbox 340 2135 428 2198; x_wconf 91' lang='lat' dir='ltr'>illum,</span> <span class='ocrx_word' id='word_1_227' title='bbox 451 2155 530 2210; x_wconf 90' lang='lat' dir='ltr'>quem</span> <span class='ocrx_word' id='word_1_228' title='bbox 553 2154 612 2193; x_wconf 90' lang='lat' dir='ltr'>esse</span> <span class='ocrx_word' id='word_1_229' title='bbox 628 2136 765 2200; x_wconf 86' lang='lat' dir='ltr'>volumus,</span> <span class='ocrx_word' id='word_1_230' title='bbox 788 2145 816 2192; x_wconf 93' lang='lat' dir='ltr'>et</span> <span class='ocrx_word' id='word_1_231' title='bbox 831 2137 944 2193; x_wconf 76' lang='lat' dir='ltr'>ineluciis</span> <span class='ocrx_word' id='word_1_232' title='bbox 960 2137 1141 2213; x_wconf 87' lang='lat' dir='ltr'>approbandis</span> <span class='ocrx_word' id='word_1_233' title='bbox 1157 2145 1183 2193; x_wconf 90' lang='lat' dir='ltr'>ct</span> <span class='ocrx_word' id='word_1_234' title='bbox 1199 2137 1371 2211; x_wconf 81' lang='lat' dir='ltr'>expeditione</span> 
     </span>
     <span class='ocr_line' id='line_1_21' title="bbox 70 2220 1372 2296; baseline 0.003 -24"><span class='ocrx_word' id='word_1_235' title='bbox 70 2235 90 2272; x_wconf 83' lang='grc' dir='ltr'>ιιι</span> <span class='ocrx_word' id='word_1_236' title='bbox 98 2221 263 2292; x_wconf 86' lang='lat' dir='ltr'>procuranda</span> <span class='ocrx_word' id='word_1_237' title='bbox 276 2239 347 2278; x_wconf 81' lang='lat' dir='ltr'>verae</span> <span class='ocrx_word' id='word_1_238' title='bbox 363 2229 463 2278; x_wconf 81' lang='lat' dir='ltr'>sanctae</span> <span class='ocrx_word' id='word_1_239' title='bbox 478 2220 538 2277; x_wconf 89' lang='lat' dir='ltr'>tidei</span> <span class='ocrx_word' id='word_1_240' title='bbox 554 2229 747 2296; x_wconf 85' lang='lat' dir='ltr'>protectorem,</span> <span class='ocrx_word' id='word_1_241' title='bbox 761 2221 859 2278; x_wconf 87' lang='lat' dir='ltr'>idcirco</span> <span class='ocrx_word' id='word_1_242' title='bbox 868 2221 934 2278; x_wconf 85' lang='lat' dir='ltr'>Circ.</span> <span class='ocrx_word' id='word_1_243' title='bbox 945 2229 991 2278; x_wconf 87' lang='lat' dir='ltr'>tua</span> <span class='ocrx_word' id='word_1_244' title='bbox 1003 2222 1088 2296; x_wconf 91' lang='lat' dir='ltr'>ipsius</span> <span class='ocrx_word' id='word_1_245' title='bbox 1098 2222 1262 2279; x_wconf 89' lang='lat' dir='ltr'>llaiestatem</span> <span class='ocrx_word' id='word_1_246' title='bbox 1275 2230 1372 2277; x_wconf 90' lang='lat' dir='ltr'>nostro</span> 
     </span>
     <span class='ocr_line' id='line_1_22' title="bbox 97 2305 1371 2381; baseline 0.002 -22"><span class='ocrx_word' id='word_1_247' title='bbox 97 2305 199 2361; x_wconf 89' lang='lat' dir='ltr'>nomine</span> <span class='ocrx_word' id='word_1_248' title='bbox 215 2307 382 2370; x_wconf 85' lang='lat' dir='ltr'>hortabitur,</span> <span class='ocrx_word' id='word_1_249' title='bbox 399 2313 429 2362; x_wconf 92' lang='lat' dir='ltr'>nt</span> <span class='ocrx_word' id='word_1_250' title='bbox 444 2313 599 2381; x_wconf 89' lang='lat' dir='ltr'>promptum</span> <span class='ocrx_word' id='word_1_251' title='bbox 615 2325 645 2364; x_wconf 92' lang='lat' dir='ltr'>ac</span> <span class='ocrx_word' id='word_1_252' title='bbox 660 2314 783 2381; x_wconf 89' lang='lat' dir='ltr'>puratum</span> <span class='ocrx_word' id='word_1_253' title='bbox 798 2315 876 2380; x_wconf 85' lang='lat' dir='ltr'>gerat</span> <span class='ocrx_word' id='word_1_254' title='bbox 891 2306 1007 2363; x_wconf 91' lang='lat' dir='ltr'>animum</span> <span class='ocrx_word' id='word_1_255' title='bbox 1023 2307 1111 2363; x_wconf 88' lang='lat' dir='ltr'>omnia</span> <span class='ocrx_word' id='word_1_256' title='bbox 1126 2306 1239 2366; x_wconf 78' lang='lat' dir='ltr'>faciendi</span> <span class='ocrx_word' id='word_1_257' title='bbox 1255 2325 1315 2380; x_wconf 88' lang='lat' dir='ltr'>quae</span> <span class='ocrx_word' id='word_1_258' title='bbox 1331 2305 1371 2362; x_wconf 80' lang='lat' dir='ltr'>ari</span> 
     </span>
     <span class='ocr_line' id='line_1_23' title="bbox 97 2385 1414 2474; baseline 0.003 -30"><span class='ocrx_word' id='word_1_259' title='bbox 97 2385 214 2448; x_wconf 78' lang='lat' dir='ltr'>tonsrlns</span> <span class='ocrx_word' id='word_1_260' title='bbox 230 2408 360 2458; x_wconf 88' lang='lat' dir='ltr'>consona</span> <span class='ocrx_word' id='word_1_261' title='bbox 377 2391 554 2448; x_wconf 76' lang='lat' dir='ltr'>sanctissimae</span> <span class='ocrx_word' id='word_1_262' title='bbox 569 2390 629 2448; x_wconf 79' lang='lat' dir='ltr'>{ider</span> <span class='ocrx_word' id='word_1_263' title='bbox 645 2391 747 2448; x_wconf 84' lang='lat' dir='ltr'>luerint</span> <span class='ocrx_word' id='word_1_264' title='bbox 747 2399 928 2474; x_wconf 87' lang='lat' dir='ltr'>opportuna</span> <span class='ocrx_word' id='word_1_265' title='bbox 943 2387 1371 2466; x_wconf 82' lang='lat' dir='ltr'>cumpraesertimaliorumquu·</span> <span class='ocrx_word' id='word_1_266' title='bbox 1411 2423 1414 2432; x_wconf 89' lang='lat'><em>.</em></span> 
     </span>
     <span class='ocr_line' id='line_1_24' title="bbox 95 2463 1371 2552; baseline 0.002 -23"><span class='ocrx_word' id='word_1_267' title='bbox 95 2475 200 2531; x_wconf 76' lang='lat' dir='ltr'>fundam</span> <span class='ocrx_word' id='word_1_268' title='bbox 209 2477 313 2549; x_wconf 87' lang='lat' dir='ltr'>Regum</span> <span class='ocrx_word' id='word_1_269' title='bbox 325 2471 469 2532; x_wconf 87' lang='lat' dir='ltr'>earundem</span> <span class='ocrx_word' id='word_1_270' title='bbox 485 2476 652 2533; x_wconf 86' lang='lat' dir='ltr'>induciarum</span> <span class='ocrx_word' id='word_1_271' title='bbox 668 2463 830 2552; x_wconf 88' lang='lat' dir='ltr'>approbatio</span> <span class='ocrx_word' id='word_1_272' title='bbox 845 2477 877 2532; x_wconf 90' lang='lat' dir='ltr'>ad</span> <span class='ocrx_word' id='word_1_273' title='bbox 890 2484 984 2532; x_wconf 89' lang='lat' dir='ltr'>nutum</span> <span class='ocrx_word' id='word_1_274' title='bbox 1000 2483 1123 2533; x_wconf 90' lang='lat' dir='ltr'>nostrum</span> <span class='ocrx_word' id='word_1_275' title='bbox 1138 2483 1230 2550; x_wconf 87' lang='lat' dir='ltr'>parata</span> <span class='ocrx_word' id='word_1_276' title='bbox 1246 2476 1290 2532; x_wconf 89' lang='lat' dir='ltr'>sit.</span> <span class='ocrx_word' id='word_1_277' title='bbox 1306 2476 1371 2532; x_wconf 83' lang='grc' dir='ltr'><strong>11ιιιιι</strong></span> 
     </span>
     <span class='ocr_line' id='line_1_25' title="bbox 96 2559 1371 2636; baseline 0.001 -22"><span class='ocrx_word' id='word_1_278' title='bbox 96 2567 179 2616; x_wconf 88' lang='lat' dir='ltr'>antem</span> <span class='ocrx_word' id='word_1_279' title='bbox 195 2559 253 2617; x_wconf 82' lang='lat' dir='ltr'>ahu</span> <span class='ocrx_word' id='word_1_280' title='bbox 267 2561 341 2626; x_wconf 79' lang='lat' dir='ltr'>abes</span> <span class='ocrx_word' id='word_1_281' title='bbox 357 2578 445 2635; x_wconf 86' lang='lat' dir='ltr'>neque</span> <span class='ocrx_word' id='word_1_282' title='bbox 461 2579 513 2617; x_wconf 86' lang='lat' dir='ltr'>rum</span> <span class='ocrx_word' id='word_1_283' title='bbox 528 2561 704 2618; x_wconf 81' lang='lat' dir='ltr'>consiliorum</span> <span class='ocrx_word' id='word_1_284' title='bbox 720 2561 766 2617; x_wconf 90' lang='lat' dir='ltr'>scd</span> <span class='ocrx_word' id='word_1_285' title='bbox 783 2561 916 2626; x_wconf 83' lang='lat' dir='ltr'>laetorum</span> <span class='ocrx_word' id='word_1_286' title='bbox 930 2569 1037 2636; x_wconf 91' lang='lat' dir='ltr'>tempus</span> <span class='ocrx_word' id='word_1_287' title='bbox 1053 2569 1184 2636; x_wconf 87' lang='lat' dir='ltr'>apparet,</span> <span class='ocrx_word' id='word_1_288' title='bbox 1200 2579 1275 2623; x_wconf 82' lang='lat' dir='ltr'>crim,</span> <span class='ocrx_word' id='word_1_289' title='bbox 1292 2559 1371 2616; x_wconf 83' lang='lat' dir='ltr'>vel&#39;</span> <span class='ocrx_word' id='word_1_290' title='bbox 1349 2577 1371 2616; x_wconf 87' lang='lat' dir='ltr'>sr</span> 
     </span>
     <span class='ocr_line' id='line_1_26' title="bbox 66 2643 1373 2721; baseline 0.003 -26"><span class='ocrx_word' id='word_1_291' title='bbox 66 2655 87 2694; x_wconf 83' lang='grc' dir='ltr'>ιι</span> <span class='ocrx_word' id='word_1_292' title='bbox 97 2643 202 2702; x_wconf 86' lang='lat' dir='ltr'>velimus</span> <span class='ocrx_word' id='word_1_293' title='bbox 218 2662 280 2702; x_wconf 88' lang='lat' dir='ltr'>esse</span> <span class='ocrx_word' id='word_1_294' title='bbox 295 2645 375 2708; x_wconf 84' lang='lat' dir='ltr'>salvi,</span> <span class='ocrx_word' id='word_1_295' title='bbox 397 2663 508 2702; x_wconf 87' lang='lat' dir='ltr'>necesse</span> <span class='ocrx_word' id='word_1_296' title='bbox 523 2647 559 2702; x_wconf 93' lang='lat' dir='ltr'>sit</span> <span class='ocrx_word' id='word_1_297' title='bbox 574 2645 698 2720; x_wconf 90' lang='lat' dir='ltr'>sequenti</span> <span class='ocrx_word' id='word_1_298' title='bbox 714 2653 808 2703; x_wconf 81' lang='lat' dir='ltr'>aestate</span> <span class='ocrx_word' id='word_1_299' title='bbox 824 2646 923 2703; x_wconf 89' lang='lat' dir='ltr'>babere</span> <span class='ocrx_word' id='word_1_300' title='bbox 939 2645 1078 2721; x_wconf 79' lang='lat' dir='ltr'>praesidia,</span> <span class='ocrx_word' id='word_1_301' title='bbox 1101 2646 1237 2720; x_wconf 91' lang='lat' dir='ltr'>quibus&#39;</span> <span class='ocrx_word' id='word_1_302' title='bbox 1215 2664 1237 2701; x_wconf 84' lang='lat' dir='ltr'>si</span> <span class='ocrx_word' id='word_1_303' title='bbox 1253 2663 1306 2701; x_wconf 90' lang='lat' dir='ltr'>non</span> <span class='ocrx_word' id='word_1_304' title='bbox 1325 2645 1373 2701; x_wconf 92' lang='lat' dir='ltr'>ob-</span> 
     </span>
     <span class='ocr_line' id='line_1_27' title="bbox 94 2728 1372 2806; baseline 0.002 -22"><span class='ocrx_word' id='word_1_305' title='bbox 94 2745 181 2792; x_wconf 91' lang='lat' dir='ltr'>ruere,</span> <span class='ocrx_word' id='word_1_306' title='bbox 197 2739 226 2787; x_wconf 89' lang='lat' dir='ltr'>at</span> <span class='ocrx_word' id='word_1_307' title='bbox 243 2728 337 2786; x_wconf 87' lang='lat' dir='ltr'>saltem</span> <span class='ocrx_word' id='word_1_308' title='bbox 354 2731 488 2787; x_wconf 87' lang='lat' dir='ltr'>sustinere</span> <span class='ocrx_word' id='word_1_309' title='bbox 504 2731 611 2788; x_wconf 90' lang='lat' dir='ltr'>hostem</span> <span class='ocrx_word' id='word_1_310' title='bbox 626 2731 776 2806; x_wconf 89' lang='lat' dir='ltr'>possimus,</span> <span class='ocrx_word' id='word_1_311' title='bbox 793 2731 859 2788; x_wconf 87' lang='lat' dir='ltr'>Circ.</span> <span class='ocrx_word' id='word_1_312' title='bbox 878 2740 929 2788; x_wconf 88' lang='lat' dir='ltr'>tuae</span> <span class='ocrx_word' id='word_1_313' title='bbox 945 2731 1115 2793; x_wconf 88' lang='lat' dir='ltr'>mandamus,</span> <span class='ocrx_word' id='word_1_314' title='bbox 1130 2740 1162 2788; x_wconf 92' lang='lat' dir='ltr'>ut</span> <span class='ocrx_word' id='word_1_315' title='bbox 1177 2732 1235 2787; x_wconf 90' lang='lat' dir='ltr'>eius</span> <span class='ocrx_word' id='word_1_316' title='bbox 1250 2729 1372 2786; x_wconf 89' lang='lat' dir='ltr'>llaiesta·</span> 
     </span>
     <span class='ocr_line' id='line_1_28' title="bbox 95 2814 1372 2891; baseline 0.003 -25"><span class='ocrx_word' id='word_1_317' title='bbox 95 2821 143 2869; x_wconf 88' lang='lat' dir='ltr'>tem</span> <span class='ocrx_word' id='word_1_318' title='bbox 158 2832 212 2873; x_wconf 90' lang='lat' dir='ltr'>nou</span> <span class='ocrx_word' id='word_1_319' title='bbox 229 2823 284 2872; x_wconf 90' lang='lat' dir='ltr'>tam</span> <span class='ocrx_word' id='word_1_320' title='bbox 299 2815 451 2872; x_wconf 88' lang='lat' dir='ltr'>cohorteris</span> <span class='ocrx_word' id='word_1_321' title='bbox 468 2833 546 2890; x_wconf 89' lang='lat' dir='ltr'>qnam</span> <span class='ocrx_word' id='word_1_322' title='bbox 563 2815 689 2873; x_wconf 85' lang='lat' dir='ltr'>obsecres</span> <span class='ocrx_word' id='word_1_323' title='bbox 711 2824 738 2872; x_wconf 90' lang='lat' dir='ltr'>et</span> <span class='ocrx_word' id='word_1_324' title='bbox 759 2833 808 2891; x_wconf 84' lang='lat' dir='ltr'>per</span> <span class='ocrx_word' id='word_1_325' title='bbox 829 2815 931 2873; x_wconf 89' lang='lat' dir='ltr'>viscera</span> <span class='ocrx_word' id='word_1_326' title='bbox 948 2815 1140 2874; x_wconf 75' lang='lat' dir='ltr'>misericordie</span> <span class='ocrx_word' id='word_1_327' title='bbox 1161 2816 1205 2871; x_wconf 89' lang='lat' dir='ltr'>dei</span> <span class='ocrx_word' id='word_1_328' title='bbox 1220 2816 1307 2872; x_wconf 91' lang='lat' dir='ltr'>nostri</span> <span class='ocrx_word' id='word_1_329' title='bbox 1324 2814 1372 2872; x_wconf 92' lang='lat' dir='ltr'>ob·</span> 
     </span>
     <span class='ocr_line' id='line_1_29' title="bbox 94 2899 1371 2996; baseline 0.003 -44"><span class='ocrx_word' id='word_1_330' title='bbox 94 2900 205 2962; x_wconf 87' lang='lat' dir='ltr'>testeris,</span> <span class='ocrx_word' id='word_1_331' title='bbox 223 2909 255 2957; x_wconf 93' lang='lat' dir='ltr'>ut</span> <span class='ocrx_word' id='word_1_332' title='bbox 270 2899 406 2956; x_wconf 87' lang='lat' dir='ltr'>incumbat</span> <span class='ocrx_word' id='word_1_333' title='bbox 420 2902 530 2974; x_wconf 89' lang='lat' dir='ltr'>penitus</span> <span class='ocrx_word' id='word_1_334' title='bbox 546 2902 574 2958; x_wconf 90' lang='lat' dir='ltr'>in</span> <span class='ocrx_word' id='word_1_335' title='bbox 590 2901 658 2958; x_wconf 91' lang='lat' dir='ltr'>hanc</span> <span class='ocrx_word' id='word_1_336' title='bbox 673 2918 763 2957; x_wconf 90' lang='lat' dir='ltr'>curam</span> <span class='ocrx_word' id='word_1_337' title='bbox 779 2919 826 2957; x_wconf 91' lang='lat' dir='ltr'>suu</span> <span class='ocrx_word' id='word_1_338' title='bbox 841 2901 941 2959; x_wconf 90' lang='lat' dir='ltr'>virtute</span> <span class='ocrx_word' id='word_1_339' title='bbox 955 2911 982 2957; x_wconf 90' lang='lat' dir='ltr'>et</span> <span class='ocrx_word' id='word_1_340' title='bbox 997 2901 1181 2996; x_wconf 84' lang='lat' dir='ltr'>magnitudine</span> <span class='ocrx_word' id='word_1_341' title='bbox 1197 2901 1313 2975; x_wconf 82' lang='lat' dir='ltr'>dignam,</span> <span class='ocrx_word' id='word_1_342' title='bbox 1329 2919 1371 2956; x_wconf 89' lang='lat' dir='ltr'>se·</span> 
     </span>
     <span class='ocr_line' id='line_1_30' title="bbox 93 2984 1371 3081; baseline 0.001 -43"><span class='ocrx_word' id='word_1_343' title='bbox 93 3001 141 3056; x_wconf 90' lang='lat' dir='ltr'>qne</span> <span class='ocrx_word' id='word_1_344' title='bbox 155 2984 318 3041; x_wconf 85' lang='lat' dir='ltr'>universalis</span> <span class='ocrx_word' id='word_1_345' title='bbox 333 2984 429 3044; x_wconf 88' lang='lat' dir='ltr'>salutis</span> <span class='ocrx_word' id='word_1_346' title='bbox 444 2984 561 3043; x_wconf 86' lang='lat' dir='ltr'>fidelium</span> <span class='ocrx_word' id='word_1_347' title='bbox 578 2995 606 3043; x_wconf 90' lang='lat' dir='ltr'>et</span> <span class='ocrx_word' id='word_1_348' title='bbox 620 2987 795 3043; x_wconf 88' lang='lat' dir='ltr'>sanctissimae</span> <span class='ocrx_word' id='word_1_349' title='bbox 810 2985 870 3043; x_wconf 82' lang='lat' dir='ltr'>sidet</span> <span class='ocrx_word' id='word_1_350' title='bbox 892 3005 943 3062; x_wconf 90' lang='lat' dir='ltr'>pro</span> <span class='ocrx_word' id='word_1_351' title='bbox 964 3003 1012 3043; x_wconf 86' lang='lat' dir='ltr'>sua</span> <span class='ocrx_word' id='word_1_352' title='bbox 1033 2987 1108 3060; x_wconf 87' lang='lat' dir='ltr'>regia</span> <span class='ocrx_word' id='word_1_353' title='bbox 1129 2995 1206 3062; x_wconf 90' lang='lat' dir='ltr'>parte</span> <span class='ocrx_word' id='word_1_354' title='bbox 1226 2993 1371 3081; x_wconf 82' lang='lat' dir='ltr'>patromun</span> 
     </span>
     <span class='ocr_line' id='line_1_31' title="bbox 62 3067 1396 3164; baseline 0.004 -45"><span class='ocrx_word' id='word_1_355' title='bbox 62 3067 265 3164; x_wconf 72' lang='lat' dir='ltr'>euprobteutur,</span> <span class='ocrx_word' id='word_1_356' title='bbox 280 3069 373 3126; x_wconf 90' lang='lat' dir='ltr'>ducem</span> <span class='ocrx_word' id='word_1_357' title='bbox 390 3087 419 3126; x_wconf 90' lang='lat' dir='ltr'>se</span> <span class='ocrx_word' id='word_1_358' title='bbox 434 3070 571 3144; x_wconf 75' lang='lat' dir='ltr'>praebeat</span> <span class='ocrx_word' id='word_1_359' title='bbox 587 3088 652 3146; x_wconf 89' lang='lat' dir='ltr'>opes</span> <span class='ocrx_word' id='word_1_360' title='bbox 668 3071 872 3147; x_wconf 83' lang='lat' dir='ltr'>potentiamque</span> <span class='ocrx_word' id='word_1_361' title='bbox 888 3090 963 3129; x_wconf 90' lang='lat' dir='ltr'>suum</span> <span class='ocrx_word' id='word_1_362' title='bbox 977 3071 1028 3128; x_wconf 89' lang='lat' dir='ltr'>deo</span> <span class='ocrx_word' id='word_1_363' title='bbox 1045 3071 1238 3145; x_wconf 89' lang='lat' dir='ltr'>omnipotenti,</span> <span class='ocrx_word' id='word_1_364' title='bbox 1263 3070 1304 3127; x_wconf 89' lang='lat' dir='ltr'>sui</span> <span class='ocrx_word' id='word_1_365' title='bbox 1321 3087 1371 3125; x_wconf 93' lang='lat' dir='ltr'>no·</span> <span class='ocrx_word' id='word_1_366' title='bbox 1388 3093 1396 3102; x_wconf 87' lang='lat'><em>-</em></span> 
     </span>
     <span class='ocr_line' id='line_1_32' title="bbox 92 3153 1370 3232; baseline 0.002 -25"><span class='ocrx_word' id='word_1_367' title='bbox 92 3153 166 3209; x_wconf 92' lang='lat' dir='ltr'>minis</span> <span class='ocrx_word' id='word_1_368' title='bbox 182 3153 395 3232; x_wconf 83' lang='lat' dir='ltr'>immortalitati,</span> <span class='ocrx_word' id='word_1_369' title='bbox 412 3173 524 3212; x_wconf 90' lang='lat' dir='ltr'>suorum</span> <span class='ocrx_word' id='word_1_370' title='bbox 540 3166 713 3231; x_wconf 88' lang='lat' dir='ltr'>posterorum</span> <span class='ocrx_word' id='word_1_371' title='bbox 730 3156 868 3212; x_wconf 90' lang='lat' dir='ltr'>securitati</span> <span class='ocrx_word' id='word_1_372' title='bbox 884 3157 998 3220; x_wconf 88' lang='lat' dir='ltr'>dedicet,</span> <span class='ocrx_word' id='word_1_373' title='bbox 1014 3173 1062 3214; x_wconf 89' lang='lat' dir='ltr'>nce</span> <span class='ocrx_word' id='word_1_374' title='bbox 1078 3157 1186 3213; x_wconf 88' lang='lat' dir='ltr'>omittat</span> <span class='ocrx_word' id='word_1_375' title='bbox 1202 3154 1370 3213; x_wconf 89' lang='lat' dir='ltr'>occasionem</span> 
     </span>
     <span class='ocr_line' id='line_1_33' title="bbox 92 3237 1371 3315; baseline 0.002 -23"><span class='ocrx_word' id='word_1_376' title='bbox 92 3237 169 3300; x_wconf 88' lang='lat' dir='ltr'>bunc.</span> <span class='ocrx_word' id='word_1_377' title='bbox 192 3258 246 3314; x_wconf 80' lang='lat' dir='ltr'>pua</span> <span class='ocrx_word' id='word_1_378' title='bbox 263 3237 343 3295; x_wconf 88' lang='lat' dir='ltr'>hoste</span> <span class='ocrx_word' id='word_1_379' title='bbox 357 3249 452 3296; x_wconf 87' lang='lat' dir='ltr'>contra</span> <span class='ocrx_word' id='word_1_380' title='bbox 468 3257 519 3296; x_wconf 91' lang='lat' dir='ltr'>nos</span> <span class='ocrx_word' id='word_1_381' title='bbox 535 3249 638 3298; x_wconf 89' lang='lat' dir='ltr'>armato</span> <span class='ocrx_word' id='word_1_382' title='bbox 655 3249 701 3298; x_wconf 90' lang='lat' dir='ltr'>ant</span> <span class='ocrx_word' id='word_1_383' title='bbox 716 3240 863 3297; x_wconf 85' lang='lat' dir='ltr'>clarissima</span> <span class='ocrx_word' id='word_1_384' title='bbox 880 3241 992 3299; x_wconf 71' lang='lat' dir='ltr'>uictoria</span> <span class='ocrx_word' id='word_1_385' title='bbox 1007 3241 1135 3315; x_wconf 86' lang='lat' dir='ltr'>parienda</span> <span class='ocrx_word' id='word_1_386' title='bbox 1151 3247 1197 3296; x_wconf 90' lang='lat' dir='ltr'>aut</span> <span class='ocrx_word' id='word_1_387' title='bbox 1212 3254 1306 3314; x_wconf 86' lang='lat' dir='ltr'>magna</span> <span class='ocrx_word' id='word_1_388' title='bbox 1323 3237 1371 3295; x_wconf 91' lang='lat' dir='ltr'>ali·</span> 
     </span>
     <span class='ocr_line' id='line_1_34' title="bbox 91 3323 1371 3400; baseline 0.001 -23"><span class='ocrx_word' id='word_1_389' title='bbox 91 3341 138 3396; x_wconf 88' lang='lat' dir='ltr'>qna</span> <span class='ocrx_word' id='word_1_390' title='bbox 152 3323 294 3382; x_wconf 84' lang='lat' dir='ltr'>calamitas</span> <span class='ocrx_word' id='word_1_391' title='bbox 309 3324 469 3399; x_wconf 88' lang='lat' dir='ltr'>accipienda.</span> <span class='ocrx_word' id='word_1_392' title='bbox 506 3324 671 3400; x_wconf 82' lang='lat' dir='ltr'>Quamquam</span> <span class='ocrx_word' id='word_1_393' title='bbox 691 3327 714 3382; x_wconf 89' lang='lat' dir='ltr'>si</span> <span class='ocrx_word' id='word_1_394' title='bbox 730 3335 756 3382; x_wconf 91' lang='lat' dir='ltr'>et</span> <span class='ocrx_word' id='word_1_395' title='bbox 777 3326 866 3382; x_wconf 90' lang='lat' dir='ltr'>animo</span> <span class='ocrx_word' id='word_1_396' title='bbox 882 3335 910 3382; x_wconf 88' lang='lat' dir='ltr'>et</span> <span class='ocrx_word' id='word_1_397' title='bbox 924 3326 1026 3382; x_wconf 84' lang='lat' dir='ltr'>viribus</span> <span class='ocrx_word' id='word_1_398' title='bbox 1042 3343 1102 3382; x_wconf 92' lang='lat' dir='ltr'>enm</span> <span class='ocrx_word' id='word_1_399' title='bbox 1118 3333 1274 3399; x_wconf 89' lang='lat' dir='ltr'>promptum</span> <span class='ocrx_word' id='word_1_400' title='bbox 1290 3324 1371 3379; x_wconf 90' lang='lat' dir='ltr'>habe·</span> 
     </span>
     <span class='ocr_line' id='line_1_35' title="bbox 90 3405 1371 3484; baseline 0.002 -22"><span class='ocrx_word' id='word_1_401' title='bbox 90 3406 187 3476; x_wconf 87' lang='lat' dir='ltr'>bimus,</span> <span class='ocrx_word' id='word_1_402' title='bbox 209 3408 382 3484; x_wconf 84' lang='lat' dir='ltr'>exploratum</span> <span class='ocrx_word' id='word_1_403' title='bbox 398 3410 434 3466; x_wconf 90' lang='lat' dir='ltr'>sit</span> <span class='ocrx_word' id='word_1_404' title='bbox 448 3408 527 3466; x_wconf 91' lang='lat' dir='ltr'>nobis</span> <span class='ocrx_word' id='word_1_405' title='bbox 542 3412 575 3468; x_wconf 88' lang='lat' dir='ltr'>de</span> <span class='ocrx_word' id='word_1_406' title='bbox 590 3411 716 3473; x_wconf 85' lang='lat' dir='ltr'>victoria,</span> <span class='ocrx_word' id='word_1_407' title='bbox 739 3419 769 3467; x_wconf 95' lang='lat' dir='ltr'>nt</span> <span class='ocrx_word' id='word_1_408' title='bbox 784 3409 883 3484; x_wconf 84' lang='lat' dir='ltr'>aliquid</span> <span class='ocrx_word' id='word_1_409' title='bbox 905 3411 993 3466; x_wconf 90' lang='lat' dir='ltr'>damni</span> <span class='ocrx_word' id='word_1_410' title='bbox 1015 3410 1173 3474; x_wconf 88' lang='lat' dir='ltr'>subeamus,</span> <span class='ocrx_word' id='word_1_411' title='bbox 1193 3406 1303 3466; x_wconf 90' lang='lat' dir='ltr'>hostilis</span> <span class='ocrx_word' id='word_1_412' title='bbox 1319 3405 1371 3464; x_wconf 92' lang='lat' dir='ltr'>crit</span> 
     </span>
     <span class='ocr_line' id='line_1_36' title="bbox 61 3491 1370 3568; baseline 0.002 -24"><span class='ocrx_word' id='word_1_413' title='bbox 61 3493 185 3558; x_wconf 77' lang='lat' dir='ltr'>euentus,</span> <span class='ocrx_word' id='word_1_414' title='bbox 206 3495 257 3552; x_wconf 90' lang='lat' dir='ltr'>sed</span> <span class='ocrx_word' id='word_1_415' title='bbox 273 3502 382 3556; x_wconf 86' lang='lat' dir='ltr'>nostra,</span> <span class='ocrx_word' id='word_1_416' title='bbox 404 3495 428 3550; x_wconf 90' lang='lat' dir='ltr'>si</span> <span class='ocrx_word' id='word_1_417' title='bbox 442 3494 625 3560; x_wconf 89' lang='lat' dir='ltr'>cessabimus,</span> <span class='ocrx_word' id='word_1_418' title='bbox 647 3495 813 3568; x_wconf 84' lang='lat' dir='ltr'>negligentia</span> <span class='ocrx_word' id='word_1_419' title='bbox 829 3493 1039 3552; x_wconf 74' lang='lat' dir='ltr'>extimescenda:</span> <span class='ocrx_word' id='word_1_420' title='bbox 1062 3511 1076 3551; x_wconf 87' lang='lat' dir='ltr'>a</span> <span class='ocrx_word' id='word_1_421' title='bbox 1097 3493 1219 3551; x_wconf 89' lang='lat' dir='ltr'>consiliis</span> <span class='ocrx_word' id='word_1_422' title='bbox 1237 3493 1324 3568; x_wconf 78' lang='lat' dir='ltr'>igitur</span> <span class='ocrx_word' id='word_1_423' title='bbox 1338 3491 1370 3548; x_wconf 88' lang='lat' dir='ltr'>ad</span> 
     </span>
     <span class='ocr_line' id='line_1_37' title="bbox 91 3576 1371 3654; baseline 0.002 -23"><span class='ocrx_word' id='word_1_424' title='bbox 91 3576 154 3635; x_wconf 87' lang='lat' dir='ltr'>iacta</span> <span class='ocrx_word' id='word_1_425' title='bbox 169 3579 331 3636; x_wconf 87' lang='lat' dir='ltr'>veniendum</span> <span class='ocrx_word' id='word_1_426' title='bbox 347 3587 379 3635; x_wconf 85' lang='lat' dir='ltr'>et</span> <span class='ocrx_word' id='word_1_427' title='bbox 391 3587 448 3636; x_wconf 89' lang='lat' dir='ltr'>tota</span> <span class='ocrx_word' id='word_1_428' title='bbox 463 3581 584 3654; x_wconf 86' lang='lat' dir='ltr'>urgenda</span> <span class='ocrx_word' id='word_1_429' title='bbox 601 3599 644 3637; x_wconf 90' lang='lat' dir='ltr'>res</span> <span class='ocrx_word' id='word_1_430' title='bbox 659 3589 715 3642; x_wconf 86' lang='lat' dir='ltr'>cst,</span> <span class='ocrx_word' id='word_1_431' title='bbox 736 3581 763 3637; x_wconf 94' lang='lat' dir='ltr'>in</span> <span class='ocrx_word' id='word_1_432' title='bbox 786 3598 840 3654; x_wconf 89' lang='lat' dir='ltr'>quo</span> <span class='ocrx_word' id='word_1_433' title='bbox 862 3589 937 3637; x_wconf 90' lang='lat' dir='ltr'>tantu</span> <span class='ocrx_word' id='word_1_434' title='bbox 958 3581 1061 3636; x_wconf 89' lang='lat' dir='ltr'>enixius</span> <span class='ocrx_word' id='word_1_435' title='bbox 1082 3577 1208 3648; x_wconf 83' lang='lat' dir='ltr'>volumus</span> <span class='ocrx_word' id='word_1_436' title='bbox 1230 3577 1371 3634; x_wconf 87' lang='lat' dir='ltr'>elaborare</span> 
     </span>
     <span class='ocr_line' id='line_1_38' title="bbox 89 3662 1371 3741; baseline 0.001 -25"><span class='ocrx_word' id='word_1_437' title='bbox 89 3662 152 3720; x_wconf 83' lang='lat' dir='ltr'>Circ.</span> <span class='ocrx_word' id='word_1_438' title='bbox 168 3671 260 3727; x_wconf 90' lang='lat' dir='ltr'>tuam,</span> <span class='ocrx_word' id='word_1_439' title='bbox 276 3672 378 3738; x_wconf 86' lang='lat' dir='ltr'>quanto</span> <span class='ocrx_word' id='word_1_440' title='bbox 394 3681 454 3734; x_wconf 86' lang='lat' dir='ltr'>eum</span> <span class='ocrx_word' id='word_1_441' title='bbox 470 3667 604 3738; x_wconf 86' lang='lat' dir='ltr'>constanti</span> <span class='ocrx_word' id='word_1_442' title='bbox 620 3682 744 3724; x_wconf 90' lang='lat' dir='ltr'>sermone</span> <span class='ocrx_word' id='word_1_443' title='bbox 759 3665 791 3721; x_wconf 91' lang='lat' dir='ltr'>ud</span> <span class='ocrx_word' id='word_1_444' title='bbox 807 3683 857 3720; x_wconf 93' lang='lat' dir='ltr'>nos</span> <span class='ocrx_word' id='word_1_445' title='bbox 872 3662 1120 3741; x_wconf 88' lang='lat' dir='ltr'>perlerturllegem</span> <span class='ocrx_word' id='word_1_446' title='bbox 1137 3664 1224 3737; x_wconf 91' lang='lat' dir='ltr'>ipsum</span> <span class='ocrx_word' id='word_1_447' title='bbox 1239 3670 1266 3719; x_wconf 91' lang='grc' dir='ltr'>ιι</span> <span class='ocrx_word' id='word_1_448' title='bbox 1281 3662 1327 3737; x_wconf 93' lang='lat' dir='ltr'>pio</span> <span class='ocrx_word' id='word_1_449' title='bbox 1343 3670 1371 3717; x_wconf 91' lang='lat' dir='ltr'>et</span> 
     </span>
     <span class='ocr_line' id='line_1_39' title="bbox 89 3747 1376 3844; baseline 0 -42"><span class='ocrx_word' id='word_1_450' title='bbox 89 3765 219 3820; x_wconf 86' lang='lat' dir='ltr'>generoso</span> <span class='ocrx_word' id='word_1_451' title='bbox 237 3749 433 3828; x_wconf 84' lang='lat' dir='ltr'>inflammatum</span> <span class='ocrx_word' id='word_1_452' title='bbox 448 3753 510 3806; x_wconf 85' lang='lat' dir='ltr'>esse</span> <span class='ocrx_word' id='word_1_453' title='bbox 523 3751 613 3806; x_wconf 87' lang='lat' dir='ltr'>studio</span> <span class='ocrx_word' id='word_1_454' title='bbox 630 3751 710 3807; x_wconf 89' lang='lat' dir='ltr'>buius</span> <span class='ocrx_word' id='word_1_455' title='bbox 722 3750 888 3825; x_wconf 72' lang='lat' dir='ltr'>sanctissimi</span> <span class='ocrx_word' id='word_1_456' title='bbox 904 3747 969 3805; x_wconf 90' lang='lat' dir='ltr'>belli</span> <span class='ocrx_word' id='word_1_457' title='bbox 989 3748 1169 3844; x_wconf 75' lang='lat' dir='ltr'>suscipienbi;</span> <span class='ocrx_word' id='word_1_458' title='bbox 1190 3749 1222 3806; x_wconf 88' lang='lat' dir='ltr'>de</span> <span class='ocrx_word' id='word_1_459' title='bbox 1235 3749 1296 3823; x_wconf 87' lang='lat' dir='ltr'>&#39;quo</span> <span class='ocrx_word' id='word_1_460' title='bbox 1312 3747 1376 3820; x_wconf 74' lang='lat' dir='ltr'>agi!</span> 
     </span>
     <span class='ocr_line' id='line_1_40' title="bbox 89 3831 1370 3930; baseline -0.001 -44"><span class='ocrx_word' id='word_1_461' title='bbox 89 3849 144 3888; x_wconf 89' lang='lat' dir='ltr'>mus</span> <span class='ocrx_word' id='word_1_462' title='bbox 159 3851 210 3892; x_wconf 90' lang='lat' dir='ltr'>nos</span> <span class='ocrx_word' id='word_1_463' title='bbox 227 3833 338 3930; x_wconf 84' lang='lat' dir='ltr'>quidem</span> <span class='ocrx_word' id='word_1_464' title='bbox 352 3833 403 3890; x_wconf 88' lang='lat' dir='ltr'>deo</span> <span class='ocrx_word' id='word_1_465' title='bbox 420 3835 599 3908; x_wconf 89' lang='lat' dir='ltr'>omnipotenti</span> <span class='ocrx_word' id='word_1_466' title='bbox 615 3835 731 3908; x_wconf 89' lang='lat' dir='ltr'>gratias,</span> <span class='ocrx_word' id='word_1_467' title='bbox 757 3835 803 3930; x_wconf 82' lang='lat' dir='ltr'>qui</span> <span class='ocrx_word' id='word_1_468' title='bbox 824 3835 949 3911; x_wconf 88' lang='lat' dir='ltr'>spiritum</span> <span class='ocrx_word' id='word_1_469' title='bbox 965 3835 1020 3890; x_wconf 80' lang='lat' dir='ltr'>veri</span> <span class='ocrx_word' id='word_1_470' title='bbox 1036 3831 1141 3890; x_wconf 91' lang='lat' dir='ltr'>consilii</span> <span class='ocrx_word' id='word_1_471' title='bbox 1159 3841 1233 3889; x_wconf 91' lang='lat' dir='ltr'>tanto</span> <span class='ocrx_word' id='word_1_472' title='bbox 1247 3831 1338 3904; x_wconf 84' lang='lat' dir='ltr'>Regi</span> <span class='ocrx_word' id='word_1_473' title='bbox 1331 3847 1370 3886; x_wconf 94' lang='lat' dir='ltr'>m·</span> 
     </span>
     <span class='ocr_line' id='line_1_41' title="bbox 62 3914 1370 3993; baseline 0.006 -29"><span class='ocrx_word' id='word_1_474' title='bbox 62 3927 83 3966; x_wconf 86' lang='lat' dir='ltr'>u</span> <span class='ocrx_word' id='word_1_475' title='bbox 93 3917 188 3992; x_wconf 80' lang='lat' dir='ltr'>spirc&#39;t</span> <span class='ocrx_word' id='word_1_476' title='bbox 206 3919 299 3976; x_wconf 89' lang='lat' dir='ltr'>sedet</span> <span class='ocrx_word' id='word_1_477' title='bbox 315 3914 400 3993; x_wconf 85' lang='lat' dir='ltr'>ipsiu&#39;s</span> <span class='ocrx_word' id='word_1_478' title='bbox 416 3917 560 3976; x_wconf 90' lang='lat' dir='ltr'>Serenitati</span> <span class='ocrx_word' id='word_1_479' title='bbox 576 3919 705 3976; x_wconf 85' lang='lat' dir='ltr'>habemus</span> <span class='ocrx_word' id='word_1_480' title='bbox 720 3921 861 3978; x_wconf 88' lang='lat' dir='ltr'>maximus:</span> <span class='ocrx_word' id='word_1_481' title='bbox 884 3919 942 3978; x_wconf 87' lang='lat' dir='ltr'>haec</span> <span class='ocrx_word' id='word_1_482' title='bbox 963 3919 1033 3978; x_wconf 91' lang='lat' dir='ltr'>euim</span> <span class='ocrx_word' id='word_1_483' title='bbox 1048 3927 1112 3976; x_wconf 89' lang='lat' dir='ltr'>sunt</span> <span class='ocrx_word' id='word_1_484' title='bbox 1127 3925 1259 3992; x_wconf 89' lang='lat' dir='ltr'>perpetua</span> <span class='ocrx_word' id='word_1_485' title='bbox 1274 3915 1370 3974; x_wconf 86' lang='lat' dir='ltr'>salutis</span> 
     </span>
     <span class='ocr_line' id='line_1_42' title="bbox 88 3999 1379 4078; baseline -0.002 -21"><span class='ocrx_word' id='word_1_486' title='bbox 88 4011 112 4058; x_wconf 88' lang='lat' dir='ltr'>et</span> <span class='ocrx_word' id='word_1_487' title='bbox 126 4001 222 4078; x_wconf 80' lang='lat' dir='ltr'>gloriae</span> <span class='ocrx_word' id='word_1_488' title='bbox 239 4004 429 4066; x_wconf 78' lang='lat' dir='ltr'>fundamenta,</span> <span class='ocrx_word' id='word_1_489' title='bbox 456 4003 596 4078; x_wconf 88' lang='lat' dir='ltr'>quibus&#39;</span> <span class='ocrx_word' id='word_1_490' title='bbox 576 4023 597 4060; x_wconf 83' lang='lat' dir='ltr'>si</span> <span class='ocrx_word' id='word_1_491' title='bbox 620 4006 706 4061; x_wconf 81' lang='lat' dir='ltr'>udlrnc</span> <span class='ocrx_word' id='word_1_492' title='bbox 728 4003 820 4061; x_wconf 85' lang='lat' dir='ltr'>viridis</span> <span class='ocrx_word' id='word_1_493' title='bbox 842 4005 900 4062; x_wconf 89' lang='lat' dir='ltr'>eius</span> <span class='ocrx_word' id='word_1_494' title='bbox 921 4013 988 4061; x_wconf 82' lang='lat' dir='ltr'>aetas</span> <span class='ocrx_word' id='word_1_495' title='bbox 1009 4003 1153 4065; x_wconf 84' lang='lat' dir='ltr'>innitetur,</span> <span class='ocrx_word' id='word_1_496' title='bbox 1181 4000 1248 4058; x_wconf 87' lang='lat' dir='ltr'>nibil</span> <span class='ocrx_word' id='word_1_497' title='bbox 1269 3999 1321 4057; x_wconf 87' lang='grc' dir='ltr'>ιιιί</span> <span class='ocrx_word' id='word_1_498' title='bbox 1343 4001 1379 4057; x_wconf 85' lang='lat' dir='ltr'>in.</span> 
     </span>
     <span class='ocr_line' id='line_1_43' title="bbox 88 4086 1371 4164; baseline 0.002 -24"><span class='ocrx_word' id='word_1_499' title='bbox 88 4088 199 4144; x_wconf 91' lang='lat' dir='ltr'>inomni</span> <span class='ocrx_word' id='word_1_500' title='bbox 217 4088 403 4163; x_wconf 88' lang='lat' dir='ltr'>magnitudine</span> <span class='ocrx_word' id='word_1_501' title='bbox 420 4089 774 4164; x_wconf 87' lang='lat' dir='ltr'>tamumplumquodrpse</span> <span class='ocrx_word' id='word_1_502' title='bbox 796 4086 847 4146; x_wconf 89' lang='lat' dir='ltr'>sibi</span> <span class='ocrx_word' id='word_1_503' title='bbox 868 4090 1028 4164; x_wconf 89' lang='lat' dir='ltr'>promittere</span> <span class='ocrx_word' id='word_1_504' title='bbox 1051 4106 1105 4144; x_wconf 91' lang='lat' dir='ltr'>non</span> <span class='ocrx_word' id='word_1_505' title='bbox 1128 4087 1224 4163; x_wconf 89' lang='lat' dir='ltr'>possit.</span> <span class='ocrx_word' id='word_1_506' title='bbox 1269 4087 1321 4143; x_wconf 86' lang='lat' dir='ltr'>Sed</span> <span class='ocrx_word' id='word_1_507' title='bbox 1343 4094 1371 4142; x_wconf 93' lang='lat' dir='ltr'>et</span> 
     </span>
     <span class='ocr_line' id='line_1_44' title="bbox 88 4160 1370 4249; baseline 0 -23"><span class='ocrx_word' id='word_1_508' title='bbox 88 4173 209 4246; x_wconf 89' lang='lat' dir='ltr'>qnoniam</span> <span class='ocrx_word' id='word_1_509' title='bbox 226 4191 261 4230; x_wconf 85' lang='lat' dir='ltr'>ex</span> <span class='ocrx_word' id='word_1_510' title='bbox 276 4191 373 4249; x_wconf 86' lang='lat' dir='ltr'>magna</span> <span class='ocrx_word' id='word_1_511' title='bbox 389 4176 535 4231; x_wconf 78' lang='lat' dir='ltr'>&#39;lurcorum</span> <span class='ocrx_word' id='word_1_512' title='bbox 551 4173 637 4232; x_wconf 88' lang='lat' dir='ltr'>classe</span> <span class='ocrx_word' id='word_1_513' title='bbox 659 4175 804 4231; x_wconf 76' lang='lat' dir='ltr'>terendum</span> <span class='ocrx_word' id='word_1_514' title='bbox 825 4182 881 4238; x_wconf 91' lang='lat' dir='ltr'>est,</span> <span class='ocrx_word' id='word_1_515' title='bbox 904 4191 938 4230; x_wconf 91' lang='grc' dir='ltr'>ιιι</span> <span class='ocrx_word' id='word_1_516' title='bbox 959 4190 1022 4248; x_wconf 89' lang='lat' dir='ltr'>pars</span> <span class='ocrx_word' id='word_1_517' title='bbox 1043 4173 1134 4248; x_wconf 89' lang='lat' dir='ltr'>aliqua</span> <span class='ocrx_word' id='word_1_518' title='bbox 1155 4171 1204 4229; x_wconf 92' lang='lat' dir='ltr'>otii</span> <span class='ocrx_word' id='word_1_519' title='bbox 1226 4160 1370 4246; x_wconf 78' lang='lat' dir='ltr'>impatiens</span> 
     </span>
     <span class='ocr_line' id='line_1_45' title="bbox 87 4256 1371 4349; baseline -0.001 -37"><span class='ocrx_word' id='word_1_520' title='bbox 87 4259 234 4330; x_wconf 74' lang='lat' dir='ltr'>praelatum</span> <span class='ocrx_word' id='word_1_521' title='bbox 251 4267 279 4315; x_wconf 90' lang='lat' dir='ltr'>et</span> <span class='ocrx_word' id='word_1_522' title='bbox 294 4257 455 4349; x_wconf 79' lang='lat' dir='ltr'>populatum</span> <span class='ocrx_word' id='word_1_523' title='bbox 471 4275 520 4334; x_wconf 89' lang='lat' dir='ltr'>per</span> <span class='ocrx_word' id='word_1_524' title='bbox 535 4259 619 4316; x_wconf 81' lang='lat' dir='ltr'>mum&#39;a</span> <span class='ocrx_word' id='word_1_525' title='bbox 634 4268 662 4315; x_wconf 90' lang='lat' dir='ltr'>et</span> <span class='ocrx_word' id='word_1_526' title='bbox 675 4257 768 4316; x_wconf 90' lang='lat' dir='ltr'>littora</span> <span class='ocrx_word' id='word_1_527' title='bbox 784 4267 877 4315; x_wconf 89' lang='lat' dir='ltr'>nostra</span> <span class='ocrx_word' id='word_1_528' title='bbox 898 4259 1047 4326; x_wconf 88' lang='lat' dir='ltr'>discurrat,</span> <span class='ocrx_word' id='word_1_529' title='bbox 1069 4267 1177 4332; x_wconf 87' lang='lat' dir='ltr'>gratnm</span> <span class='ocrx_word' id='word_1_530' title='bbox 1198 4267 1271 4314; x_wconf 88' lang='lat' dir='ltr'>esset</span> <span class='ocrx_word' id='word_1_531' title='bbox 1290 4256 1371 4312; x_wconf 89' lang='lat' dir='ltr'>nobis</span> 
     </span>
     <span class='ocr_line' id='line_1_46' title="bbox 60 4339 1370 4439; baseline 0.002 -46"><span class='ocrx_word' id='word_1_532' title='bbox 60 4350 111 4396; x_wconf 81' lang='lat' dir='ltr'>uei</span> <span class='ocrx_word' id='word_1_533' title='bbox 125 4342 297 4418; x_wconf 73' lang='lat' dir='ltr'>reipublice,</span> <span class='ocrx_word' id='word_1_534' title='bbox 315 4339 464 4422; x_wconf 84' lang='lat' dir='ltr'>regnoque</span> <span class='ocrx_word' id='word_1_535' title='bbox 471 4361 521 4401; x_wconf 90' lang='lat' dir='ltr'>sno</span> <span class='ocrx_word' id='word_1_536' title='bbox 538 4345 722 4410; x_wconf 90' lang='lat' dir='ltr'>commodum,</span> <span class='ocrx_word' id='word_1_537' title='bbox 746 4352 776 4400; x_wconf 92' lang='grc' dir='ltr'>ιιι</span> <span class='ocrx_word' id='word_1_538' title='bbox 797 4343 897 4420; x_wconf 86' lang='lat' dir='ltr'>aliquid</span> <span class='ocrx_word' id='word_1_539' title='bbox 919 4343 1052 4400; x_wconf 88' lang='lat' dir='ltr'>baberct&#39;</span> <span class='ocrx_word' id='word_1_540' title='bbox 1045 4361 1102 4439; x_wconf 71' lang='lat' dir='ltr'>ipse</span> <span class='ocrx_word' id='word_1_541' title='bbox 1119 4343 1203 4399; x_wconf 82' lang='lat' dir='ltr'>iuliis</span> <span class='ocrx_word' id='word_1_542' title='bbox 1219 4341 1370 4398; x_wconf 91' lang='lat' dir='ltr'>orismuri·</span> 
     </span>
     <span class='ocr_line' id='line_1_47' title="bbox 88 4422 1369 4519; baseline 0.001 -39"><span class='ocrx_word' id='word_1_543' title='bbox 88 4422 154 4484; x_wconf 80' lang='lat' dir='ltr'>liniis</span> <span class='ocrx_word' id='word_1_544' title='bbox 170 4426 257 4486; x_wconf 84' lang='lat' dir='ltr'>ltaliae</span> <span class='ocrx_word' id='word_1_545' title='bbox 273 4447 304 4486; x_wconf 90' lang='lat' dir='ltr'>uc</span> <span class='ocrx_word' id='word_1_546' title='bbox 320 4427 419 4486; x_wconf 81' lang='lat' dir='ltr'>Siciliae</span> <span class='ocrx_word' id='word_1_547' title='bbox 434 4428 538 4486; x_wconf 80' lang='lat' dir='ltr'>idoneae</span> <span class='ocrx_word' id='word_1_548' title='bbox 556 4427 650 4485; x_wconf 89' lang='lat' dir='ltr'>classis</span> <span class='ocrx_word' id='word_1_549' title='bbox 665 4428 698 4484; x_wconf 87' lang='lat' dir='ltr'>ad</span> <span class='ocrx_word' id='word_1_550' title='bbox 714 4429 857 4486; x_wconf 92' lang='lat' dir='ltr'>arcendum</span> <span class='ocrx_word' id='word_1_551' title='bbox 874 4429 995 4492; x_wconf 89' lang='lat' dir='ltr'>bostem,</span> <span class='ocrx_word' id='word_1_552' title='bbox 1012 4430 1122 4503; x_wconf 89' lang='lat' dir='ltr'>suisque</span> <span class='ocrx_word' id='word_1_553' title='bbox 1139 4428 1219 4485; x_wconf 92' lang='lat' dir='ltr'>rebus</span> <span class='ocrx_word' id='word_1_554' title='bbox 1234 4425 1369 4519; x_wconf 74' lang='lat' dir='ltr'>praesidia,</span> 
     </span>
     <span class='ocr_line' id='line_1_48' title="bbox 85 4501 1370 4588; baseline 0.001 -23"><span class='ocrx_word' id='word_1_555' title='bbox 85 4514 184 4569; x_wconf 88' lang='lat' dir='ltr'>nostris</span> <span class='ocrx_word' id='word_1_556' title='bbox 199 4501 293 4575; x_wconf 82' lang='lat' dir='ltr'>etidm,</span> <span class='ocrx_word' id='word_1_557' title='bbox 310 4514 332 4570; x_wconf 87' lang='lat' dir='ltr'>si</span> <span class='ocrx_word' id='word_1_558' title='bbox 350 4531 418 4587; x_wconf 91' lang='lat' dir='ltr'>opus</span> <span class='ocrx_word' id='word_1_559' title='bbox 435 4521 515 4576; x_wconf 86' lang='lat' dir='ltr'>esset,</span> <span class='ocrx_word' id='word_1_560' title='bbox 534 4515 617 4569; x_wconf 83' lang='lat' dir='ltr'>terret</span> <span class='ocrx_word' id='word_1_561' title='bbox 633 4511 739 4569; x_wconf 89' lang='lat' dir='ltr'>auxilia</span> <span class='ocrx_word' id='word_1_562' title='bbox 761 4513 812 4570; x_wconf 88' lang='lat' dir='ltr'>Sed</span> <span class='ocrx_word' id='word_1_563' title='bbox 827 4529 878 4572; x_wconf 90' lang='lat' dir='ltr'>uos</span> <span class='ocrx_word' id='word_1_564' title='bbox 894 4513 1003 4588; x_wconf 84' lang='lat' dir='ltr'>ingenio</span> <span class='ocrx_word' id='word_1_565' title='bbox 1019 4523 1046 4570; x_wconf 91' lang='grc' dir='ltr'>ιι</span> <span class='ocrx_word' id='word_1_566' title='bbox 1061 4513 1212 4588; x_wconf 76' lang='lat' dir='ltr'>prudentie</span> <span class='ocrx_word' id='word_1_567' title='bbox 1229 4519 1281 4568; x_wconf 89' lang='lat' dir='ltr'>tuae</span> <span class='ocrx_word' id='word_1_568' title='bbox 1298 4511 1370 4568; x_wconf 83' lang='lat' dir='ltr'>com·</span> 
     </span>
    </p>
   </div>
   <div class='ocr_carea' id='block_1_4' title="bbox 86 4597 1284 4774">
    <p class='ocr_par' dir='ltr' id='par_1_4' title="bbox 86 4597 1284 4774">
     <span class='ocr_line' id='line_1_49' title="bbox 86 4597 1191 4672; baseline -0.001 -19"><span class='ocrx_word' id='word_1_569' title='bbox 86 4597 214 4656; x_wconf 89' lang='lat' dir='ltr'>mittimus</span> <span class='ocrx_word' id='word_1_570' title='bbox 230 4615 290 4656; x_wconf 90' lang='lat' dir='ltr'>rem</span> <span class='ocrx_word' id='word_1_571' title='bbox 308 4603 439 4654; x_wconf 86' lang='lat' dir='ltr'>totam..</span> <span class='ocrx_word' id='word_1_572' title='bbox 481 4599 620 4656; x_wconf 85' lang='grc' dir='ltr'><strong>...1)ιιιιιιι</strong></span> <span class='ocrx_word' id='word_1_573' title='bbox 635 4597 726 4654; x_wconf 82' lang='lat' dir='ltr'>Romae</span> <span class='ocrx_word' id='word_1_574' title='bbox 740 4597 824 4660; x_wconf 70' lang='lat' dir='ltr'>dies</span> <span class='ocrx_word' id='word_1_575' title='bbox 841 4598 957 4672; x_wconf 78' lang='lat' dir='ltr'>Augusti</span> <span class='ocrx_word' id='word_1_576' title='bbox 975 4605 1048 4661; x_wconf 77' lang='grc'>1518</span> <span class='ocrx_word' id='word_1_577' title='bbox 1064 4616 1134 4655; x_wconf 84' lang='lat' dir='ltr'>anuo</span> <span class='ocrx_word' id='word_1_578' title='bbox 1151 4597 1191 4653; x_wconf 83' lang='grc'>11</span> 
     </span>
     <span class='ocr_line' id='line_1_50' title="bbox 105 4675 1284 4774; baseline -0.003 -35"><span class='ocrx_word' id='word_1_579' title='bbox 105 4749 110 4760; x_wconf 88' lang='lat'><em>.</em></span> <span class='ocrx_word' id='word_1_580' title='bbox 163 4683 219 4741; x_wconf 86' lang='lat' dir='ltr'>Leo</span> <span class='ocrx_word' id='word_1_581' title='bbox 235 4683 267 4738; x_wconf 85' lang='lat' dir='ltr'>x.</span> <span class='ocrx_word' id='word_1_582' title='bbox 875 4767 879 4774; x_wconf 24' lang='lat'><strong><em>⁴</em></strong></span> <span class='ocrx_word' id='word_1_583' title='bbox 1100 4675 1284 4758; x_wconf 84' lang='lat' dir='ltr'>Sadol[etus].</span> 
     </span>
    </p>
   </div>
   <div class='ocr_carea' id='block_1_5' title="bbox 0 0 1708 5526">
    <p class='ocr_par' dir='ltr' id='par_1_5' title="bbox 0 0 1708 5526">
     <span class='ocr_line' id='line_1_51' title="bbox 0 0 1708 5526; baseline 0 1"><span class='ocrx_word' id='word_1_584' title='bbox 0 0 1708 5526; x_wconf 95' lang='lat' dir='ltr'> </span> 
     </span>
    </p>
   </div>
  </div>
 </body>
</html>
