3410 5524
350 401 421 472 ῙΗ
441 427 563 466 nrnnser
576 429 613 466 sn
625 423 772 466 rnrnenrrs
783 429 909 466 erumna
924 431 1034 466 arunvn
1047 419 1152 466 nnncrs‘
1161 431 1300 468 rnrsnrnn
1313 429 1539 468 nxnonrarorue
1549 417 1621 479 (tels.)

347 562 475 664 turdique
496 583 583 646 turha
606 593 665 656 est,
690 603 791 646 rerrrm
814 585 968 664 penuriam
985 593 1199 663 conquerentes
1214 603 1272 646 non
1289 604 1353 646 esse
1368 583 1479 646 bellurn
1494 586 1622 656 clament,
1694 629 1695 638 ,

310 711 327 738 a
346 695 486 756 vestram,
510 688 676 767 principes,
710 685 851 747 desidiam
881 693 1036 768 accusent,
1069 705 1171 748 rerum
1199 686 1399 764 gubernacula
1421 688 1622 750 contumeliose

346 791 553 858 criminentur,
577 787 741 849 inconsulta
763 787 863 867 plebs,
887 788 998 850 luriesa
1020 787 1195 858 multitudo,
1218 788 1352 850 insanum
1370 788 1487 866 vulgus,
1511 789 1622 857 minim,

345 894 478 972 inquam,
501 892 555 952 ista
579 907 614 950 ex
636 907 738 950 caussa
761 891 803 950 sic'
832 889 940 950 inritati
969 891 1005 950 ad
1033 891 1160 969 aliquam
1190 890 1425 970 coniunctionem
1454 890 1528 952 illud
1554 893 1622 970 quod
1694 907 1695 972 ζ

347 993 396 1054 diu
419 995 474 1055 iam
497 994 608 1072 agitant
630 991 783 1054 consihum
803 991 1014 1071 perduxerint,
1037 1009 1124 1071 qnam
1148 991 1278 1062 cladem,
1301 999 1519 1071 quasstreges,
1542 1009 1636 1072 qoam
1694 1005 1695 1056 t

277 1098 510 1155 §.nereditatem
532 1111 713 1172 praesumere
733 1092 816 1154 licet!
845 1093 979 1156 Proiecto
1007 1110 1066 1153 nou
1094 1111 1168 1183 cnm,
1190 1093 1260 1155 solis
1281 1093 1386 1156 Trineis
1413 1093 1528 1156 bellurn
1549 1093 1623 1156 nobis

346 1204 404 1258 est:
432 1215 608 1279 quanquam,
622 1197 647 1256 si
668 1215 720 1256 ros
747 1193 847 1266 vultis,
870 1213 939 1256 oum
961 1195 1045 1256 solis:
1072 1213 1139 1256 nam
1162 1195 1241 1276 quod
1264 1214 1317 1258 nos
1338 1195 1387 1257 hie
1408 1205 1497 1274 urget
1518 1198 1623 1276 pericu·

220 1337 222 1341 -
329 1299 420 1376 lum,
453 1297 633 1379 sihostihus
656 1297 858 1368 obvertemus,
893 1287 1010 1359 omnem
1033 1297 1124 1359 semel
1145 1307 1272 1369 metum,
1307 1309 1424 1360 onmem
1455 1298 1622 1360 discriminis

279 1404 335 1454 nn.
346 1402 542 1480 suspicionem
565 1399 701 1462 emedio
723 1398 937 1460 sustulerimus.
981 1401 1053 1473 Quae
1075 1419 1141 1461 cum
1164 1401 1202 1461 ita
1224 1402 1299 1471 sint,
1324 1417 1359 1460 ae
1381 1417 1431 1460 vos
1453 1399 1571 1462 abunde
1583 1401 1621 1458 in·

269 1529 272 1537 ·
344 1503 491 1565 tellexisse
512 1510 611 1580 liutem
635 1520 722 1581 quam
743 1503 783 1562 sit
804 1503 1002 1563 necessarium
1025 1500 1222 1572 bochellum,
1246 1519 1333 1580 quam
1349 1509 1500 1571 coactum,
1522 1501 1646 1564 minden
1694 1567 1695 1582 ,

344 1605 444 1686 qunles
466 1603 589 1681 gerendi
611 1605 793 1673 occasiones,
821 1620 901 1664 nunc
930 1605 960 1664 in
988 1604 1017 1665 id
1044 1605 1187 1666 intendite
1209 1604 1288 1684 quod
1310 1603 1440 1664 secundo
1469 1602 1537 1664 loeo
1558 1621 1619 1682 pro-
1694 1627 1695 1688 ]

345 1709 445 1786 pmui,
468 1725 527 1785 quo
549 1704 670 1768 consilio
692 1723 756 1766 rem
779 1703 1007 1784 pulcherrimam
1030 1707 1151 1785 aggredi
1172 1705 1272 1776 liceat,
1301 1705 1382 1786 quod
1409 1707 1447 1766 sit
1475 1723 1619 1766 remoren-

277 1815 334 1866 stt·
347 1811 416 1872 drrm
438 1807 636 1878 obstaculum,
660 1824 748 1887 qnam
771 1807 907 1868 emedio
929 1807 1032 1869 tollere
1054 1813 1189 1887 oporteat
1210 1807 1419 1869 difficultatem.
1450 1806 1575 1884 denique
1589 1807 1621 1866 ad

344 1912 420 1972 hano
442 1911 655 1991 expeditionem
679 1909 749 1986 quid
766 1891 942 1988 ¹requiratur
964 1917 993 1971 et
1014 1911 1162 1990 quomodo
1184 1911 1302 1989 quidem
1324 1911 1418 1989 possit
1438 1907 1498 1970 hoc
1519 1907 1619 1970 bellum
1694 1991 1695 1998 ἵ

344 2014 525 2092 facilegeri,
554 2011 666 2073 duabus
687 2013 850 2091 prasertim
874 2013 901 2070 in
924 2011 1015 2074 rebus
1043 2019 1192 2083 versatur,
1220 2015 1370 2074 communi
1397 2011 1570 2079 eoncordia,
1595 2017 1620 2068 et
1629 2028 1647 2066 u

314 2129 315 2134 ’
344 2099 376 2176 ut
396 2116 574 2176 unanimiter
596 2115 765 2193 imperatori
788 2121 891 2192 pareat
911 2114 1086 2183 Germania;
1114 2131 1182 2174 nam
1209 2115 1288 2194 quod
1315 2114 1403 2175 tertio
1429 2111 1495 2173 loco
1520 2119 1623 2190 querat
1694 2131 1695 2176 t

344 2216 462 2295 aliquis,
485 2215 564 2277 nude
587 2223 767 2278 commeatus
788 2223 942 2294 suppetat,
966 2216 1064 2278 minus
1086 2213 1206 2278 sollicite
1228 2233 1298 2294 ago,
1321 2223 1421 2277 certus
1441 2213 1621 2279 sibendun,
1694 2201 1695 2238 ¹

308 2317 580 2398 12q11anuoqudem
602 2337 637 2379 ea
659 2319 785 2380 maxime
807 2337 823 2378 a
845 2317 927 2378 uobis
949 2317 1166 2387 desiderantur,
1195 2319 1404 2397 prestiterim,
1432 2335 1492 2388 nou
1515 2316 1622 2378 delutu-

231 2401 233 2408 Α
276 2429 413 2504 titium
435 2422 464 2480 in
487 2419 550 2480 aliis
579 2419 740 2482 condlium.
784 2417 848 2488 Quo
875 2420 918 2481 sic
945 2417 1072 2480 habente
1100 2419 1284 2482 considerate
1312 2435 1367 2479 nro
1395 2435 1430 2479 ae
1456 2417 1622 2498 perpendite
1694 2431 1695 2516 p

344 2539 431 2602 quam
462 2521 542 2584 nullo
571 2524 690 2600 negotio
717 2521 832 2600 quantis
855 2521 939 2581 bonis
961 2522 1150 2583 fundamenta
1178 2523 1275 2583 iacere
1296 2519 1391 2582 liceat.
1436 2519 1532 2600 qualia
1561 2525 1649 2580 sunta
1694 2553 1695 2598 p

344 2627 422 2685 errim
444 2623 493 2684 illa
515 2633 582 2701 ‘quib
604 2640 655 2682 ros
683 2611 824 2684 dissidere
850 2623 982 2684 iaciunt?
1008 2633 1108 2685 nenne
1137 2625 1188 2702 qni
1215 2630 1345 2686 restrum
1372 2623 1499 2684 menime
1525 2621 1622 2684 iniuria

344 2745 375 2788 sc
398 2725 517 2801 allectos
539 2723 654 2793 nolunt,
678 2723 787 2803 aliquid
810 2725 846 2786 de
868 2721 977 2786 linibus
998 2725 1054 2786 sibi
1075 2724 1136 2787 suis
1157 2726 1321 2788 detractum
1336 2725 1521 2804 queruntur?
1542 2731 1622 2802 atque
1694 2757 1695 2818 p

252 2899 261 2911 Ι
306 2827 412 2888 ¹hbeo.
427 2826 489 2886 lere
511 2843 615 2902 mussa
637 2828 735 2904 potior
758 2845 791 2886 ac
814 2827 907 2886 maior
930 2825 1009 2890 nulla
1032 2835 1091 2896 est;
1114 2826 1234 2906 reliquas
1255 2825 1340 2896 riles,
1364 2826 1623 2888 muternnendad

345 2945 409 3007 qne
429 2927 502 2988 nihil
524 2929 664 2988 momenti
687 2927 816 2988 habeant
841 2929 921 3007 qnod
948 2930 979 2990 in
1006 2931 1104 3008 magni
1133 2931 1187 2992 viri
1213 2929 1344 2991 animum
1363 2929 1478 2992 cetere
1507 2928 1631 3008 dignum·
1694 2951 1695 2996 1

254 3071 260 3086 .
340 3031 396 3099 sit,
424 3030 563 3089 nimirum
585 3028 679 3089 inutili
702 3029 859 3091 ambitione
881 3049 932 3092 vos
955 3029 994 3090 ah
1020 3025 1145 3092 amicitia
1174 3049 1209 3092 aa
1236 3038 1335 3092 mutua
1364 3031 1485 3092 caritate
1513 3031 1647 3092 abstrait

277 3129 442 3193 §.sonante
481 3147 549 3190 nam
572 3139 603 3192 ut
625 3132 680 3192 ista
701 3126 841 3210 preclari
865 3131 967 3193 dicatis
988 3149 1023 3193 ae
1043 3133 1125 3193 terro
1155 3139 1184 3193 et
1209 3133 1271 3212 igni
1295 3133 1502 3212 persequenda
1522 3133 1624 3212 potetis
1694 3151 1695 3216 2

345 3233 422 3313 quod
444 3231 548 3311 aliquis
570 3235 704 3312 praetexit
725 3235 771 3294 ius
784 3232 847 3294 sihi
869 3252 954 3296 strunt
977 3235 1154 3304 detractum,
1180 3235 1212 3294 in
1239 3251 1325 3296 ¹snam
1347 3235 1486 3296 ditionem
1509 3249 1622 3294 eonem
1694 3231 1695 3296 l

344 3355 426 3404 sum,
450 3335 528 3414 qued
550 3333 624 3396 alius
646 3337 779 3413 arguitur
801 3344 913 3398 temere
936 3355 967 3398 se
989 3336 1081 3396 rebus
1102 3337 1295 3397 immiscuisse
1312 3335 1436 3405 alienis,
1465 3335 1540 3398 alias
1566 3345 1623 3395 nn·

344 3437 425 3499 betas
441 3436 502 3497 sibi
524 3439 723 3516 possessiones
746 3437 867 3508 clamet,
890 3435 1039 3517 pulsatum
1059 3435 1186 3500 villicum
1214 3429 1471 3513 aenhomuocioni
1487 3440 1545 3500 vini
1567 3435 1622 3497 illa·
1694 3471 1695 3484 ,

344 3547 418 3608 taren
452 3554 539 3621 quarn
562 3539 617 3598 nisi
640 3530 742 3600 alcisci
764 3542 827 3618 ipse
848 3539 926 3601 ultre
954 3543 1066 3619 cupiat,
1100 3538 1149 3602 ille
1178 3559 1215 3601 ue
1243 3547 1385 3620 queratur
1413 3539 1548 3620 quidem,
1583 3545 1651 3603 ute
1694 3551 1695 3600 t

280 3643 479 3719 sta-inquam,
509 3641 676 3702 huiusmodi
705 3641 847 3719 praeclare
874 3643 935 3702 sint
961 3648 989 3702 et
1017 3641 1055 3702 ob
1082 3659 1116 3702 ea
1145 3635 1317 3704 riddicanda
1340 3641 1447 3704 ceelnrn
1467 3649 1556 3704 terre
1577 3655 1623 3698 nos
1694 3679 1695 3728 3

344 3725 657 3811 miscereeonveniatr
685 3743 748 3804 haec
777 3743 925 3823 quomodo
955 3744 1086 3826 ferentur
1114 3743 1221 3816 donus
1248 3745 1285 3806 nb
1308 3751 1489 3823 prereptum
1510 3745 1623 3804 inanem
1694 3743 1695 3820 i

345 3845 476 3914 titulum,
499 3844 537 3906 ob
559 3845 743 3924 superiorem
764 3833 891 3924 petitum
908 3847 939 3906 in
964 3863 1103 3908 consessu
1130 3845 1243 3915 locum,
1271 3844 1310 3906 oh
1339 3845 1457 3925 diqnod
1486 3859 1621 3923 arrogans
1694 3837 1695 3910 l

346 3949 402 4007 tius
424 3945 570 4025 prolatum
594 3945 731 4016 verbum,
761 3945 799 4006 oh
829 3965 862 4008 ea
890 3963 956 4026 que
978 3965 1014 4008 ex
1036 3945 1222 4010 stemmatum
1243 3949 1397 4010 iactatione
1417 3950 1513 4008 oritur
1531 3947 1623 4008 olien-
1694 3931 1695 4014 ζ

200 4045 201 4048 ’
279 4047 459 4108 §.tedonem
483 4049 580 4108 omnia
602 4048 740 4110 ferociter
762 4051 818 4127 agi,
841 4051 939 4110 omnia
961 4048 1118 4120 hostiliter,
1142 4052 1240 4111 mimia
1262 4047 1439 4111 crudeliter?
1460 4049 1564 4112 Audite
1578 4062 1650 4110 mes

347 4150 436 4226 igitur
458 4165 517 4209 non
539 4149 680 4212 inutiliter
707 4159 874 4212 monentem
901 4161 957 4212 nec
986 4153 1103 4229 penitus
1126 4154 1265 4230 ignarum
1293 4152 1331 4212 de
1354 4149 1442 4213 'robis
1462 4151 1623 4214 Germaniae

347 4249 449 4328 uulgus
471 4250 541 4330 quid
559 4253 682 4323 snehat,
706 4251 942 4334 quandoqmdem
964 4255 1051 4316 audio
1073 4255 1143 4334 quid
1172 4254 1325 4334 loquatur:
1351 4255 1395 4316 sie
1415 4253 1523 4334 passim
1546 4254 1625 4314 aium

415 4477 1262 4550 ¹clementes-accusantes—criminantee1.2.cornil.
1294 4492 1478 4542 criminanti:
1539 4487 1624 4556 ⁸per·
1694 4479 1695 4482 Ἴ

348 4573 481 4624 duemnt
499 4575 524 4623 ².
542 4576 591 4624 aed
606 4589 674 4624 coer.
688 4577 736 4640 ts.
790 4575 946 4643 ¹⁶·qnseret]
965 4582 997 4627 ut
1014 4567 1438 4643 quesierant'Rererandissinni
1492 4572 1520 4605 ²⁵
1539 4573 1625 4624 cbari-

347 4663 407 4708 ttnte
426 4662 448 4710 1.
502 4657 526 4692 ’Υ
542 4659 678 4710 dicionem
698 4664 720 4710 Ι.
772 4658 795 4693 ⁸⁸
812 4661 981 4728 superine]
1002 4663 1124 4714 chinhe
1142 4663 1287 4729 repetitam
1305 4660 1546 4714 subnotemus-m
1563 4675 1625 4712 cetr-

246 4729 249 4736 ’
347 4749 445 4795 ventus
462 4744 644 4812 Angusteneis
660 4742 915 4817 descriptionem„
973 4778 1004 4824 0·
1694 4737 1695 4740 ’
