3464 5526
219 445 345 492 nunniti
360 453 389 490 l!
408 455 501 492 DVGBH
519 423 796 492 wrauxnrultomtsmt
814 452 917 489 081'1'10
936 453 993 488 llll
1019 451 1046 488 8
1061 451 1125 488 avil
1138 445 1239 514 Δ.1517.Ι
1321 421 1367 491 75

100 615 198 692 cipem
224 602 377 688 indignum
398 605 498 680 titulo,
526 610 617 686 signis
639 627 674 670 aa
696 610 814 670 nomine
841 608 968 669 iudicet?
996 569 1123 686 aliquam
1154 609 1231 669 enim
1259 613 1369 670 tantam

99 701 297 794 turpitudinem
320 731 400 773 esse
394 725 465 788 pon
487 699 591 781 credo,
615 729 703 790 quam
723 717 755 771 tu
777 727 837 770 non
860 708 904 771 vel
926 709 1079 771 admiseris
1100 708 1189 781 vel
1166 727 1190 772 su
1211 724 1265 790 per
1287 710 1368 788 igna-

93 818 164 876 riam
184 813 306 883 audeas,
329 814 483 876 admittere
506 812 584 876 velis
622 820 668 882 lu,
692 831 758 873 cum
780 811 981 890 turpissimum
1003 813 1040 871 sit
1055 829 1122 872 cum
1138 831 1173 872 eo
1187 809 1297 873 bellum
1313 829 1364 889 ge·
1350 821 1436 874 nitro.

99 936 156 979 rere
183 918 302 996 quicum
325 915 506 978 familiariter
527 917 662 986 rixeris,¹
683 933 749 976 eum
772 909 946 975 interfecisti
969 914 1056 1004 etiam
1082 929 1170 993 quem
1195 914 1370 974 amicissima

84 1009 298 1080 sconsuetudine
321 1019 457 1078 iunctum.
474 1017 618 1094 habebas:
648 1016 705 1078 hoc
732 1035 829 1096 neque
851 1015 957 1090 Turcaa
979 1012 1125 1087 lacerent,
1152 1032 1249 1094 neque
1271 1015 1317 1075 isti
1339 1014 1370 1074 in

99 1123 168 1182 omni
188 1121 295 1184 saevitia
316 1120 449 1200 primarii
471 1120 597 1181 artifices
618 1119 742 1188 Rhussi;
765 1133 883 1197 semper
905 1119 983 1180 enim
1005 1118 1036 1178 lu
1058 1116 1157 1178 hostes
1175 1114 1304 1180 'ferocire
1325 1123 1370 1178 sa*-

99 1226 130 1284 tis
148 1223 329 1290 babuerunt,
345 1227 390 1282 tu
413 1239 481 1282 eum
503 1221 693 1282 excarnificas
715 1239 804 1299 quem
826 1219 951 1281 alterum
972 1225 1003 1280 te
1030 1217 1179 1299 appellare
1201 1217 1303 1280 solitus
1326 1235 1366 1279 es.

98 1338 253 1405 quanquam
281 1324 354 1384 nibil
381 1341 483 1392 moror
509 1323 585 1384 hanc
612 1330 641 1412 te
670 1325 825 1385 amicitiam
852 1320 1003 1384 simulasse
1031 1327 1075 1382 tot
1103 1337 1211 1389 annos:
1245 1318 1359 1400 quodsi,
1369 1334 1436 1385 erar.

98 1427 335 1504 quemadmodum
358 1426 394 1488 de
417 1445 449 1488 se
472 1425 589 1505 quidam
612 1424 741 1494 dicebat,
772 1425 937 1486 amicitiam·
956 1441 990 1484 ac
1018 1423 1199 1485 inimicitiam
1219 1423 1251 1482 in
1274 1421 1371 1484 fronte

73 1544 220 1605 operares,
249 1527 329 1590 haud
350 1527 484 1607 proditus
506 1535 582 1589 esset
603 1525 653 1588 ille
675 1534 791 1588 noster:
821 1523 910 1587 lacile
934 1526 966 1585 iu
993 1543 1127 1587 errorem
1156 1524 1275 1586 abducit
1301 1524 1370 1585 aim-

97 1630 172 1709 plicia
193 1632 310 1709 ingenia
333 1631 385 1707 qui
407 1628 546 1690 simulare
568 1647 602 1690 ao
624 1627 807 1692 dissimulare
829 1629 941 1706 peritus
963 1633 1023 1689 est:
1045 1637 1074 1689 te
1089 1626 1167 1689 illius
1180 1628 1247 1688 vita
1267 1644 1369 1707 synoe-

96 1733 170 1802 ritas,
192 1732 288 1812 siquid
305 1732 433 1794 oliensus
449 1731 486 1792 ab
502 1731 671 1800 coluisses,
695 1730 731 1792 ad
754 1731 867 1792 veniam
889 1728 1033 1792 reducere
1055 1728 1157 1791 debuit
1178 1736 1207 1790 et
1228 1730 1368 1808 gratiam;
1417 1727 1419 1732 ’

96 1841 120 1893 at
138 1851 232 1913 neque
255 1833 345 1895 verbo
368 1849 465 1913 noque
488 1833 564 1894 lacto
586 1834 657 1894 viris
678 1833 799 1910 indigno
822 1839 986 1894 commotus
1006 1829 1199 1910 probitatem,
1230 1834 1369 1893 innocen·

96 1937 156 1996 uam
183 1953 218 1998 ac
246 1938 387 2015 optimam
415 1934 454 1997 ab
483 1937 565 1996 omni
592 1936 733 1996 virtutum
760 1951 870 2013 genere
891 1932 1020 1996 indolem
1043 1934 1222 2012 puniendam
1245 1933 1368 1995 duxisti.

72 2055 143 2116 upro
164 2037 305 2117 exquisita
328 2038 415 2128 igitur
437 2037 545 2099 virtute
566 2055 684 2116 plenam
705 2036 874 2106 reddidisti;
903 2053 978 2115 pro
986 2034 1128 2112 singulari
1156 2053 1226 2114 erga
1257 2043 1285 2096 te
1311 2035 1363 2096 oh·
1352 2053 1440 2104 urae-r.

94 2137 235 2217 sequentia
257 2139 433 2201 virulentam
454 2139 531 2200 hanc
553 2139 691 2202 invidiam
719 2137 884 2200 obvertisti:
912 2154 999 2218 quam
1029 2155 1090 2198 non
1116 2143 1212 2200 tutum
1243 2141 1287 2198 est
1315 2137 1372 2198 hoc

94 2241 173 2316 igitur
204 2244 291 2320 sequi
318 2239 397 2320 quod
425 2241 507 2302 aiunt
535 2241 719 2319 obsequium
752 2231 862 2302 amicos
894 2237 1020 2320 parere,
1052 2257 1121 2300 uam
1152 2238 1193 2300 illi
1227 2239 1370 2302 incestam

94 2341 261 2404 inimicitiam
285 2345 411 2423 peperit.
455 2341 538 2404 lubet
561 2343 690 2406 odiosam
718 2341 883 2404 exclamare
911 2343 1046 2403 virtutem
1075 2359 1141 2420 quae
1169 2342 1274 2402 invidia
1297 2357 1371 2402 nun-

94 2461 171 2522 quam
199 2453 297 2514 earet,
332 2445 386 2506 etsi
413 2452 442 2506 te
475 2463 510 2506 ex
544 2443 665 2506 libidine
696 2447 796 2524 potius
828 2461 916 2523 quam
944 2443 1050 2506 invidia
1077 2443 1137 2504 huc
1165 2443 1280 2503 sevitiae
1302 2460 1371 2521 pro·

67 2559 217 2622 agressum
250 2546 392 2608 credibile
425 2529 485 2616 esu
524 2538 597 2608 libet
635 2548 711 2607 enlm
745 2563 832 2608 omne
864 2545 918 2606 tibi
950 2543 1074 2616 malum,
1114 2551 1144 2606 et
1175 2535 1246 2605 nihil
1276 2544 1372 2623 placet

93 2645 168 2718 boni,
198 2657 231 2709 ut
262 2647 343 2709 nulla
371 2654 429 2710 lam
461 2649 566 2728 exigua
594 2649 681 2710 causa
708 2649 746 2710 sit
773 2665 838 2727 quae
859 2654 888 2710 te
910 2665 969 2708 non
991 2648 1027 2709 ad
1050 2657 1141 2707 omne
1159 2646 1268 2707 malum
1291 2645 1379 2720 iacil-¹

92 2747 150 2810 lime
175 2751 315 2866 inritet·
333 2757 420 2831 atque
449 2767 514 2812 eam
540 2752 571 2810 in
601 2757 628 2811 le
654 2757 789 2810 naturam
815 2752 929 2828 reperi,
959 2755 991 2810 ut
1017 2756 1100 2811 luam
1126 2749 1261 2810 inuictam
1283 2747 1439 2817 mali-§.rao

92 2851 151 2912 tiam
173 2869 230 2932 quo
254 2869 358 2913 rocem
381 2853 501 2914 nomine
524 2869 583 2912 nou
598 2851 738 2922 habeam;
761 2859 862 2913 exacte
878 2852 971 2912 malus
986 2869 1034 2920 es:
1058 2867 1273 2931 quemcumque
1287 2857 1371 2914 tuum

92 2951 237 3014 articulum
253 2955 381 3015 moverit
394 2955 460 3034 quis
475 2959 526 3014 aut
547 2967 763 3034 quamcumque
786 2955 935 3031 sanguinis
957 2959 1069 3030 guttam
1091 2954 1304 3032 introspexerit,
1327 2953 1372 3013 ni·

65 3053 126 3114 auri
147 3055 216 3116 boni
240 3063 301 3125 est,
324 3057 422 3117 omnia
444 3054 513 3116 odio
535 3055 636 3142 digna,
660 3057 759 3116 onmia
781 3054 902 3116 sceleris
924 3074 959 3116 ac
972 3056 1113 3134 perniciei
1128 3055 1216 3134 plena
1230 3056 1372 3124 inveniet:

92 3157 243 3233 putandum
267 3166 313 3220 est
334 3156 482 3234 quandam
513 3159 595 3237 quasi
623 3156 768 3218 malcrum
797 3175 921 3237 operum
951 3155 1098 3218 officinam
1126 3175 1227 3218 rerum
1249 3163 1373 3218 matrem

91 3247 214 3325 naturam
237 3260 397 3321 instituisse
417 3254 534 3328 'tecum;
557 3249 806 3324 disoemi'rolunt
828 3265 876 3320 tua
900 3260 1035 3330 crimina,
1059 3267 1088 3321 et
1110 3261 1147 3320 iia
1170 3259 1314 3336 gradatim
1329 3261 1373 3320 ln·

93 3367 131 3420 ter
150 3379 181 3422 se
203 3361 364 3430 dissideam
393 3367 427 3423 ut
447 3379 507 3422 uno
530 3360 671 3422 vocabulo
699 3361 910 3440 comprehendi
938 3363 1052 3440 possint
1079 3363 1214 3430 minime;
1243 3361 1314 3422 nibil
1343 3368 1373 3423 le

85 3479 141 3521 ono
163 3463 302 3524 acerbius
325 3469 383 3533 est,
414 3461 487 3524 nibil
510 3461 719 3532 truculentius,
750 3462 821 3522 nihil
850 3463 1038 3525 inhumanius
1060 3469 1109 3524 aut
1131 3469 1233 3523 comm
1255 3479 1372 3546 omnam

65 3581 85 3614 :c
94 3563 247 3626 naturalem
269 3565 414 3626 rationem
437 3565 530 3644 magis
553 3555 762 3642 compositum,
787 3566 848 3634 oui,
872 3563 1234 3626 cum··neiariamcaedcm
1251 3564 1372 3632 laceres,

91 3683 176 3744 neque
204 3650 328 3730 morum
351 3669 519 3728 innocentia
546 3667 575 3726 in
602 3665 651 3728 ilio
680 3667 783 3728 iuvene
811 3683 907 3745 neque
928 3666 1015 3727 huius
1036 3666 1128 3745 patris
1149 3671 1218 3726 aetas
1240 3673 1291 3728 aut
1312 3664 1371 3724 icr-

91 3773 158 3827 tunae
178 3770 323 3846 dignitas,
348 3787 407 3848 quo
430 3770 526 3830 minus
549 3768 646 3828 omnia
669 3769 848 3837 inveneras,
871 3768 991 3829 obstitit.
1036 3756 1119 3828 llnda
1141 3768 1228 3844 igilur
1250 3785 1441 3839 sumamrrar.

91 3869 150 3930 nihi
171 3877 287 3932 tantum
310 3872 429 3950 spiritus
450 3876 501 3932 aut
522 3872 601 3933 vocis
623 3871 817 3948 quantumin
839 3877 868 3931 lc
889 3869 1057 3948 prodigioso
1086 3867 1273 3932 malefactore
1301 3887 1368 3930 exe-

91 3971 189 4032 crando
204 3980 382 4034 consumare
396 3971 486 4034 libell
509 3971 570 4042 Qua
593 3975 622 4033 in
643 3991 677 4034 re
699 3972 875 4044 metuendus
897 3972 986 4033 credo
1009 3989 1055 4040 es,
1079 3979 1112 4033 ut
1133 3974 1183 4052 qui
1204 3971 1268 4034 lraee
1283 3971 1368 4042 dicat,

66 4073 236 4134 caracara
259 4072 526 4136 turbulentiarum
548 4092 629 4137 arma
652 4076 798 4153 istumque
820 4075 950 4136 lurorem
981 4075 1132 4135 miniteris.
1176 4080 1205 4136 at
1234 4071 1304 4134 mihi
1333 4092 1371 4136 ne

91 4175 224 4254 propitius
247 4193 379 4258 uuquam
402 4177 458 4245 sis,
482 4177 512 4237 id
534 4175 678 4256 imprimis
700 4173 809 4237 laboro*
826 4177 1010 4254 ciliciamque
1025 4178 1170 4246 omnium·
1183 4178 1279 4238 minua
1295 4179 1372 4238 enim

149 4429 260 4482 ’Rosci
278 4433 304 4480 2.
381 4429 459 4480 saire
485 4430 602 4482 alterum
625 4434 653 4481 te
675 4433 726 4482 aiae
750 4431 866 4498 alierum
888 4446 931 4480 me
952 4431 1063 4490 scribas,
1084 4447 1176 4496 prmum
1198 4432 1291 4482 Latine
1314 4437 1372 4483 era't.

94 4509 111 4543 ¹⁰
127 4515 245 4579 quidam]
270 4515 324 4578 „Q.
343 4513 449 4566 Ennius
467 4511 496 4564 iul
513 4514 562 4565 illo
581 4516 809 4566 memoratissimo
826 4515 897 4566 libro
915 4515 984 4566 dixit
1006 4517 1013 4578 ,'
1017 4551 1130 4579 ........
1148 4517 1189 4566 Eo
1207 4513 1275 4583 [epo]
1296 4517 1372 4582 inge·

93 4597 131 4668 nio
147 4605 228 4652 natus
247 4613 320 4658 aum,
337 4598 497 4649 Amicitiam
516 4604 601 4664 alque
619 4599 792 4649 inimicitiam
805 4601 834 4650 in
847 4601 964 4651 frontem
977 4605 1131 4666 promptam
1143 4603 1236 4666 gero!
1253 4599 1325 4651 Gall.
1339 4601 1371 4650 N.

93 4678 119 4730 h.
130 4683 199 4736 xix.
211 4682 270 4746 ΘΛ.
353 4683 376 4716 ¹⁸
393 4673 712 4746 Torenr.a11'dr·.1.l‚u.
736 4684 905 4748 Obsequium
923 4687 1039 4744 amicos,
1057 4685 1163 4736 ueritas
1181 4685 1272 4736 odium
1289 4684 1370 4750 parii.

92 4761 112 4798 ¹⁴
126 4767 288 4836 Qucncuqu
306 4773 330 4821 l.
384 4763 408 4800 ⁸⁵
425 4781 582 4834 quancunq3
634 4767 654 4802 ³¹
673 4769 746 4828 ⁸¹(lui
763 4783 857 4820 annea.
