3410 5524
328 383 339 453 l
354 383 398 454 18
418 409 744 450 ut·rxrn1anruxncrnxs
758 398 842 444 unu.
851 409 885 448 tr
898 409 1008 445 nnccvu
1022 407 1121 443 urucas
1134 378 1275 444 'xesrxsxsx
1288 403 1512 456 exuperaxonrx.
1523 389 1601 454 (tots.)

322 565 451 630 nobilem
474 564 600 644 stipitem
623 561 858 624 concutientibus
880 579 912 624 se
935 561 1065 622 invicem.
1079 559 1168 622 ramis
1190 579 1244 623 suo
1266 559 1369 622 nudari
1391 559 1523 631 honore,
1544 563 1602 624 suis

321 669 430 750 privari
452 665 615 728 tmcnhust
643 663 806 745 probabitis
833 665 858 723 si
886 663 914 722 in
938 663 1056 740 egregio
1080 679 1206 743 corpore
1226 669 1330 722 mutuo
1352 661 1495 724 conllietu
1517 665 1601 724 inter·

320 775 388 832 eant
416 767 570 831 membra?
600 767 671 845 qnid
695 766 777 842 ¹aliud
800 766 877 826 enlm
900 763 957 826 sihi
979 762 1039 826 vult
1061 764 1138 826 istud
1160 769 1288 826 ossuum
1311 762 1566 843 dissidium-quam
1579 766 1601 824 si
1687 751 1688 820 l

216 907 222 913 -
321 889 425 933 manus
446 870 561 940 manui,
584 888 638 950 pes
659 855 728 948 pedi
749 876 800 930 aut
823 873 911 947 caput
933 867 1028 928 ventri
1048 865 1162 928 bellum
1183 865 1307 936 lnrlicat,
1329 864 1374 928 rel
1388 865 1419 925 in
1434 863 1483 926 illa
1499 865 1600 927 arbore

321 975 345 1036 si
367 991 468 1034 ramus
489 991 605 1034 ramum
627 971 744 1033 invadat
765 989 800 1031 ac
820 968 991 1048 altmmpat,
1015 975 1048 1029 ut
1069 967 1159 1033 arbor
1174 975 1296 1060 truncus
1311 968 1363 1038 sit,
1386 974 1418 1028 ut
1433 983 1543 1047 corpus
1556 977 1619 1048 opt
1687 973 1688 1060 l

241 1076 434 1160 innodatur?
456 1073 561 1145 Quaeso
584 1073 660 1152 illius
681 1079 859 1136 mementote
873 1071 999 1134 Menenii
1018 1071 1157 1151 Agrippas
1177 1068 1302 1130 Romani
1324 1067 1467 1132 beneficio
1490 1069 1601 1132 hutort-
1687 1063 1688 1132 l

322 1195 426 1240 corum
448 1194 507 1236 non
528 1175 669 1254 incogniti
691 1174 775 1237 rolris
797 1171 922 1253 apologi.
968 1172 1032 1233 Dixi
1058 1171 1117 1232 iam
1130 1169 1235 1233 semel
1258 1189 1293 1232 ac
1315 1172 1422 1234 iterum
1445 1173 1533 1250 ‘quod
1555 1175 1600 1234 uni

320 1287 449 1341 vestrum
472 1263 620 1346 aufertur,
643 1277 780 1338 omnibus
803 1274 952 1344 autentum
975 1270 1158 1352 singulomm
1180 1273 1303 1350 malum,
1327 1291 1483 1336 commune
1497 1273 1600 1336 malum
1687 1293 1688 1378 p

321 1379 383 1442 est!
415 1380 554 1464 Proinde
577 1385 610 1440 ut
631 1379 771 1440 audacius
792 1376 912 1456 loquar,
935 1375 1060 1444 desinite
1081 1375 1220 1438 inutiliter
1242 1375 1440 1454 disceptantes
1454 1375 1600 1456 publicum
1687 1381 1688 1424 l

322 1481 455 1544 minuere
477 1481 606 1550 bonum;
630 1481 751 1542 deslnite
774 1481 923 1543 intervos
945 1480 1073 1540 rixantes
1094 1496 1201 1541 vexare
1216 1477 1418 1548 Germaniam,
1442 1479 1599 1558 perniciem
1609 1489 1630 1529 ¹⁰
1687 1475 1688 1480 ’

322 1583 433 1649 interne
455 1585 571 1662 patriae:
600 1584 630 1644 iu
652 1599 781 1652 summa,
810 1581 934 1643 desinite
956 1582 986 1641 in
1010 1597 1111 1642 caussa
1133 1598 1214 1650 esse,
1236 1587 1269 1642 ut
1289 1587 1412 1660 pereant
1434 1579 1599 1642 Glxx'istiani!
1687 1599 1688 1602 ¹

251 1685 390 1747 t·¹⁰¹·lam
411 1683 469 1745 lroc
489 1686 544 1746 nisi
566 1685 670 1754 tacitis,
687 1684 749 1745 ‘nisi
770 1683 839 1744 huic
861 1683 968 1762 paretis
989 1682 1157 1753 monitioni,
1182 1683 1388 1762 (nequeenim
1403 1701 1471 1743 meo
1487 1683 1600 1744 nomine
1687 1705 1688 1760 t

320 1787 405 1857 dico,
428 1803 489 1851 uno
510 1787 564 1846 ista
588 1787 718 1848 omnium
734 1787 949 1849 Germanorum
971 1785 1007 1846 ad
1029 1801 1081 1845 vos
1103 1783 1232 1846 clamore
1254 1783 1380 1864 perferri
1395 1783 1528 1865 credite)
1550 1785 1601 1844 nisi
1687 1783 1688 1854 l

319 1905 391 1958 nos,
416 1904 551 1968 quorum,
565 1887 766 1954 membrorum
790 1889 885 1965 capita
907 1888 991 1956 estis,
1015 1886 1146 1965 affligere
1168 1905 1203 1950 ac
1225 1887 1351 1967 perdere
1373 1875 1507 1948 desinitis
1529 1886 1600 1963 (dico
1687 1881 1688 1948 l

320 1991 403 2052 venia
425 1997 458 2051 ut
479 1991 561 2069 prius
583 1996 693 2072 vestra,
716 1996 746 2052 et
768 1987 823 2051 illis
845 1988 910 2051 dico
926 1990 976 2070 qul
990 1988 1156 2050 huiusmodi
1165 1981 1315 2050 tactorum
1328 1987 1386 2050 sibi
1400 1989 1513 2050 conscii
1527 1989 1598 2064 sunt]
1611 2000 1630 2040 ¹⁵
1687 1976 1688 2064 Ῐ

320 2092 453 2154 ridebitis
475 2097 578 2155 contra
599 2109 685 2154 snum
707 2090 863 2170 aliquando
886 2097 974 2170 caput
996 2091 1135 2171 quasdam
1150 2107 1269 2160 manus,
1293 2091 1436 2171 quosdam
1451 2091 1601 2168 insurgere

321 2193 426 2276 pedem
450 2201 479 2256 et
500 2202 571 2256 tuac
593 2213 643 2256 vos
664 2194 784 2273 quidem
804 2193 875 2254 tanti
889 2189 959 2254 mali
974 2191 1113 2256 authores
1127 2193 1208 2274 quod
1222 2193 1384 2261 excitastis,
1407 2199 1505 2254 restra
1520 2195 1601 2254 ruina

251 2301 310 2354 §.1⁰²
327 2294 410 2358 aletis
432 2295 599 2358 incendium
621 2315 655 2358 ac
677 2295 764 2356 simul
786 2295 840 2374 ipsi
856 2283 1081 2374 conflagremus.
1125 2295 1240 2356 Utinam
1262 2293 1311 2358 hio
1325 2312 1413 2356 aures
1427 2303 1541 2358 vestras
1555 2313 1601 2355 ne
1687 2321 1688 2384 3

318 2399 379 2458 scio
403 2417 459 2477 qua
481 2400 539 2460 iam
561 2397 631 2460 olim
654 2417 744 2468 eaere,
772 2415 830 2476 quo
852 2397 993 2460 bitumine
1016 2395 1188 2458 ohthtuatas
1214 2397 1263 2476 pio
1292 2395 1411 2457 hortatu
1439 2397 1601 2474 penetrem!
1687 2403 1688 2412 ’

318 2499 469 2563 tortissimi
490 2500 558 2570 riri,
587 2499 762 2562 nobilissimi
784 2500 949 2578 principeS,
977 2517 1014 2562 ne
1035 2501 1161 2562 intereat
1181 2500 1336 2584 Germania
1358 2499 1445 2560 amin
1467 2497 1533 2577 ipsa
1554 2511 1629 2558 rosto

318 2603 491 2673 Germania,
520 2618 558 2664 ne
586 2619 635 2664 res
657 2601 819 2674 Christiana
841 2601 970 2664 funditus
992 2607 1060 2663 ruat
1080 2619 1114 2662 ac
1137 2602 1165 2678 ei
1186 2617 1237 2662 ros
1258 2602 1351 2662 ruine
1373 2616 1508 2662 caussam
1530 2617 1600 2678 pre·

317 2705 415 2774 stetis,
446 2721 561 2782 quasso,
591 2703 729 2782 deponite
756 2702 920 2764 simultates
949 2703 1020 2764 istas
1046 2721 1112 2783 qum
1139 2722 1190 2764 vos
1212 2701 1331 2782 publico
1353 2700 1505 2763 involvunt
1527 2701 1601 2766 onio,

318 2805 387 2886 istas
415 2811 551 2867 coercete
578 2807 638 2865 iras
665 2822 731 2883 quae
757 2805 866 2866 luroms
894 2823 995 2867 caussa
1017 2805 1103 2885 vulgo
1130 2813 1213 2874 sunt,
1242 2803 1431 2866 ambitionem
1459 2803 1601 2864 constrin·

319 2908 377 2986 gite
399 2925 464 2987 qrrae
485 2908 515 2966 iu
539 2923 694 2970 commune
717 2905 880 2985 expatiatur
895 2906 1019 2977 malum,
1042 2908 1219 2985 compescite
1241 2902 1470 2970 intestinabella
1485 2923 1522 2967 ac
1536 2905 1602 2966 istos

250 3009 401 3071 §.naintra
424 3009 547 3087 patriam
574 3027 612 3070 ne
639 3008 707 3070 alite
736 3007 893 3072 tumultus!
927 3016 977 3069 ant
998 3009 1023 3068 si
1045 3007 1116 3070 libet
1136 3007 1247 3070 bellum
1268 3025 1374 3087 perere
1395 3015 1426 3068 et
1446 3008 1629 3087 queamus

202 3179 204 3186 ‚
319 3129 379 3170 non
401 3107 487 3179 libet,
510 3111 534 3172 si
556 3111 670 3171 animus
691 3110 792 3179 irasci,
814 3110 945 3188 litigare,
967 3109 1113 3189 proeliari,
1136 3109 1313 3172 tumultuare
1335 3116 1423 3188 atque
1437 3109 1513 3171 adeo
1528 3109 1600 3170 insa·

319 3213 382 3274 nire
404 3211 429 3272 si
451 3213 566 3272 animus
587 3213 685 3290 gestit,
710 3228 811 3276 caussa
835 3219 892 3283 est,
917 3211 1032 3274 occasio
1055 3219 1114 3282 est,
1137 3218 1170 3273 nt
1190 3211 1396 3274 honestissime
1419 3212 1551 3290 possitis,
1573 3215 1602 3270 nt

317 3319 433 3383 vestro,
456 3319 489 3374 ut
511 3315 659 3376 communi
682 3315 770 3376 totius
792 3316 907 3393 patriae,
930 3321 963 3376 ut
984 3314 1115 3376 omnium
1136 3313 1369 3377 Christianorum
1392 3313 1550 3374 commodo
1571 3309 1602 3370 il·

317 3413 376 3476 lam
398 3416 510 3476 irarum
532 3435 566 3478 ac
587 3415 765 3480 simultatum
788 3424 831 3477 tot
852 3417 910 3478 iam
932 3433 1025 3478 anuos
1047 3415 1242 3478 continentem
1264 3417 1295 3476 in
1316 3433 1368 3477 ros
1381 3399 1503 3478 ‘lernam
1525 3413 1602 3476 elua-
1687 3431 1688 3444 ¹

248 3497 377 3580 trectis:
401 3517 481 3578 loras
496 3518 573 3578 enim
597 3519 649 3578 ista
672 3535 809 3579 evomere
831 3519 976 3580 convenit.
1020 3517 1104 3590 Quod
1127 3519 1181 3580 nisi
1203 3507 1298 3580 lacitis
1320 3518 1438 3594 exjntm
1454 3535 1507 3580 vos
1521 3524 1630 3595 gras-³⁰

294 3619 400 3698 xsandi
421 3619 509 3680 linem
531 3619 643 3691 tacitis,
670 3637 730 3680 non
758 3619 832 3704 leret
858 3620 985 3699 populus
1007 3609 1171 3683 Germanus
1190 3619 1240 3698 qul
1262 3620 1305 3680 sic
1333 3618 1533 3689 imminuitur,
1562 3620 1601 3680 sic

316 3720 470 3799 affligitur,
493 3717 767 3800 sic'pessundatur;
794 3739 857 3784 non
878 3723 967 3793 leret,
995 3724 1130 3803 inquam,
1160 3721 1215 3782 sed
1234 3719 1312 3783 volet
1331 3738 1418 3782 snum
1439 3721 1601 3784 incommo-

316 3821 401 3891 dum,
424 3821 660 3902 qnandoquidem
682 3823 752 3885 hinc
774 3824 898 3904 prodiit,
921 3830 1018 3886 restro
1040 3825 1187 3886 resarcire
1208 3822 1302 3893 malo,
1325 3829 1355 3884 et
1375 3823 1466 3884 timeo
1488 3840 1527 3883 ne
1542 3840 1600 3883 ma·

248 3924 401 3989 omnmo
425 3921 511 3985 malo.
555 3924 593 4004 dt
613 3925 713 4002 tingite
735 3927 834 3986 utilius
856 3926 1057 4008 consulturam
1079 3925 1273 3988 inconstdtam
1295 3923 1429 4005 plebem,
1462 3943 1500 3986 ac
1520 3926 1601 4004 siqm

316 4026 346 4086 in
367 4043 418 4087 vos
441 4025 603 4094 coniuratio
625 4034 792 4097 moveatur,
815 4029 906 4108 siquis
927 4028 1237 4108 tumultustinsmgat
1260 4026 1323 4090 iore
1345 4025 1435 4087 ntaad
1458 4026 1628 4088 conditio-³l

314 4142 366 4188 nes
389 4125 562 4205 adigamini,
592 4128 655 4191 lore
686 4137 718 4188 ut
746 4129 880 4208 quaedam
909 4123 1085 4210 quibusdam
1112 4129 1239 4191 morbis·
1253 4125 1376 4192 moneto
1403 4136 1599 4208 apponantur,

314 4234 411 4288 tamen
433 4226 649 4292 amarulentum
672 4232 728 4292 erit
748 4229 808 4291 hoc
833 4233 1012 4304 remedium,
1043 4233 1166 4297 mordax
1179 4239 1232 4300 ,ot
1252 4229 1363 4310 doloris
1390 4229 1479 4310 plena
1508 4230 1608 4292 medi-1

315 4330 395 4390 eina:
425 4329 542 4408 quando
569 4331 659 4410 igitur
687 4349 741 4410 per
762 4339 875 4394 vosmet
894 4335 977 4412 ipsos
999 4332 1204 4396 convalescere
1226 4325 1309 4398 rolris
1331 4331 1412 4404 licet,
1443 4352 1479 4395 ac
1499 4350 1600 4395 secum

244 4455 246 4462 ·
314 4429 406 4491 habet
427 4431 550 4514 quisque
571 4431 760 4504 medicinam,
789 4441 821 4506 ut
847 4453 907 4496 non
930 4453 1005 4516 opus
1026 4437 1064 4496 sit
1085 4434 1201 4497 aliunde
1224 4453 1289 4496 cnm
1312 4433 1415 4498 dolore
1437 4441 1488 4496 ant
1509 4433 1598 4517 mole-

210 4599 213 4608 ,
315 4533 368 4606 stia
390 4533 539 4611 accipere,
567 4540 600 4594 nt
622 4533 788 4598 consultum
808 4537 845 4598 sit
866 4535 967 4608 vohis,
995 4538 1026 4598 in
1048 4535 1198 4617 publicum
1220 4535 1379 4604 consulitet
1407 4544 1441 4598 ut
1460 4553 1513 4598 vos
1535 4544 1626 4600 sex-ll

314 4651 514 4686 -T———·····
955 4688 959 4696 .

287 4735 290 4742 ·
380 4716 530 4792 ‘Maneml
549 4717 592 4772 ct.
605 4719 668 4774 niv.
679 4721 716 4772 11.
729 4719 770 4773 32.
825 4720 846 4756 ¹³
865 4722 917 4776 isto
935 4725 1021 4774 λεια
1037 4725 1168 4788 eomes.
1219 4719 1242 4755 ²⁶
1259 4710 1384 4789 proeliari
1399 4724 1424 4773 1.
1436 4724 1462 4774 4.
