3464 5526
218 426 341 486 aarum
361 449 390 485 itt
409 449 502 486 nvcutt
520 447 797 484 wtnrttttrttttttuttsutt
816 449 917 484 OllthO
936 449 981 484 111.
1001 447 1114 484 litetur.
1132 446 1158 481 Δ.
1173 439 1232 484 1517.
1318 417 1366 488 45

726 553 737 580 b

96 605 178 680 urgit,
203 600 317 665 cladem
339 603 484 674 minatur,
506 603 562 664 hoc
586 603 726 663 iudicium
746 603 915 672 contemnit.
955 601 1031 672 Quid
1054 601 1159 662 lmdius
1181 587 1238 662 dici
1261 608 1437 681 potestnn.

96 705 154 783 quid
175 704 233 765 hac
255 706 364 784 patria,
385 705 443 765 hoc
465 706 589 784 imperio
610 705 707 765 miuus
728 704 866 782 dignum?
889 703 1094 766 llecordamini
1111 721 1210 782 queso
1226 703 1297 782 quid
1315 721 1370 763 nu-

95 825 139 885 per
158 809 328 878 senseritis,
349 825 426 886 pene
449 808 536 870 etiam
558 806 761 876 decreveritis,
786 824 844 888 quo
872 805 1012 888 fremitu,¹
1032 823 1088 884 qua
1111 803 1228 884 publica
1251 822 1371 865 execra-

97 909 162 968 tione
184 908 407 978 damnaveritis:
439 915 468 970 et
493 917 594 972 contra
622 926 686 988 quae
707 909 745 967 sit
766 892 854 969 huius
876 909 970 968 iorrna
999 905 1098 966 iudicii
1121 905 1297 985 perspicite:
1322 913 1387 997 aut?

80 1025 147 1070 cnon
161 1012 201 1071 ita
221 1011 353 1072 iudicare
370 1030 421 1071 ros
442 1011 555 1082 decuit,
574 1019 624 1071 aut
641 1023 707 1071 cum
729 1009 864 1070 iudicatis
882 1009 1056 1070 sententiam
1076 1009 1233 1082 convenire
1250 1026 1371 1070 necesse

96 1123 158 1174 erat
196 1113 293 1186 Quam
315 1113 441 1174 alienum
463 1095 510 1174 'est
531 1114 609 1174 enim
628 1130 643 1172 a
660 1111 760 1181 robis,
783 1111 813 1171 id
832 1117 876 1171 est
896 1129 911 1171 a
929 1104 1102 1172 Germanica
1118 1109 1166 1170 illa
1187 1109 1368 1181 fortitudine,
1380 1132 1440 1183 nis.

97 1231 174 1292 qnam
206 1213 269 1276 lere
298 1223 327 1276 et
354 1223 522 1300 externum,
551 1214 629 1292 quod
659 1214 808 1275 senseritis
835 1230 893 1272 non
920 1213 1040 1281 ellerre,
1069 1211 1191 1272 alicuius
1213 1213 1372 1291 potentiam

96 1315 213 1378 diceudo
231 1317 277 1376 ins
298 1313 408 1387 vereri,
431 1316 553 1378 alicuius
576 1325 691 1377 terrore
712 1334 728 1376 3
750 1315 864 1375 virtutis
882 1313 978 1378 studio
995 1313 1118 1382 abduci;
1142 1313 1253 1392 dequo
1271 1333 1373 1376 ornnes

96 1407 255 1479 necessario
278 1419 320 1480 sic
342 1418 517 1486 iudicatum,
541 1424 574 1478 ut
593 1425 678 1486 crat,
695 1424 887 1496 putaverunt,
916 1433 984 1476 eum
1006 1417 1048 1476 sic
1066 1415 1186 1484 dimitti,
1213 1418 1257 1476 sic
1279 1417 1373 1495 impu·

72 1521 211 1582 acuitatem
234 1522 394 1599 consequi?
428 1519 526 1580 Nostri
547 1521 673 1581 maiores
705 1518 770 1598 (iarn
792 1519 868 1579 enim
890 1517 977 1578 altius
1000 1515 1063 1576 hec
1085 1519 1197 1599 repeto)
1226 1536 1293 1578 cum
1320 1535 1371 1579 sua
1382 1533 1440 1584 tto.
1508 1533 1513 1544 “

96 1622 243 1700 indignum
263 1621 398 1682 libertate
423 1621 601 1682 iudicassent
622 1621 823 1682 Romanorum
844 1621 940 1697 virgas
961 1637 995 1679 ac
1011 1636 1131 1680 secures
1146 1617 1222 1680 inter
1236 1619 1372 1682 Rhenum
1438 1617 1440 1624 ’

96 1731 121 1783 et
142 1722 237 1788 Albim
260 1723 407 1802 conspici,
439 1721 477 1784 ob
506 1723 593 1802 idque
621 1724 856 1803 potentissimum
881 1729 952 1783 tunc
978 1721 1155 1792 exercitum,
1190 1722 1372 1801 iniquissimo

95 1831 235 1903 tempore,
260 1825 391 1885 omnium
410 1823 512 1903 inopes
532 1825 664 1904 aggressi
680 1824 715 1885 ad
730 1825 955 1885 internitionem
969 1842 1063 1903 usque
1085 1823 1289 1893 concidissent,
1314 1825 1373 1887 cla-

95 1928 355 1988 rissimumtamen
378 1926 498 1997 ducem,
522 1927 712 2022 fortissimum
733 1928 942 2006 imperatorem
965 1927 1142 1995 Arminium,
1172 1928 1256 1987 cuius
1282 1927 1373 1989 ductu

71 2035 120 2088 raet
141 2029 280 2106 auspiciis
308 2047 372 2090 rem
401 2037 509 2090 tantam
539 2037 704 2107 gesserant,
740 2047 828 2106 quem
856 2027 999 2090 libertatis
1032 2047 1093 2090 sne
1120 2036 1372 2107 recuperatorem,

94 2132 253 2190 communis
275 2130 378 2191 salutis
397 2138 648 2212 propugnatorem
670 2129 852 2202 fatebantur,
874 2147 998 2208 reguum
1017 2131 1200 2191 affectantem
1221 2147 1279 2190 nou
1298 2131 1372 2192 tule-

95 2239 165 2292 runt.
208 2251 274 2310 quae
293 2250 359 2292 cum
382 2225 428 2292 his
448 2231 632 2312 temporibus
653 2249 741 2312 quarn
764 2252 823 2294 uon
844 2233 1030 2301 conveniant,
1043 2231 1147 2292 'videte
1165 2250 1234 2293 oro:
1257 2231 1298 2293 illi
1320 2248 1438 2298 erc-tna.

94 2341 202 2394 tentum
223 2333 332 2396 malum
353 2337 445 2394 annis
468 2335 644 2415 expiandum
667 2341 857 2414 putaverunt,
889 2352 944 2395 ‘ros
965 2342 1066 2395 natum
1088 2352 1104 2395 e
1126 2341 1223 2396 restro
1245 2353 1371 2415 corpore

94 2434 183 2496 scelus
211 2452 271 2497 non
301 2436 472 2506 cradicotis;
504 2435 547 2496 illi
574 2435 767 2497 clarissimum
796 2438 889 2496 virum
916 2447 967 2497 aut
994 2435 1132 2507 heroem,
1162 2437 1253 2499 immo
1284 2438 1372 2499 deum

67 2540 186 2615 apotius
205 2557 223 2598 a
243 2553 337 2614 reguo
362 2537 521 2601 arcendum
545 2538 706 2607 dttxerunt,
728 2557 779 2599 vos
802 2539 882 2598 omni
902 2539 1040 2616 spurcitia
1060 2541 1257 2599 contaminato
1280 2520 1372 2600 nebu·

94 2635 151 2698 loni
171 2640 207 2699 ad
228 2639 412 2718 tyrannidem
434 2641 543 2700 aditum
564 2641 733 2718 aperuistis:
757 2657 823 2720 quaa
845 2639 887 2700 illi
909 2646 968 2701 tam
990 2639 1142 2720 praeclaris
1162 2641 1252 2701 rebus
1274 2643 1371 2719 gestis,

94 2739 136 2800 his
154 2742 283 2820 acceptis
304 2740 470 2812 beneflciis,
493 2744 537 2802 sic
560 2741 595 2803 de
617 2761 650 2804 se
672 2745 778 2810 merito
801 2743 927 2820 principi
947 2742 1112 2804 concedere
1127 2741 1300 2814 uoluerunt,
1321 2761 1373 2803 vos

95 2843 118 2902 ei
139 2861 154 2902 3
176 2861 235 2922 quo
257 2843 336 2932 omni
362 2844 562 2922 turpitudine,
594 2845 675 2904 omiti
699 2825 844 2905 dedecore
871 2844 1075 2906 commaculati
1104 2847 1188 2918 estis,
1217 2845 1293 2906 ultro
1315 2847 1371 2924 ipsi
1405 2833 1410 2840 ’

95 2944 208 3005 ottenis.
241 2943 318 3014 Quid
339 2946 417 3006 enim
441 2963 499 3008 non
516 2953 674 3024 'acceptum
688 2945 772 3006 uobis
792 2945 883 3016 leret,
905 2961 1003 3023 quem,
1019 2948 1075 3008 nisi
1090 2948 1132 3008 sic
1147 2949 1247 3009 timide
1263 2955 1441 3016 tracta-tn.

65 3047 174 3117 cretis,
195 3047 311 3108 restitui
332 3065 392 3106 non
414 3035 529 3126 possen
550 3049 606 3132 qui
624 3066 677 3108 sua
693 3048 868 3110 conscientia
891 3048 1058 3120 damnatas,
1081 3059 1175 3112 vestra
1191 3051 1302 3112 desidia
1323 3053 1373 3114 ab·

94 3145 225 3218 solvitur,
253 3167 340 3227 quem
374 3156 455 3209 tanto
478 3149 594 3211 silentio
619 3151 649 3212 in
671 3150 768 3229 legum
796 3171 830 3213 ac
854 3153 926 3212 iuris
953 3152 1133 3214 munimenta
1155 3154 1270 3215 irruere
1295 3155 1374 3234 passi

94 3251 179 3310 esust
197 3247 359 3312 Praestabat
380 3259 531 3313 externam
557 3251 683 3340 aliquam
705 3254 908 3332 indignitatem
935 3254 1029 3315 serre:
1058 3261 1139 3350 certe
1166 3257 1242 3317 enim
1265 3263 1373 3335 praeter

93 3352 231 3429 pudorem
254 3352 291 3414 ad
312 3371 367 3414 nos
388 3353 459 3416 nihil
482 3357 686 3434 pertinuisset:
707 3355 764 3416 hoc
786 3355 884 3418 scelus
905 3363 935 3417 et
956 3358 1111 3434 genuimus
1131 3357 1201 3434 ipsi,
1225 3364 1254 3417 et
1273 3367 1371 3420 nostra

94 3451 188 3533 culpa,
206 3443 312 3516 nostra
332 3455 450 3518 iniamia
473 3459 502 3517 iu
525 3461 711 3520 communem
737 3459 899 3538 perniciem
922 3457 1035 3519 alimus,
1073 3457 1146 3528 Quid
1170 3465 1263 3518 restat
1283 3461 1439 3536 igiturne.

67 3557 149 3616 truisi
166 3564 198 3617 ut
220 3557 386 3620 Germanis
404 3576 459 3619 nes
479 3561 633 3638 pmniteat,
664 3578 716 3620 sua
743 3561 799 3622 iste
828 3560 963 3630 audacia,
989 3578 1043 3642 suo
1072 3559 1184 3620 scelere
1212 3561 1373 3640 triumphet

95 3658 141 3736 qui
162 3659 192 3717 in
213 3667 294 3720 tauto
317 3659 465 3738 periculo,
494 3669 556 3722 tam
574 3661 691 3737 cognito
715 3679 769 3722 suo
788 3659 947 3740 maleficio,
968 3661 1021 3750 ¹'his
1046 3661 1271 3722 fortissimorum
1296 3664 1372 3723 uiro·

95 3775 157 3819 rum
178 3759 292 3822 iudiciis
309 3760 520 3823 circumclusus
539 3781 604 3824 cum
619 3761 731 3824 nullum
751 3765 816 3825 iure
835 3765 1015 3825 aut-ratione
1030 3765 1139 3824 exitum
1159 3765 1294 3833 inveniat,
1310 3765 1371 3828 sola

97 3863 226 3938 potentiae
247 3881 309 3924 suae
331 3863 435 3924 liducia
454 3863 704 3944 religiosissimum
726 3867 783 3927 hoc
813 3863 969 3928 concilium
997 3867 1181 3945 perfringere
1205 3868 1372 3939 meditatur,

96 3961 164 4024 adeo
184 3965 278 4026 omnia
300 3968 475 4036 contemnit,
500 3967 574 4028 adeo
599 3971 729 4029 onmium
752 3967 958 4030 authoritatem
980 3967 1147 4048 despectam
1166 3969 1269 4040 habet,
1299 3970 1373 4031 adeo

68 4077 152 4124 anon
171 4085 233 4128 esse
255 4066 399 4129 bonosio
424 4069 579 4132 Germania
602 4073 679 4132 viros
700 4078 796 4149 putat,
820 4077 851 4130 ut
873 4087 989 4131 omnem
1012 4069 1102 4132 semel
1122 4073 1287 4150 equitatem
1303 4091 1373 4152 pro·

97 4163 233 4243 tligataru,
256 4187 372 4232 ornnem
394 4153 466 4232 iuris
484 4189 519 4231 ac
537 4173 711 4234 iudiciorum
732 4174 876 4234 rationem
899 4175 1055 4234 extinctam
1078 4172 1258 4235 arbitretur?
1278 4177 1441 4260 dignates.

97 4265 155 4330 bec
170 4271 285 4349 quando
304 4273 381 4349 agitl
401 4287 508 4352 nempe
527 4283 670 4335 conventu
690 4274 746 4335 hoc
762 4272 970 4344 celeberrimo,
994 4275 1161 4353 inqttirente
1175 4275 1372 4340 Maximiliano

98 4367 219 4442 lasere,
242 4390 329 4451 quem
350 4371 470 4452 publico
491 4376 619 4454 primum
641 4376 800 4448 maleticio,
823 4379 934 4456 privata
958 4376 1063 4439 deinde
1085 4377 1259 4441 contumelia
1281 4379 1371 4443 olien-

1474 2119 1481 2154 l

160 4589 322 4658 'Germana
340 4611 408 4646 coar.
425 4601 453 4647 n.
487 4594 614 4648 'efferre
633 4591 724 4651 oberres.
742 4598 790 4648 sed
805 4601 925 4663 scriptum
940 4599 1022 4664 licerit
1041 4599 1128 4651 effari.
1164 4601 1337 4655 ⁸.Alicuius
1347 4605 1371 4652 1.

99 4671 283 4729 iliciana.
338 4677 359 4712 ¹³
376 4680 503 4732 interula.
516 4687 541 4732 2.
595 4681 865 4736 ¹³¹¹⁴.Clar.omnea.
919 4683 939 4716 ¹⁵
958 4691 985 4735 ot
1002 4701 1070 4760 corr.
1084 4692 1113 4736 Η.
1134 4701 1166 4736 ac
1181 4689 1204 4736 1.
1252 4685 1372 4736 ¹'immo

99 4755 176 4808 deum
191 4761 308 4816 deleuit
362 4762 385 4798 ³¹
403 4766 589 4818 attenuatum
602 4769 626 4818 1.
638 4769 686 4819 aed
702 4783 771 4820 eom.
783 4773 812 4817 11.
854 4766 874 4800 ⁸*
893 4769 915 4819 iia
933 4768 1042 4836 priiata
1056 4773 1078 4820 1.
1096 4773 1145 4822 aed
1159 4775 1188 4820 n.
1202 4773 1292 4822 deiecit
1312 4777 1339 4821 et
